[
    {
        "category": "bakery",
        "href": "https://www.woolworths.com.au/shop/productdetails/510930/woolworths-indulgent-chocolate-cake",
        "imgName": "510930.jpg",
        "imgSrc": "https://cdn0.woolworths.media/content/wowproductimages/medium/510930.jpg",
        "name": "Woolworths Indulgent Chocolate Cake 400g",
        "price": 7,
        "unitPrice": "$1.75 / 100G"
    },
    {
        "category": "bakery",
        "href": "https://www.woolworths.com.au/shop/productdetails/620128/la-fournee-doree-choclate-marble-brioche",
        "imgName": "620128.jpg",
        "imgSrc": "https://cdn0.woolworths.media/content/wowproductimages/medium/620128.jpg",
        "name": "La Fournee Doree Choclate Marble Brioche 400g",
        "price": 6.99,
        "unitPrice": "$1.75 / 100G"
    },
    {
        "category": "bakery",
        "href": "https://www.woolworths.com.au/shop/productdetails/33140/golden-pancakes",
        "imgName": "033140.jpg",
        "imgSrc": "https://cdn0.woolworths.media/content/wowproductimages/medium/033140.jpg",
        "name": "Golden Pancakes  6pk 360g",
        "price": 4.99,
        "unitPrice": "$1.39 / 100G"
    },
    {
        "category": "bakery",
        "href": "https://www.woolworths.com.au/shop/productdetails/312399/lawsons-traditional-stone-mill-wholemeal-bread",
        "imgName": "312399.jpg",
        "imgSrc": "https://cdn0.woolworths.media/content/wowproductimages/medium/312399.jpg",
        "name": "Lawsons Traditional Stone Mill Wholemeal Bread 800g",
        "price": 5.78,
        "unitPrice": "$0.72 / 100G"
    },
    {
        "category": "bakery",
        "href": "https://www.woolworths.com.au/shop/productdetails/336375/tip-top-sunblest-white-mini-loaf",
        "imgName": "336375.jpg",
        "imgSrc": "https://cdn0.woolworths.media/content/wowproductimages/medium/336375.jpg",
        "name": "Tip Top Sunblest White Mini Loaf 400g",
        "price": 2.5,
        "unitPrice": "$0.63 / 100G"
    },
    {
        "category": "bakery",
        "href": "https://www.woolworths.com.au/shop/productdetails/202570/woolworths-bread-rolls-crusty-jumbo-long",
        "imgName": "202570.jpg",
        "imgSrc": "https://cdn0.woolworths.media/content/wowproductimages/medium/202570.jpg",
        "name": "Woolworths Bread Rolls Crusty Jumbo Long 6pk",
        "price": 3.5,
        "unitPrice": "$0.58 / 1EA"
    },
    {
        "category": "bakery",
        "href": "https://www.woolworths.com.au/shop/productdetails/620411/woolworths-mini-cookies-caramel-apple-pie",
        "imgName": "620411.jpg",
        "imgSrc": "https://cdn0.woolworths.media/content/wowproductimages/medium/620411.jpg",
        "name": "Woolworths Mini Cookies Caramel & Apple Pie 20pk",
        "price": 4,
        "unitPrice": "$0.20 / 1EA"
    },
    {
        "category": "bakery",
        "href": "https://www.woolworths.com.au/shop/productdetails/620412/woolworths-mini-cookies-dark-choc-sea-salt",
        "imgName": "620412.jpg",
        "imgSrc": "https://cdn0.woolworths.media/content/wowproductimages/medium/620412.jpg",
        "name": "Woolworths Mini Cookies Dark Choc & Sea Salt 20pk",
        "price": 4,
        "unitPrice": "$0.20 / 1EA"
    },
    {
        "category": "bakery",
        "href": "https://www.woolworths.com.au/shop/productdetails/620695/woolworths-mini-donut-chocolate-hazelnut",
        "imgName": "620695.jpg",
        "imgSrc": "https://cdn0.woolworths.media/content/wowproductimages/medium/620695.jpg",
        "name": "Woolworths Mini Donut Chocolate Hazelnut 3pk",
        "price": 1.5,
        "unitPrice": "$0.50 / 1EA"
    },
    {
        "category": "bakery",
        "href": "https://www.woolworths.com.au/shop/productdetails/341306/bazaar-pizza-bases-wholemeal",
        "imgName": "341306.jpg",
        "imgSrc": "https://cdn0.woolworths.media/content/wowproductimages/medium/341306.jpg",
        "name": "Bazaar Pizza Bases Wholemeal 2pk",
        "price": 5.99,
        "unitPrice": "$3.00 / 1EA"
    },
    {
        "category": "bakery",
        "href": "https://www.woolworths.com.au/shop/productdetails/360335/woolworths-mini-cinnamon-donut",
        "imgName": "360335.jpg",
        "imgSrc": "https://cdn0.woolworths.media/content/wowproductimages/medium/360335.jpg",
        "name": "Woolworths Mini Cinnamon Donut 8pk",
        "price": 2,
        "unitPrice": "$0.25 / 1EA"
    },
    {
        "category": "bakery",
        "href": "https://www.woolworths.com.au/shop/productdetails/262643/woolworths-bread-rolls-extra-soft-jumbo-hotdog",
        "imgName": "262643.jpg",
        "imgSrc": "https://cdn0.woolworths.media/content/wowproductimages/medium/262643.jpg",
        "name": "Woolworths Bread Rolls Extra Soft Jumbo Hotdog 6pk",
        "price": 3.5,
        "unitPrice": "$0.58 / 1EA"
    },
    {
        "category": "bakery",
        "href": "https://www.woolworths.com.au/shop/productdetails/544321/blueberry-tea-cake",
        "imgName": "544321.jpg",
        "imgSrc": "https://cdn0.woolworths.media/content/wowproductimages/medium/544321.jpg",
        "name": "Blueberry Tea Cake  each",
        "price": 4.5,
        "unitPrice": "$4.50 / 1EA"
    },
    {
        "category": "bakery",
        "href": "https://www.woolworths.com.au/shop/productdetails/158338/bazaar-lebanese-bread-white",
        "imgName": "158338.jpg",
        "imgSrc": "https://cdn0.woolworths.media/content/wowproductimages/medium/158338.jpg",
        "name": "Bazaar Lebanese Bread White 6pk",
        "price": 4,
        "unitPrice": "$0.67 / 1EA"
    },
    {
        "category": "bakery",
        "href": "https://www.woolworths.com.au/shop/productdetails/253308/woolworths-bread-rolls-four-seed-jumbo-lunch",
        "imgName": "253308.jpg",
        "imgSrc": "https://cdn0.woolworths.media/content/wowproductimages/medium/253308.jpg",
        "name": "Woolworths Bread Rolls Four Seed Jumbo Lunch 6pk",
        "price": 3.5,
        "unitPrice": "$0.58 / 1EA"
    },
    {
        "category": "bakery",
        "href": "https://www.woolworths.com.au/shop/productdetails/7413/golden-crumpets-breaks",
        "imgName": "007413.jpg",
        "imgSrc": "https://cdn0.woolworths.media/content/wowproductimages/medium/007413.jpg",
        "name": "Golden Crumpets Breaks 6pk 425g",
        "price": 3.99,
        "unitPrice": "$0.67 / 1EA"
    },
    {
        "category": "bakery",
        "href": "https://www.woolworths.com.au/shop/productdetails/524375/artisan-sourdough-bakers-green-olive-sourdough",
        "imgName": "524375.jpg",
        "imgSrc": "https://cdn0.woolworths.media/content/wowproductimages/medium/524375.jpg",
        "name": "Artisan Sourdough Bakers Green Olive Sourdough 630g",
        "price": 6,
        "unitPrice": "$0.95 / 100G"
    },
    {
        "category": "bakery",
        "href": "https://www.woolworths.com.au/shop/productdetails/581281/woolworths-wholemeal-sandwich-hi-fibre-bread",
        "imgName": "581281.jpg",
        "imgSrc": "https://cdn0.woolworths.media/content/wowproductimages/medium/581281.jpg",
        "name": "Woolworths Wholemeal Sandwich Hi-fibre Bread 700g",
        "price": 2,
        "unitPrice": "$0.29 / 100G"
    },
    {
        "category": "bakery",
        "href": "https://www.woolworths.com.au/shop/productdetails/523679/artisan-sourdough-bakers-white-semolina-sourdough",
        "imgName": "523679.jpg",
        "imgSrc": "https://cdn0.woolworths.media/content/wowproductimages/medium/523679.jpg",
        "name": "Artisan Sourdough Bakers White Semolina Sourdough 630g",
        "price": 6,
        "unitPrice": "$0.95 / 100G"
    },
    {
        "category": "bakery",
        "href": "https://www.woolworths.com.au/shop/productdetails/620355/woolworths-mini-cookies-with-cherry-ripe",
        "imgName": "620355.jpg",
        "imgSrc": "https://cdn0.woolworths.media/content/wowproductimages/medium/620355.jpg",
        "name": "Woolworths Mini Cookies With Cherry Ripe 20pk",
        "price": 4,
        "unitPrice": "$0.20 / 1EA"
    },
    {
        "category": "bakery",
        "href": "https://www.woolworths.com.au/shop/productdetails/298058/lawsons-traditional-grain-bread-settlers-blend",
        "imgName": "298058.jpg",
        "imgSrc": "https://cdn0.woolworths.media/content/wowproductimages/medium/298058.jpg",
        "name": "Lawsons Traditional Grain Bread Settlers Blend 800g",
        "price": 5.78,
        "unitPrice": "$0.72 / 100G"
    },
    {
        "category": "bakery",
        "href": "https://www.woolworths.com.au/shop/productdetails/634918/woolworths-white-wrap",
        "imgName": "634918.jpg",
        "imgSrc": "https://cdn0.woolworths.media/content/wowproductimages/medium/634918.jpg",
        "name": "Woolworths White Wrap  8pk",
        "price": 2,
        "unitPrice": "$0.56 / 100G"
    },
    {
        "category": "bakery",
        "href": "https://www.woolworths.com.au/shop/productdetails/860517/woolworths-pink-iced-donut-ring",
        "imgName": "860517.jpg",
        "imgSrc": "https://cdn0.woolworths.media/content/wowproductimages/medium/860517.jpg",
        "name": "Woolworths Pink Iced Donut Ring 4pk",
        "price": 5,
        "unitPrice": "$1.25 / 1EA"
    },
    {
        "category": "bakery",
        "href": "https://www.woolworths.com.au/shop/productdetails/757964/woolworths-loaf-four-seed-farmhouse",
        "imgName": "757964.jpg",
        "imgSrc": "https://cdn0.woolworths.media/content/wowproductimages/medium/757964.jpg",
        "name": "Woolworths Loaf Four Seed Farmhouse 720g",
        "price": 3.79,
        "unitPrice": "$0.53 / 100G"
    },
    {
        "category": "bakery",
        "href": "https://www.woolworths.com.au/shop/productdetails/157108/iced-finger-bun-extra-soft",
        "imgName": "157108.jpg",
        "imgSrc": "https://cdn0.woolworths.media/content/wowproductimages/medium/157108.jpg",
        "name": "Iced Finger Bun Extra Soft 4pk",
        "price": 4,
        "unitPrice": "$1.00 / 1EA"
    },
    {
        "category": "bakery",
        "href": "https://www.woolworths.com.au/shop/productdetails/185739/woolworths-cookies-jam-drop",
        "imgName": "185739.jpg",
        "imgSrc": "https://cdn0.woolworths.media/content/wowproductimages/medium/185739.jpg",
        "name": "Woolworths Cookies Jam Drop 14pk 250g",
        "price": 3,
        "unitPrice": "$0.21 / 1EA"
    },
    {
        "category": "bakery",
        "href": "https://www.woolworths.com.au/shop/productdetails/180507/woolworths-cookies-rock-cakes",
        "imgName": "180507.jpg",
        "imgSrc": "https://cdn0.woolworths.media/content/wowproductimages/medium/180507.jpg",
        "name": "Woolworths Cookies Rock Cakes 6pk",
        "price": 3.95,
        "unitPrice": "$0.66 / 1EA"
    },
    {
        "category": "bakery",
        "href": "https://www.woolworths.com.au/shop/productdetails/755368/woolworths-cookies-shortbread-mini-choc-chip",
        "imgName": "755368.jpg",
        "imgSrc": "https://cdn0.woolworths.media/content/wowproductimages/medium/755368.jpg",
        "name": "Woolworths Cookies Shortbread Mini Choc Chip 12pk 156g",
        "price": 3,
        "unitPrice": "$0.25 / 1EA"
    },
    {
        "category": "bakery",
        "href": "https://www.woolworths.com.au/shop/productdetails/650684/nana-traditional-lebanese-bread-wholemeal",
        "imgName": "650684.jpg",
        "imgSrc": "https://cdn0.woolworths.media/content/wowproductimages/medium/650684.jpg",
        "name": "Nana Traditional Lebanese Bread Wholemeal 350g",
        "price": 1.5,
        "unitPrice": "$0.43 / 100G"
    },
    {
        "category": "bakery",
        "href": "https://www.woolworths.com.au/shop/productdetails/140574/homebrand-white-sandwich-slice-bread",
        "imgName": "140574.jpg",
        "imgSrc": "https://cdn0.woolworths.media/content/wowproductimages/medium/140574.jpg",
        "name": "Homebrand White Sandwich Slice Bread 650g",
        "price": 1,
        "unitPrice": "$0.15 / 100G"
    },
    {
        "category": "bakery",
        "href": "https://www.woolworths.com.au/shop/productdetails/727325/balconi-choco-orange-cake",
        "imgName": "727325.jpg",
        "imgSrc": "https://cdn0.woolworths.media/content/wowproductimages/medium/727325.jpg",
        "name": "Balconi Choco Orange Cake  350g",
        "price": 5.5,
        "unitPrice": "$1.57 / 100G"
    },
    {
        "category": "bakery",
        "href": "https://www.woolworths.com.au/shop/productdetails/363945/woolworths-sourdough-loaf-kalamata-olive",
        "imgName": "363945.jpg",
        "imgSrc": "https://cdn0.woolworths.media/content/wowproductimages/medium/363945.jpg",
        "name": "Woolworths Sourdough Loaf Kalamata Olive 520g",
        "price": 5.5,
        "unitPrice": "$1.06 / 100G"
    },
    {
        "category": "bakery",
        "href": "https://www.woolworths.com.au/shop/productdetails/455804/sourdough-loaf-jalapeno",
        "imgName": "455804.jpg",
        "imgSrc": "https://cdn0.woolworths.media/content/wowproductimages/medium/455804.jpg",
        "name": "Sourdough Loaf Jalapeno 530g",
        "price": 5.5
    },
    {
        "category": "bakery",
        "href": "https://www.woolworths.com.au/shop/productdetails/545624/weight-watchers-cake-jaffa-mini-rolls",
        "imgName": "545624.jpg",
        "imgSrc": "https://cdn0.woolworths.media/content/wowproductimages/medium/545624.jpg",
        "name": "Weight Watchers Cake Jaffa Mini Rolls 105g",
        "price": 5,
        "unitPrice": "$4.76 / 100G"
    },
    {
        "category": "bakery",
        "href": "https://www.woolworths.com.au/shop/productdetails/727005/panealba-twist-le-sfogliete-dorate",
        "imgName": "727005.jpg",
        "imgSrc": "https://cdn0.woolworths.media/content/wowproductimages/medium/727005.jpg",
        "name": "Panealba Twist Le Sfogliete Dorate 225g",
        "price": 3.5,
        "unitPrice": "$1.56 / 100G"
    },
    {
        "category": "bakery",
        "href": "https://www.woolworths.com.au/shop/productdetails/445843/purebred-lemon-muffins-gluten-free",
        "imgName": "445843.jpg",
        "imgSrc": "https://cdn0.woolworths.media/content/wowproductimages/medium/445843.jpg",
        "name": "Purebred Lemon Muffins Gluten Free 320g",
        "price": 5.5,
        "unitPrice": "$2.75 / 1EA"
    },
    {
        "category": "bakery",
        "href": "https://www.woolworths.com.au/shop/productdetails/510739/woolworths-salted-caramel-cake",
        "imgName": "510739.jpg",
        "imgSrc": "https://cdn0.woolworths.media/content/wowproductimages/medium/510739.jpg",
        "name": "Woolworths Salted Caramel Cake 400g",
        "price": 7,
        "unitPrice": "$1.75 / 100G"
    },
    {
        "category": "bakery",
        "href": "https://www.woolworths.com.au/shop/productdetails/535677/abbotts-village-bakery-gluten-free-mixed-seeds",
        "imgName": "535677.jpg",
        "imgSrc": "https://cdn0.woolworths.media/content/wowproductimages/medium/535677.jpg",
        "name": "Abbotts Village Bakery Gluten Free Mixed Seeds 500g",
        "price": 6.99,
        "unitPrice": "$1.40 / 100G"
    },
    {
        "category": "bakery",
        "href": "https://www.woolworths.com.au/shop/productdetails/659136/mission-wraps-soft-fluffy",
        "imgName": "659136.jpg",
        "imgSrc": "https://cdn0.woolworths.media/content/wowproductimages/medium/659136.jpg",
        "name": "Mission Wraps Soft & Fluffy 450g 12 pk",
        "price": 4,
        "unitPrice": "$0.89 / 100G"
    },
    {
        "category": "bakery",
        "href": "https://www.woolworths.com.au/shop/productdetails/227489/woolworths-cheese-cake-slice-vanilla-flavour",
        "imgName": "227489.jpg",
        "imgSrc": "https://cdn0.woolworths.media/content/wowproductimages/medium/227489.jpg",
        "name": "Woolworths Cheese Cake Slice Vanilla Flavour 100g",
        "price": 2.99,
        "unitPrice": "$2.99 / 100G"
    },
    {
        "category": "bakery",
        "href": "https://www.woolworths.com.au/shop/productdetails/320197/mission-wraps-spinach-herb",
        "imgName": "320197.jpg",
        "imgSrc": "https://cdn0.woolworths.media/content/wowproductimages/medium/320197.jpg",
        "name": "Mission Wraps Spinach & Herb 8pk 567g",
        "price": 4.99,
        "unitPrice": "$0.88 / 100G"
    },
    {
        "category": "bakery",
        "href": "https://www.woolworths.com.au/shop/productdetails/445840/purebred-chocolate-cake-gluten-free",
        "imgName": "445840.jpg",
        "imgSrc": "https://cdn0.woolworths.media/content/wowproductimages/medium/445840.jpg",
        "name": "Purebred Chocolate Cake Gluten Free 320g",
        "price": 6.5,
        "unitPrice": "$2.03 / 100G"
    },
    {
        "category": "bakery",
        "href": "https://www.woolworths.com.au/shop/productdetails/477600/ha-slow-cooked-pies-chicken-leek-camembert",
        "imgName": "477600.jpg",
        "imgSrc": "https://cdn0.woolworths.media/content/wowproductimages/medium/477600.jpg",
        "name": "Ha Slow Cooked Pies Chicken Leek & Camembert 210g",
        "price": 3.99,
        "unitPrice": "$1.90 / 100G"
    },
    {
        "category": "bakery",
        "href": "https://www.woolworths.com.au/shop/productdetails/658779/mission-wraps-low-carb",
        "imgName": "658779.jpg",
        "imgSrc": "https://cdn0.woolworths.media/content/wowproductimages/medium/658779.jpg",
        "name": "Mission Wraps Low Carb 288g 6pk",
        "price": 4.99,
        "unitPrice": "$1.73 / 100G"
    },
    {
        "category": "bakery",
        "href": "https://www.woolworths.com.au/shop/productdetails/620492/la-fournee-doree-french-mini-chinois-with-pastry-cream",
        "imgName": "620492.jpg",
        "imgSrc": "https://cdn0.woolworths.media/content/wowproductimages/medium/620492.jpg",
        "name": "La Fournee Doree French Mini Chinois With Pastry Cream 300g",
        "price": 4.99,
        "unitPrice": "$1.66 / 100G"
    },
    {
        "category": "bakery",
        "href": "https://www.woolworths.com.au/shop/productdetails/757996/purebred-bread-rolls-seeded-wholegrain-sandwich",
        "imgName": "757996.jpg",
        "imgSrc": "https://cdn0.woolworths.media/content/wowproductimages/medium/757996.jpg",
        "name": "Purebred Bread Rolls Seeded Wholegrain Sandwich 3 pack",
        "price": 5.75,
        "unitPrice": "$1.92 / 1EA"
    },
    {
        "category": "bakery",
        "href": "https://www.woolworths.com.au/shop/productdetails/709008/toscano-chocolate-chip-brioche-rolls",
        "imgName": "709008.jpg",
        "imgSrc": "https://cdn0.woolworths.media/content/wowproductimages/medium/709008.jpg",
        "name": "Toscano Chocolate Chip Brioche Rolls 280g",
        "price": 4.98,
        "unitPrice": "$1.78 / 100G"
    },
    {
        "category": "bakery",
        "href": "https://www.woolworths.com.au/shop/productdetails/829802/mission-quinoa-wraps",
        "imgName": "829802.jpg",
        "imgSrc": "https://cdn0.woolworths.media/content/wowproductimages/medium/829802.jpg",
        "name": "Mission Quinoa Wraps 384g",
        "price": 4.89,
        "unitPrice": "$1.27 / 100G"
    },
    {
        "category": "bakery",
        "href": "https://www.woolworths.com.au/shop/productdetails/942039/la-fournee-doree-sliced-french-brioche",
        "imgName": "942039.jpg",
        "imgSrc": "https://cdn0.woolworths.media/content/wowproductimages/medium/942039.jpg",
        "name": "La Fournee Doree Sliced French Brioche  500g",
        "price": 6.99,
        "unitPrice": "$1.40 / 100G"
    },
    {
        "category": "bakery",
        "href": "https://www.woolworths.com.au/shop/productdetails/827400/toscano-gluten-free-pizza-base",
        "imgName": "827400.jpg",
        "imgSrc": "https://cdn0.woolworths.media/content/wowproductimages/medium/827400.jpg",
        "name": "Toscano Gluten Free Pizza Base  180g",
        "price": 6.49,
        "unitPrice": "$3.61 / 100G"
    },
    {
        "category": "bakery",
        "href": "https://www.woolworths.com.au/shop/productdetails/510738/woolworths-red-velvet-cake",
        "imgName": "510738.jpg",
        "imgSrc": "https://cdn0.woolworths.media/content/wowproductimages/medium/510738.jpg",
        "name": "Woolworths Red Velvet Cake 400g",
        "price": 7,
        "unitPrice": "$1.75 / 100G"
    },
    {
        "category": "bakery",
        "href": "https://www.woolworths.com.au/shop/productdetails/829801/mission-chia-wrap",
        "imgName": "829801.jpg",
        "imgSrc": "https://cdn0.woolworths.media/content/wowproductimages/medium/829801.jpg",
        "name": "Mission Chia Wrap 384g",
        "price": 4.89,
        "unitPrice": "$1.27 / 100G"
    },
    {
        "category": "bakery",
        "href": "https://www.woolworths.com.au/shop/productdetails/510736/woolworths-classic-sponge-cake",
        "imgName": "510736.jpg",
        "imgSrc": "https://cdn0.woolworths.media/content/wowproductimages/medium/510736.jpg",
        "name": "Woolworths Classic Sponge Cake 350g",
        "price": 3.5,
        "unitPrice": "$1.00 / 100G"
    },
    {
        "category": "bakery",
        "href": "https://www.woolworths.com.au/shop/productdetails/626853/cadbury-caramel-cake-bar",
        "imgName": "626853.jpg",
        "imgSrc": "https://cdn0.woolworths.media/content/wowproductimages/medium/626853.jpg",
        "name": "Cadbury Caramel Cake Bar 10pk",
        "price": 6,
        "unitPrice": "$0.60 / 1EA"
    },
    {
        "category": "bakery",
        "href": "https://www.woolworths.com.au/shop/productdetails/513498/mr-kipling-lemon-snack-pack",
        "imgName": "513498.jpg",
        "imgSrc": "https://cdn0.woolworths.media/content/wowproductimages/medium/513498.jpg",
        "name": "Mr Kipling Lemon Snack Pack  9pk",
        "price": 5,
        "unitPrice": "$0.56 / 1EA"
    },
    {
        "category": "bakery",
        "href": "https://www.woolworths.com.au/shop/productdetails/513491/mr-kipling-chocolate-snack-pack",
        "imgName": "513491.jpg",
        "imgSrc": "https://cdn0.woolworths.media/content/wowproductimages/medium/513491.jpg",
        "name": "Mr Kipling Chocolate Snack Pack  9pk",
        "price": 5,
        "unitPrice": "$0.56 / 1EA"
    },
    {
        "category": "bakery",
        "href": "https://www.woolworths.com.au/shop/productdetails/513534/mr-kipling-tiger-snack-pack",
        "imgName": "513534.jpg",
        "imgSrc": "https://cdn0.woolworths.media/content/wowproductimages/medium/513534.jpg",
        "name": "Mr Kipling Tiger Snack Pack  9pk",
        "price": 5,
        "unitPrice": "$0.56 / 1EA"
    },
    {
        "category": "bakery",
        "href": "https://www.woolworths.com.au/shop/productdetails/13044/mighty-soft-bread-rolls-hamburger-buns",
        "imgName": "013044.jpg",
        "imgSrc": "https://cdn0.woolworths.media/content/wowproductimages/medium/013044.jpg",
        "name": "Mighty Soft Bread Rolls Hamburger Buns 6pk",
        "price": 3,
        "unitPrice": "$0.50 / 1EA"
    },
    {
        "category": "bakery",
        "href": "https://www.woolworths.com.au/shop/productdetails/158339/bazaar-lebanese-bread-wholemeal",
        "imgName": "158339.jpg",
        "imgSrc": "https://cdn0.woolworths.media/content/wowproductimages/medium/158339.jpg",
        "name": "Bazaar Lebanese Bread Wholemeal 6pk",
        "price": 4,
        "unitPrice": "$0.67 / 1EA"
    },
    {
        "category": "bakery",
        "href": "https://www.woolworths.com.au/shop/productdetails/229873/sauers-bread-rolls-turkish",
        "imgName": "229873.jpg",
        "imgSrc": "https://cdn0.woolworths.media/content/wowproductimages/medium/229873.jpg",
        "name": "Sauers Bread Rolls Turkish 2pk",
        "price": 2.99,
        "unitPrice": "$1.50 / 1EA"
    },
    {
        "category": "bakery",
        "href": "https://www.woolworths.com.au/shop/productdetails/16436/rye-mountain-bread",
        "imgName": "016436.jpg",
        "imgSrc": "https://cdn0.woolworths.media/content/wowproductimages/medium/016436.jpg",
        "name": "Rye Mountain Bread  200g",
        "price": 3.99,
        "unitPrice": "$2.00 / 100G"
    },
    {
        "category": "bakery",
        "href": "https://www.woolworths.com.au/shop/productdetails/522356/woolworths-bread-sourdough-cobb",
        "imgName": "522356.jpg",
        "imgSrc": "https://cdn0.woolworths.media/content/wowproductimages/medium/522356.jpg",
        "name": "Woolworths Bread Sourdough Cobb 460g",
        "price": 3.5,
        "unitPrice": "$0.78 / 100G"
    },
    {
        "category": "bakery",
        "href": "https://www.woolworths.com.au/shop/productdetails/522355/woolworths-sourdough-baguette",
        "imgName": "522355.jpg",
        "imgSrc": "https://cdn0.woolworths.media/content/wowproductimages/medium/522355.jpg",
        "name": "Woolworths Sourdough Baguette 340g",
        "price": 2.5,
        "unitPrice": "$0.74 / 100G"
    },
    {
        "category": "bakery",
        "href": "https://www.woolworths.com.au/shop/productdetails/544326/chocolate-block-cake",
        "imgName": "544326.jpg",
        "imgSrc": "https://cdn0.woolworths.media/content/wowproductimages/medium/544326.jpg",
        "name": "Chocolate Block Cake  each",
        "price": 4.5,
        "unitPrice": "$4.50 / 1EA"
    },
    {
        "category": "bakery",
        "href": "https://www.woolworths.com.au/shop/productdetails/738353/country-life-gluten-free-bread-white",
        "imgName": "738353.jpg",
        "imgSrc": "https://cdn0.woolworths.media/content/wowproductimages/medium/738353.jpg",
        "name": "Country Life Gluten Free Bread White 520g",
        "price": 6.69,
        "unitPrice": "$1.29 / 100G"
    },
    {
        "category": "bakery",
        "href": "https://www.woolworths.com.au/shop/productdetails/632134/helga-s-cafe-thick-cut-white-bread",
        "imgName": "632134.jpg",
        "imgSrc": "https://cdn0.woolworths.media/content/wowproductimages/medium/632134.jpg",
        "name": "Helga's Cafe Thick Cut White Bread 750g",
        "price": 3.5,
        "unitPrice": "$0.47 / 100G"
    },
    {
        "category": "bakery",
        "href": "https://www.woolworths.com.au/shop/productdetails/26162/mighty-soft-bread-rolls-hot-dog",
        "imgName": "026162.jpg",
        "imgSrc": "https://cdn0.woolworths.media/content/wowproductimages/medium/026162.jpg",
        "name": "Mighty Soft Bread Rolls Hot Dog 6pk",
        "price": 3,
        "unitPrice": "$0.50 / 1EA"
    },
    {
        "category": "bakery",
        "href": "https://www.woolworths.com.au/shop/productdetails/582464/seeds-grains-pane-di-casa",
        "imgName": "582464.jpg",
        "imgSrc": "https://cdn0.woolworths.media/content/wowproductimages/medium/582464.jpg",
        "name": "Seeds & Grains Pane Di Casa  540g",
        "price": 3,
        "unitPrice": "$3.00 / 1EA"
    },
    {
        "category": "bakery",
        "href": "https://www.woolworths.com.au/shop/productdetails/581178/woolworths-multigrain-soft-sandwich-bread",
        "imgName": "581178.jpg",
        "imgSrc": "https://cdn0.woolworths.media/content/wowproductimages/medium/581178.jpg",
        "name": "Woolworths Multigrain Soft Sandwich Bread 650g",
        "price": 1.5,
        "unitPrice": "$0.23 / 100G"
    },
    {
        "category": "bakery",
        "href": "https://www.woolworths.com.au/shop/productdetails/772950/helga-s-gluten-free-bread-soy-linseed",
        "imgName": "772950.jpg",
        "imgSrc": "https://cdn0.woolworths.media/content/wowproductimages/medium/772950.jpg",
        "name": "Helga's Gluten Free Bread Soy & Linseed 580g",
        "price": 6.99,
        "unitPrice": "$1.21 / 100G"
    },
    {
        "category": "bakery",
        "href": "https://www.woolworths.com.au/shop/productdetails/580987/woolworths-caramel-filled-shortbread",
        "imgName": "580987.jpg",
        "imgSrc": "https://cdn0.woolworths.media/content/wowproductimages/medium/580987.jpg",
        "name": "Woolworths Caramel Filled Shortbread 6pk",
        "price": 2.5,
        "unitPrice": "$0.42 / 1EA"
    },
    {
        "category": "bakery",
        "href": "https://www.woolworths.com.au/shop/productdetails/581280/woolworths-white-soft-hi-fibre-bread",
        "imgName": "581280.jpg",
        "imgSrc": "https://cdn0.woolworths.media/content/wowproductimages/medium/581280.jpg",
        "name": "Woolworths White Soft Hi-fibre Bread 700g",
        "price": 2,
        "unitPrice": "$0.29 / 100G"
    },
    {
        "category": "bakery",
        "href": "https://www.woolworths.com.au/shop/productdetails/784075/helga-s-lower-carb-bread-5-seeds",
        "imgName": "784075.jpg",
        "imgSrc": "https://cdn0.woolworths.media/content/wowproductimages/medium/784075.jpg",
        "name": "Helga's Lower Carb Bread 5 Seeds 700g",
        "price": 5.4,
        "unitPrice": "$0.77 / 100G"
    },
    {
        "category": "bakery",
        "href": "https://www.woolworths.com.au/shop/productdetails/738682/helga-s-wraps-mixed-grain",
        "imgName": "738682.jpg",
        "imgSrc": "https://cdn0.woolworths.media/content/wowproductimages/medium/738682.jpg",
        "name": "Helga's Wraps Mixed Grain 560g 8pk",
        "price": 4.99,
        "unitPrice": "$0.89 / 100G"
    },
    {
        "category": "bakery",
        "href": "https://www.woolworths.com.au/shop/productdetails/738691/helga-s-wraps-traditional-white",
        "imgName": "738691.jpg",
        "imgSrc": "https://cdn0.woolworths.media/content/wowproductimages/medium/738691.jpg",
        "name": "Helga's Wraps Traditional White 560g 8pk",
        "price": 4.99,
        "unitPrice": "$0.89 / 100G"
    },
    {
        "category": "bakery",
        "href": "https://www.woolworths.com.au/shop/productdetails/880049/woolworths-individual-choc-banana-bread",
        "imgName": "880049.jpg",
        "imgSrc": "https://cdn0.woolworths.media/content/wowproductimages/medium/880049.jpg",
        "name": "Woolworths Individual Choc Banana Bread 100g",
        "price": 1.6,
        "unitPrice": "$1.60 / 100G"
    },
    {
        "category": "bakery",
        "href": "https://www.woolworths.com.au/shop/productdetails/408570/essentials-fruit-toast",
        "imgName": "408570.jpg",
        "imgSrc": "https://cdn0.woolworths.media/content/wowproductimages/medium/408570.jpg",
        "name": "Essentials Fruit Toast  560g",
        "price": 2,
        "unitPrice": "$0.36 / 100G"
    },
    {
        "category": "bakery",
        "href": "https://www.woolworths.com.au/shop/productdetails/211843/woolworths-cookies-coconut-drops",
        "imgName": "211843.jpg",
        "imgSrc": "https://cdn0.woolworths.media/content/wowproductimages/medium/211843.jpg",
        "name": "Woolworths Cookies Coconut Drops 12pk 325g",
        "price": 3,
        "unitPrice": "$0.25 / 1EA"
    },
    {
        "category": "bakery",
        "href": "https://www.woolworths.com.au/shop/productdetails/650689/nana-premium-lebanese-bread-wholemeal",
        "imgName": "650689.jpg",
        "imgSrc": "https://cdn0.woolworths.media/content/wowproductimages/medium/650689.jpg",
        "name": "Nana Premium Lebanese Bread Wholemeal 500g",
        "price": 3.5,
        "unitPrice": "$0.70 / 100G"
    },
    {
        "category": "bakery",
        "href": "https://www.woolworths.com.au/shop/productdetails/762534/golden-muffin-bites-choc-fudge-brownie",
        "imgName": "762534.jpg",
        "imgSrc": "https://cdn0.woolworths.media/content/wowproductimages/medium/762534.jpg",
        "name": "Golden Muffin Bites Choc Fudge Brownie 6pk 240g",
        "price": 4.99,
        "unitPrice": "$2.08 / 100G"
    },
    {
        "category": "bakery",
        "href": "https://www.woolworths.com.au/shop/productdetails/699451/macro-organic-fruit-snacks-gluten-free-apricot-bites",
        "imgName": "699451.jpg",
        "imgSrc": "https://cdn0.woolworths.media/content/wowproductimages/medium/699451.jpg",
        "name": "Macro Organic Fruit Snacks Gluten Free Apricot Bites 8pk",
        "price": 4.99,
        "unitPrice": "$1.92 / 100G"
    },
    {
        "category": "bakery",
        "href": "https://www.woolworths.com.au/shop/productdetails/260930/woolworths-select-cheesecake-passionfruit",
        "imgName": "260930.jpg",
        "imgSrc": "https://cdn0.woolworths.media/content/wowproductimages/medium/260930.jpg",
        "name": "Woolworths Select Cheesecake Passionfruit 100g",
        "price": 2.99,
        "unitPrice": "$2.99 / 100G"
    },
    {
        "category": "bakery",
        "href": "https://www.woolworths.com.au/shop/productdetails/740058/woolworths-tarts-large-custard",
        "imgName": "740058.jpg",
        "imgSrc": "https://cdn0.woolworths.media/content/wowproductimages/medium/740058.jpg",
        "name": "Woolworths Tarts Large Custard 480g",
        "price": 4.99,
        "unitPrice": "$1.04 / 100G"
    },
    {
        "category": "bakery",
        "href": "https://www.woolworths.com.au/shop/productdetails/757728/burgen-gluten-free-bread-chia-sunflower",
        "imgName": "757728.jpg",
        "imgSrc": "https://cdn0.woolworths.media/content/wowproductimages/medium/757728.jpg",
        "name": "Burgen Gluten Free Bread Chia & Sunflower 650g",
        "price": 6.99,
        "unitPrice": "$1.08 / 100G"
    },
    {
        "category": "bakery",
        "href": "https://www.woolworths.com.au/shop/productdetails/785629/toscano-waffles",
        "imgName": "785629.jpg",
        "imgSrc": "https://cdn0.woolworths.media/content/wowproductimages/medium/785629.jpg",
        "name": "Toscano Waffles  4pk 360g",
        "price": 5.25,
        "unitPrice": "$1.46 / 100G"
    },
    {
        "category": "bakery",
        "href": "https://www.woolworths.com.au/shop/productdetails/796187/turkish-bakeries-stone-baked-pizza-bases",
        "imgName": "796187.jpg",
        "imgSrc": "https://cdn0.woolworths.media/content/wowproductimages/medium/796187.jpg",
        "name": "Turkish Bakeries Stone Baked Pizza Bases 2pk 450g",
        "price": 5.7,
        "special": 4.5,
        "unitPrice": "$1.00 / 100G"
    },
    {
        "category": "bakery",
        "href": "https://www.woolworths.com.au/shop/productdetails/883117/woolworths-select-apple-cinnamon-muffins-4pk",
        "imgName": "883117.jpg",
        "imgSrc": "https://cdn0.woolworths.media/content/wowproductimages/medium/883117.jpg",
        "name": "Woolworths Select Apple & Cinnamon Muffins 4pk 420g",
        "price": 3.5,
        "unitPrice": "$0.83 / 100G"
    },
    {
        "category": "bakery",
        "href": "https://www.woolworths.com.au/shop/productdetails/227487/woolworths-cheese-cake-slice-lemon-flavour",
        "imgName": "227487.jpg",
        "imgSrc": "https://cdn0.woolworths.media/content/wowproductimages/medium/227487.jpg",
        "name": "Woolworths Cheese Cake Slice Lemon Flavour 100g",
        "price": 2.99,
        "unitPrice": "$2.99 / 100G"
    },
    {
        "category": "bakery",
        "href": "https://www.woolworths.com.au/shop/productdetails/260931/woolworths-select-cheesecake-butterscotch",
        "imgName": "260931.jpg",
        "imgSrc": "https://cdn0.woolworths.media/content/wowproductimages/medium/260931.jpg",
        "name": "Woolworths Select Cheesecake Butterscotch 100g",
        "price": 2.99,
        "unitPrice": "$2.99 / 100G"
    },
    {
        "category": "bakery",
        "href": "https://www.woolworths.com.au/shop/productdetails/384989/mission-round-pizza-bases-garlic",
        "imgName": "384989.jpg",
        "imgSrc": "https://cdn0.woolworths.media/content/wowproductimages/medium/384989.jpg",
        "name": "Mission Round Pizza Bases Garlic 2pk 200g",
        "price": 3.99,
        "unitPrice": "$2.00 / 100G"
    },
    {
        "category": "bakery",
        "href": "https://www.woolworths.com.au/shop/productdetails/510932/woolworths-banana-cake",
        "imgName": "510932.jpg",
        "imgSrc": "https://cdn0.woolworths.media/content/wowproductimages/medium/510932.jpg",
        "name": "Woolworths Banana Cake  300g",
        "price": 3.5,
        "unitPrice": "$1.17 / 100G"
    },
    {
        "category": "bakery",
        "href": "https://www.woolworths.com.au/shop/productdetails/663971/woolworths-jam-ball-donut",
        "imgName": "663971.jpg",
        "imgSrc": "https://cdn0.woolworths.media/content/wowproductimages/medium/663971.jpg",
        "name": "Woolworths Jam Ball Donut  4pk",
        "price": 5,
        "unitPrice": "$1.25 / 1EA"
    },
    {
        "category": "bakery",
        "href": "https://www.woolworths.com.au/shop/productdetails/730161/banquet-cheese-cake-blueberry",
        "imgName": "730161.jpg",
        "imgSrc": "https://cdn0.woolworths.media/content/wowproductimages/medium/730161.jpg",
        "name": "Banquet Cheese Cake Blueberry 450g",
        "price": 5,
        "unitPrice": "$1.11 / 100G"
    },
    {
        "category": "bakery",
        "href": "https://www.woolworths.com.au/shop/productdetails/758459/pure-bred-raisin-toast",
        "imgName": "758459.jpg",
        "imgSrc": "https://cdn0.woolworths.media/content/wowproductimages/medium/758459.jpg",
        "name": "Pure Bred Raisin Toast  400g",
        "price": 5.99,
        "unitPrice": "$1.50 / 100G"
    },
    {
        "category": "bakery",
        "href": "https://www.woolworths.com.au/shop/productdetails/730123/banquet-cheese-cake-strawberry",
        "imgName": "730123.jpg",
        "imgSrc": "https://cdn0.woolworths.media/content/wowproductimages/medium/730123.jpg",
        "name": "Banquet Cheese Cake Strawberry 450g",
        "price": 5,
        "unitPrice": "$1.11 / 100G"
    },
    {
        "category": "bakery",
        "href": "https://www.woolworths.com.au/shop/productdetails/867246/toscano-pizza-base",
        "imgName": "867246.jpg",
        "imgSrc": "https://cdn0.woolworths.media/content/wowproductimages/medium/867246.jpg",
        "name": "Toscano Pizza Base  2pk 300g",
        "price": 5.5,
        "unitPrice": "$1.83 / 100G"
    },
    {
        "category": "bakery",
        "href": "https://www.woolworths.com.au/shop/productdetails/826240/bfree-wraps-multigrain",
        "imgName": "826240.jpg",
        "imgSrc": "https://cdn0.woolworths.media/content/wowproductimages/medium/826240.jpg",
        "name": "Bfree Wraps Multigrain 6pk",
        "price": 7.99,
        "unitPrice": "$3.25 / 100G"
    },
    {
        "category": "bakery",
        "href": "https://www.woolworths.com.au/shop/productdetails/607875/woolworths-mini-banana-muffin",
        "imgName": "607875.jpg",
        "imgSrc": "https://cdn0.woolworths.media/content/wowproductimages/medium/607875.jpg",
        "name": "Woolworths Mini Banana Muffin  8pk 320g",
        "price": 3.5,
        "unitPrice": "$1.09 / 100G"
    },
    {
        "category": "bakery",
        "href": "https://www.woolworths.com.au/shop/productdetails/626864/cadbury-amaze-bites-chocolate",
        "imgName": "626864.jpg",
        "imgSrc": "https://cdn0.woolworths.media/content/wowproductimages/medium/626864.jpg",
        "name": "Cadbury Amaze Bites Chocolate 175g",
        "price": 6,
        "unitPrice": "$3.43 / 100G"
    },
    {
        "category": "bakery",
        "href": "https://www.woolworths.com.au/shop/productdetails/623252/cadbury-amaze-bites-choc-orange",
        "imgName": "623252.jpg",
        "imgSrc": "https://cdn0.woolworths.media/content/wowproductimages/medium/623252.jpg",
        "name": "Cadbury Amaze Bites Choc Orange 175g",
        "price": 6,
        "unitPrice": "$3.43 / 100G"
    },
    {
        "category": "bakery",
        "href": "https://www.woolworths.com.au/shop/productdetails/626824/cadbury-chocolate-cake-bar",
        "imgName": "626824.jpg",
        "imgSrc": "https://cdn0.woolworths.media/content/wowproductimages/medium/626824.jpg",
        "name": "Cadbury Chocolate Cake Bar 10pk",
        "price": 6,
        "unitPrice": "$0.60 / 1EA"
    },
    {
        "category": "bakery",
        "href": "https://www.woolworths.com.au/shop/productdetails/513487/cadbury-raspberry-mini-rolls",
        "imgName": "513487.jpg",
        "imgSrc": "https://cdn0.woolworths.media/content/wowproductimages/medium/513487.jpg",
        "name": "Cadbury Raspberry Mini Rolls  12pk",
        "price": 6,
        "unitPrice": "$0.50 / 1EA"
    },
    {
        "category": "bakery",
        "href": "https://www.woolworths.com.au/shop/productdetails/44317/woolworths-thickened-cream",
        "imgName": "044317.jpg",
        "imgSrc": "https://cdn0.woolworths.media/content/wowproductimages/medium/044317.jpg",
        "name": "Woolworths Thickened Cream  300ml",
        "price": 1.55,
        "unitPrice": "$0.52 / 100ML"
    },
    {
        "category": "bakery",
        "href": "https://www.woolworths.com.au/shop/productdetails/246014/bazaar-pizza-bases-mini",
        "imgName": "246014.jpg",
        "imgSrc": "https://cdn0.woolworths.media/content/wowproductimages/medium/246014.jpg",
        "name": "Bazaar Pizza Bases Mini 3pk",
        "price": 6,
        "unitPrice": "$2.00 / 1EA"
    },
    {
        "category": "bakery",
        "href": "https://www.woolworths.com.au/shop/productdetails/201252/woolworths-extra-soft-bread-rolls-jumbo-hamburger",
        "imgName": "201252.jpg",
        "imgSrc": "https://cdn0.woolworths.media/content/wowproductimages/medium/201252.jpg",
        "name": "Woolworths Extra Soft Bread Rolls Jumbo Hamburger 6pk",
        "price": 3.5,
        "unitPrice": "$0.58 / 1EA"
    },
    {
        "category": "bakery",
        "href": "https://www.woolworths.com.au/shop/productdetails/657670/helga-s-squar-loaf-10-grains-seeds",
        "imgName": "657670.jpg",
        "imgSrc": "https://cdn0.woolworths.media/content/wowproductimages/medium/657670.jpg",
        "name": "Helga's Squar Loaf 10 Grains & Seeds 750g",
        "price": 3.5,
        "unitPrice": "$0.47 / 100G"
    },
    {
        "category": "bakery",
        "href": "https://www.woolworths.com.au/shop/productdetails/524370/artisan-sourdough-bakers-whole-soybean-flaxseed-toasted-sesame",
        "imgName": "524370.jpg",
        "imgSrc": "https://cdn0.woolworths.media/content/wowproductimages/medium/524370.jpg",
        "name": "Artisan Sourdough Bakers Whole Soybean, Flaxseed & Toasted Sesame 630g",
        "price": 6,
        "unitPrice": "$0.95 / 100G"
    },
    {
        "category": "bakery",
        "href": "https://www.woolworths.com.au/shop/productdetails/522353/woolworths-bread-sourdough-vienna",
        "imgName": "522353.jpg",
        "imgSrc": "https://cdn0.woolworths.media/content/wowproductimages/medium/522353.jpg",
        "name": "Woolworths Bread Sourdough Vienna 450g",
        "price": 3.5,
        "unitPrice": "$0.78 / 100G"
    },
    {
        "category": "bakery",
        "href": "https://www.woolworths.com.au/shop/productdetails/544325/marble-block-cake",
        "imgName": "544325.jpg",
        "imgSrc": "https://cdn0.woolworths.media/content/wowproductimages/medium/544325.jpg",
        "name": "Marble Block Cake  each",
        "price": 4.5,
        "unitPrice": "$4.50 / 1EA"
    },
    {
        "category": "bakery",
        "href": "https://www.woolworths.com.au/shop/productdetails/505923/woolworths-turkish-loaf",
        "imgName": "505923.jpg",
        "imgSrc": "https://cdn0.woolworths.media/content/wowproductimages/medium/505923.jpg",
        "name": "Woolworths Turkish Loaf 400g",
        "price": 3,
        "unitPrice": "$0.75 / 100G"
    },
    {
        "category": "bakery",
        "href": "https://www.woolworths.com.au/shop/productdetails/247731/bazaar-pizza-bases-gourmet",
        "imgName": "247731.jpg",
        "imgSrc": "https://cdn0.woolworths.media/content/wowproductimages/medium/247731.jpg",
        "name": "Bazaar Pizza Bases Gourmet 2pk",
        "price": 5.99,
        "unitPrice": "$3.00 / 1EA"
    },
    {
        "category": "bakery",
        "href": "https://www.woolworths.com.au/shop/productdetails/118406/mountain-bread-natural-light-wraps",
        "imgName": "118406.jpg",
        "imgSrc": "https://cdn0.woolworths.media/content/wowproductimages/medium/118406.jpg",
        "name": "Mountain Bread Natural Light Wraps 8pk",
        "price": 3.99,
        "unitPrice": "$2.00 / 100G"
    },
    {
        "category": "bakery",
        "href": "https://www.woolworths.com.au/shop/productdetails/89111/tip-top-english-muffins-multigrain",
        "imgName": "089111.jpg",
        "imgSrc": "https://cdn0.woolworths.media/content/wowproductimages/medium/089111.jpg",
        "name": "Tip Top English Muffins Multigrain 6pk 400g",
        "price": 4.9,
        "unitPrice": "$0.82 / 1EA"
    },
    {
        "category": "bakery",
        "href": "https://www.woolworths.com.au/shop/productdetails/89121/tip-top-english-muffins-wholemeal",
        "imgName": "089121.jpg",
        "imgSrc": "https://cdn0.woolworths.media/content/wowproductimages/medium/089121.jpg",
        "name": "Tip Top English Muffins Wholemeal 6pk 400g",
        "price": 4.9,
        "unitPrice": "$0.82 / 1EA"
    },
    {
        "category": "bakery",
        "href": "https://www.woolworths.com.au/shop/productdetails/658363/helga-s-square-loaf-10-grains-seeds-wholemeal",
        "imgName": "658363.jpg",
        "imgSrc": "https://cdn0.woolworths.media/content/wowproductimages/medium/658363.jpg",
        "name": "Helga's Square Loaf 10 Grains & Seeds Wholemeal 750g",
        "price": 3.5,
        "unitPrice": "$0.47 / 100G"
    },
    {
        "category": "bakery",
        "href": "https://www.woolworths.com.au/shop/productdetails/581176/woolworths-wholemeal-soft-sandwich-bread",
        "imgName": "581176.jpg",
        "imgSrc": "https://cdn0.woolworths.media/content/wowproductimages/medium/581176.jpg",
        "name": "Woolworths Wholemeal Soft Sandwich Bread 650g",
        "price": 1.5,
        "unitPrice": "$0.23 / 100G"
    },
    {
        "category": "bakery",
        "href": "https://www.woolworths.com.au/shop/productdetails/544322/apricot-tea-cake",
        "imgName": "544322.jpg",
        "imgSrc": "https://cdn0.woolworths.media/content/wowproductimages/medium/544322.jpg",
        "name": "Apricot Tea Cake  each",
        "price": 4.5,
        "unitPrice": "$4.50 / 1EA"
    },
    {
        "category": "bakery",
        "href": "https://www.woolworths.com.au/shop/productdetails/365378/woolworths-pikelets",
        "imgName": "365378.jpg",
        "imgSrc": "https://cdn0.woolworths.media/content/wowproductimages/medium/365378.jpg",
        "name": "Woolworths Pikelets  8pk",
        "price": 1.99,
        "unitPrice": "$0.25 / 1EA"
    },
    {
        "category": "bakery",
        "href": "https://www.woolworths.com.au/shop/productdetails/581282/woolworths-multigrain-sandwich-hi-fibre-bread",
        "imgName": "581282.jpg",
        "imgSrc": "https://cdn0.woolworths.media/content/wowproductimages/medium/581282.jpg",
        "name": "Woolworths Multigrain Sandwich Hi-fibre Bread 700g",
        "price": 2,
        "unitPrice": "$0.29 / 100G"
    },
    {
        "category": "bakery",
        "href": "https://www.woolworths.com.au/shop/productdetails/446438/woolworths-melting-moments",
        "imgName": "446438.jpg",
        "imgSrc": "https://cdn0.woolworths.media/content/wowproductimages/medium/446438.jpg",
        "name": "Woolworths Melting Moments  12pk 360g",
        "price": 4,
        "unitPrice": "$0.33 / 1EA"
    },
    {
        "category": "bakery",
        "href": "https://www.woolworths.com.au/shop/productdetails/800640/mighty-soft-white-roll",
        "imgName": "800640.jpg",
        "imgSrc": "https://cdn0.woolworths.media/content/wowproductimages/medium/800640.jpg",
        "name": "Mighty Soft White Roll  6pk",
        "price": 3,
        "unitPrice": "$0.55 / 100G"
    },
    {
        "category": "bakery",
        "href": "https://www.woolworths.com.au/shop/productdetails/738303/country-life-multi-grain-bread-gluten-free",
        "imgName": "738303.jpg",
        "imgSrc": "https://cdn0.woolworths.media/content/wowproductimages/medium/738303.jpg",
        "name": "Country Life Multi Grain Bread Gluten Free 580g",
        "price": 6.69,
        "unitPrice": "$1.15 / 100G"
    },
    {
        "category": "bakery",
        "href": "https://www.woolworths.com.au/shop/productdetails/620183/woolworths-mini-cookies-with-mars",
        "imgName": "620183.jpg",
        "imgSrc": "https://cdn0.woolworths.media/content/wowproductimages/medium/620183.jpg",
        "name": "Woolworths Mini Cookies With Mars 20pk",
        "price": 4,
        "unitPrice": "$0.20 / 1EA"
    },
    {
        "category": "bakery",
        "href": "https://www.woolworths.com.au/shop/productdetails/861618/woolworths-glazed-donut-ring",
        "imgName": "861618.jpg",
        "imgSrc": "https://cdn0.woolworths.media/content/wowproductimages/medium/861618.jpg",
        "name": "Woolworths Glazed Donut Ring 4pk",
        "price": 5,
        "unitPrice": "$1.25 / 1EA"
    },
    {
        "category": "bakery",
        "href": "https://www.woolworths.com.au/shop/productdetails/512799/woolworths-lightly-fruited-cake",
        "imgName": "512799.jpg",
        "imgSrc": "https://cdn0.woolworths.media/content/wowproductimages/medium/512799.jpg",
        "name": "Woolworths Lightly Fruited Cake 390g",
        "price": 2.5,
        "unitPrice": "$0.64 / 100G"
    },
    {
        "category": "bakery",
        "href": "https://www.woolworths.com.au/shop/productdetails/650549/nana-traditional-lebanese-bread-white",
        "imgName": "650549.jpg",
        "imgSrc": "https://cdn0.woolworths.media/content/wowproductimages/medium/650549.jpg",
        "name": "Nana Traditional Lebanese Bread White 350g",
        "price": 1.5,
        "unitPrice": "$0.43 / 100G"
    },
    {
        "category": "bakery",
        "href": "https://www.woolworths.com.au/shop/productdetails/541319/baked-on-bond-anzac-biscuits-individually-wrapped",
        "imgName": "541319.jpg",
        "imgSrc": "https://cdn0.woolworths.media/content/wowproductimages/medium/541319.jpg",
        "name": "Baked On Bond Anzac Biscuits Individually Wrapped 5pk 130g",
        "price": 5.5,
        "unitPrice": "$3.67 / 100G"
    },
    {
        "category": "bakery",
        "href": "https://www.woolworths.com.au/shop/productdetails/363949/woolworths-sourdough-loaf-garlic-olive-oil",
        "imgName": "363949.jpg",
        "imgSrc": "https://cdn0.woolworths.media/content/wowproductimages/medium/363949.jpg",
        "name": "Woolworths Sourdough Loaf Garlic & Olive Oil 520g",
        "price": 5.5,
        "unitPrice": "$1.06 / 100G"
    },
    {
        "category": "bakery",
        "href": "https://www.woolworths.com.au/shop/productdetails/88602/balconi-mix-max-spgnckes-cocoa",
        "imgName": "088602.jpg",
        "imgSrc": "https://cdn0.woolworths.media/content/wowproductimages/medium/088602.jpg",
        "name": "Balconi Mix Max Spgnckes Cocoa  10pk",
        "price": 5.5,
        "unitPrice": "$1.57 / 100G"
    },
    {
        "category": "bakery",
        "href": "https://www.woolworths.com.au/shop/productdetails/489783/bfree-5-wraps-sweet-potato",
        "imgName": "489783.jpg",
        "imgSrc": "https://cdn0.woolworths.media/content/wowproductimages/medium/489783.jpg",
        "name": "Bfree 5 Wraps Sweet Potato 210g",
        "price": 7.99,
        "unitPrice": "$3.80 / 100G"
    },
    {
        "category": "bakery",
        "href": "https://www.woolworths.com.au/shop/productdetails/543283/baked-on-bond-choc-chip-cookies-individually-wrapped",
        "imgName": "543283.jpg",
        "imgSrc": "https://cdn0.woolworths.media/content/wowproductimages/medium/543283.jpg",
        "name": "Baked On Bond Choc Chip Cookies Individually Wrapped 5pk 150g",
        "price": 5.5,
        "unitPrice": "$3.67 / 100G"
    },
    {
        "category": "bakery",
        "href": "https://www.woolworths.com.au/shop/productdetails/766229/ms-sourdough-multigrain-sliced",
        "imgName": "766229.jpg",
        "imgSrc": "https://cdn0.woolworths.media/content/wowproductimages/medium/766229.jpg",
        "name": "Ms Sourdough Multigrain Sliced 700g",
        "price": 6,
        "unitPrice": "$0.86 / 100G"
    },
    {
        "category": "bakery",
        "href": "https://www.woolworths.com.au/shop/productdetails/347771/weight-watchers-cake-chocolate-mini-rolls",
        "imgName": "347771.jpg",
        "imgSrc": "https://cdn0.woolworths.media/content/wowproductimages/medium/347771.jpg",
        "name": "Weight Watchers Cake Chocolate Mini Rolls 115g",
        "price": 5,
        "unitPrice": "$4.35 / 100G"
    },
    {
        "category": "bakery",
        "href": "https://www.woolworths.com.au/shop/productdetails/757734/burgen-gluten-free-bread-white",
        "imgName": "757734.jpg",
        "imgSrc": "https://cdn0.woolworths.media/content/wowproductimages/medium/757734.jpg",
        "name": "Burgen Gluten Free Bread White 600g",
        "price": 6.99,
        "unitPrice": "$1.17 / 100G"
    },
    {
        "category": "bakery",
        "href": "https://www.woolworths.com.au/shop/productdetails/168703/balconi-trancetto-single-coco",
        "imgName": "168703.jpg",
        "imgSrc": "https://cdn0.woolworths.media/content/wowproductimages/medium/168703.jpg",
        "name": "Balconi Trancetto Single Coco  10pk",
        "price": 3.99,
        "unitPrice": "$1.43 / 100G"
    },
    {
        "category": "bakery",
        "href": "https://www.woolworths.com.au/shop/productdetails/384987/mission-pizza-bases-round",
        "imgName": "384987.jpg",
        "imgSrc": "https://cdn0.woolworths.media/content/wowproductimages/medium/384987.jpg",
        "name": "Mission Pizza Bases Round 2pk 200g",
        "price": 3.99,
        "unitPrice": "$2.00 / 100G"
    },
    {
        "category": "bakery",
        "href": "https://www.woolworths.com.au/shop/productdetails/586414/toscano-chocolate-truffle",
        "imgName": "586414.jpg",
        "imgSrc": "https://cdn0.woolworths.media/content/wowproductimages/medium/586414.jpg",
        "name": "Toscano Chocolate Truffle  450g",
        "price": 8,
        "unitPrice": "$1.78 / 100G"
    },
    {
        "category": "bakery",
        "href": "https://www.woolworths.com.au/shop/productdetails/699452/macro-free-from-gluten-fruit-pies-mini-berry-bites",
        "imgName": "699452.jpg",
        "imgSrc": "https://cdn0.woolworths.media/content/wowproductimages/medium/699452.jpg",
        "name": "Macro Free From Gluten Fruit Pies Mini Berry Bites 8pk 260g",
        "price": 4.99,
        "unitPrice": "$1.92 / 100G"
    },
    {
        "category": "bakery",
        "href": "https://www.woolworths.com.au/shop/productdetails/659132/mission-wraps-gluten-free",
        "imgName": "659132.jpg",
        "imgSrc": "https://cdn0.woolworths.media/content/wowproductimages/medium/659132.jpg",
        "name": "Mission Wraps Gluten Free 192g 4pk",
        "price": 5.49,
        "unitPrice": "$2.86 / 100G"
    },
    {
        "category": "bakery",
        "href": "https://www.woolworths.com.au/shop/productdetails/575874/mission-low-gi-wraps-wholemeal",
        "imgName": "575874.jpg",
        "imgSrc": "https://cdn0.woolworths.media/content/wowproductimages/medium/575874.jpg",
        "name": "Mission Low Gi Wraps Wholemeal 6pk 425g",
        "price": 4.99,
        "unitPrice": "$1.17 / 100G"
    },
    {
        "category": "bakery",
        "href": "https://www.woolworths.com.au/shop/productdetails/752823/woolworths-potato-meat-pie-family-pie",
        "imgName": "752823.jpg",
        "imgSrc": "https://cdn0.woolworths.media/content/wowproductimages/medium/752823.jpg",
        "name": "Woolworths Potato Meat Pie Family Pie 650g",
        "price": 5.29,
        "unitPrice": "$0.81 / 100G"
    },
    {
        "category": "bakery",
        "href": "https://www.woolworths.com.au/shop/productdetails/785630/toscano-pancakes",
        "imgName": "785630.jpg",
        "imgSrc": "https://cdn0.woolworths.media/content/wowproductimages/medium/785630.jpg",
        "name": "Toscano Pancakes  450g 6pk",
        "price": 4,
        "unitPrice": "$0.89 / 100G"
    },
    {
        "category": "bakery",
        "href": "https://www.woolworths.com.au/shop/productdetails/774126/mission-pita-bread-pockets-wholemeal",
        "imgName": "774126.jpg",
        "imgSrc": "https://cdn0.woolworths.media/content/wowproductimages/medium/774126.jpg",
        "name": "Mission Pita Bread Pockets Wholemeal 420g",
        "price": 3.79,
        "unitPrice": "$0.90 / 100G"
    },
    {
        "category": "bakery",
        "href": "https://www.woolworths.com.au/shop/productdetails/942108/la-fournee-doree-brioche-burger-rolls",
        "imgName": "942108.jpg",
        "imgSrc": "https://cdn0.woolworths.media/content/wowproductimages/medium/942108.jpg",
        "name": "La Fournee Doree Brioche Burger Rolls  200g",
        "price": 4.99,
        "unitPrice": "$2.50 / 100G"
    },
    {
        "category": "bakery",
        "href": "https://www.woolworths.com.au/shop/productdetails/90000016/kids-lunchbox-drink-poppers-healthy-snacks-bundle",
        "imgName": "90000016.jpg",
        "imgSrc": "https://cdn0.woolworths.media/content/wowproductimages/medium/90000016.jpg",
        "name": "Kids Lunchbox Drink Poppers & Healthy Snacks Bundle",
        "price": 15
    },
    {
        "category": "bakery",
        "href": "https://www.woolworths.com.au/shop/productdetails/510737/woolworths-orange-poppy-seed-cake",
        "imgName": "510737.jpg",
        "imgSrc": "https://cdn0.woolworths.media/content/wowproductimages/medium/510737.jpg",
        "name": "Woolworths Orange & Poppy Seed Cake 300g",
        "price": 3.5,
        "unitPrice": "$1.17 / 100G"
    },
    {
        "category": "bakery",
        "href": "https://www.woolworths.com.au/shop/productdetails/489137/woolworths-chocolate-croissants",
        "imgName": "489137.jpg",
        "imgSrc": "https://cdn0.woolworths.media/content/wowproductimages/medium/489137.jpg",
        "name": "Woolworths Chocolate Croissants  260g",
        "price": 4,
        "unitPrice": "$1.54 / 100G"
    },
    {
        "category": "bakery",
        "href": "https://www.woolworths.com.au/shop/productdetails/787587/woolworths-select-cookies-ginger-kisses",
        "imgName": "787587.jpg",
        "imgSrc": "https://cdn0.woolworths.media/content/wowproductimages/medium/787587.jpg",
        "name": "Woolworths Select Cookies Ginger Kisses 8pk",
        "price": 3.79,
        "unitPrice": "$1.90 / 100G"
    },
    {
        "category": "bakery",
        "href": "https://www.woolworths.com.au/shop/productdetails/512255/mini-square-cheese-chive",
        "imgName": "512255.jpg",
        "imgSrc": "https://cdn0.woolworths.media/content/wowproductimages/medium/512255.jpg",
        "name": "Mini Square Cheese & Chive  8 pack",
        "price": 4,
        "unitPrice": "$0.50 / 1EA"
    },
    {
        "category": "bakery",
        "href": "https://www.woolworths.com.au/shop/productdetails/512256/mini-mighty-cheese-pinwheel",
        "imgName": "512256.jpg",
        "imgSrc": "https://cdn0.woolworths.media/content/wowproductimages/medium/512256.jpg",
        "name": "Mini Mighty Cheese Pinwheel  8 pack",
        "price": 4,
        "unitPrice": "$0.50 / 1EA"
    },
    {
        "category": "bakery",
        "href": "https://www.woolworths.com.au/shop/productdetails/517746/mini-chocolate-croissant",
        "imgName": "517746.jpg",
        "imgSrc": "https://cdn0.woolworths.media/content/wowproductimages/medium/517746.jpg",
        "name": "Mini Chocolate Croissant  8 pack",
        "price": 4,
        "unitPrice": "$0.50 / 1EA"
    },
    {
        "category": "bakery",
        "href": "https://www.woolworths.com.au/shop/productdetails/313107/woolworths-scone-homestyle-pumpkin",
        "imgName": "313107.jpg",
        "imgSrc": "https://cdn0.woolworths.media/content/wowproductimages/medium/313107.jpg",
        "name": "Woolworths Scone Homestyle Pumpkin 6pk",
        "price": 4.6,
        "unitPrice": "$0.77 / 1EA"
    },
    {
        "category": "bakery",
        "href": "https://www.woolworths.com.au/shop/productdetails/337151/bread-roll-cheese-bacon",
        "imgName": "337151.jpg",
        "imgSrc": "https://cdn0.woolworths.media/content/wowproductimages/medium/337151.jpg",
        "name": "Bread Roll Cheese & Bacon  4pk",
        "price": 4,
        "unitPrice": "$1.00 / 1EA"
    },
    {
        "category": "bakery",
        "href": "https://www.woolworths.com.au/shop/productdetails/580988/woolworths-raspberry-chocolate-centre-shortbread",
        "imgName": "580988.jpg",
        "imgSrc": "https://cdn0.woolworths.media/content/wowproductimages/medium/580988.jpg",
        "name": "Woolworths Raspberry Chocolate Centre Shortbread 6pk",
        "price": 2.5,
        "unitPrice": "$0.42 / 1EA"
    },
    {
        "category": "bakery",
        "href": "https://www.woolworths.com.au/shop/productdetails/524373/artisan-sourdough-bakers-walnut-currant-fennel-sourdough",
        "imgName": "524373.jpg",
        "imgSrc": "https://cdn0.woolworths.media/content/wowproductimages/medium/524373.jpg",
        "name": "Artisan Sourdough Bakers Walnut, Currant & Fennel Sourdough 540g",
        "price": 6,
        "unitPrice": "$1.11 / 100G"
    },
    {
        "category": "bakery",
        "href": "https://www.woolworths.com.au/shop/productdetails/544718/iced-cupcakes",
        "imgName": "544718.jpg",
        "imgSrc": "https://cdn0.woolworths.media/content/wowproductimages/medium/544718.jpg",
        "name": "Iced Cupcakes  4pk",
        "price": 3.5,
        "unitPrice": "$0.88 / 1EA"
    },
    {
        "category": "bakery",
        "href": "https://www.woolworths.com.au/shop/productdetails/544323/apple-cinnamon-tea-cake",
        "imgName": "544323.jpg",
        "imgSrc": "https://cdn0.woolworths.media/content/wowproductimages/medium/544323.jpg",
        "name": "Apple & Cinnamon Tea Cake  each",
        "price": 4.5,
        "unitPrice": "$4.50 / 1EA"
    },
    {
        "category": "bakery",
        "href": "https://www.woolworths.com.au/shop/productdetails/253306/woolworths-bread-rolls-grain-jumbo",
        "imgName": "253306.jpg",
        "imgSrc": "https://cdn0.woolworths.media/content/wowproductimages/medium/253306.jpg",
        "name": "Woolworths Bread Rolls Grain Jumbo 6pk",
        "price": 3.5,
        "unitPrice": "$0.58 / 1EA"
    },
    {
        "category": "bakery",
        "href": "https://www.woolworths.com.au/shop/productdetails/603720/abbott-s-village-bakery-harvest-pumpkin-sunflower-seeds",
        "imgName": "603720.jpg",
        "imgSrc": "https://cdn0.woolworths.media/content/wowproductimages/medium/603720.jpg",
        "name": "Abbott's Village Bakery Harvest Pumpkin & Sunflower Seeds 750g",
        "price": 3.5,
        "unitPrice": "$0.47 / 100G"
    },
    {
        "category": "bakery",
        "href": "https://www.woolworths.com.au/shop/productdetails/259767/woolworths-scone-homestyle-buttermilk",
        "imgName": "259767.jpg",
        "imgSrc": "https://cdn0.woolworths.media/content/wowproductimages/medium/259767.jpg",
        "name": "Woolworths Scone Homestyle Buttermilk 6pk",
        "price": 4.6,
        "unitPrice": "$0.77 / 1EA"
    },
    {
        "category": "bakery",
        "href": "https://www.woolworths.com.au/shop/productdetails/253303/woolworths-bread-rolls-soft-wholemeal-jumbo",
        "imgName": "253303.jpg",
        "imgSrc": "https://cdn0.woolworths.media/content/wowproductimages/medium/253303.jpg",
        "name": "Woolworths Bread Rolls Soft Wholemeal Jumbo 6pk",
        "price": 3.5,
        "unitPrice": "$0.58 / 1EA"
    },
    {
        "category": "bakery",
        "href": "https://www.woolworths.com.au/shop/productdetails/627081/helga-s-gluten-free-rolls-5-seeds",
        "imgName": "627081.jpg",
        "imgSrc": "https://cdn0.woolworths.media/content/wowproductimages/medium/627081.jpg",
        "name": "Helga's Gluten Free Rolls 5 Seeds 5pk",
        "price": 6.99,
        "unitPrice": "$1.94 / 100G"
    },
    {
        "category": "bakery",
        "href": "https://www.woolworths.com.au/shop/productdetails/935860/bazaar-garlic-naan",
        "imgName": "935860.jpg",
        "imgSrc": "https://cdn0.woolworths.media/content/wowproductimages/medium/935860.jpg",
        "name": "Bazaar Garlic Naan  2pk",
        "price": 4,
        "unitPrice": "$2.00 / 1EA"
    },
    {
        "category": "bakery",
        "href": "https://www.woolworths.com.au/shop/productdetails/544324/plain-block-cake",
        "imgName": "544324.jpg",
        "imgSrc": "https://cdn0.woolworths.media/content/wowproductimages/medium/544324.jpg",
        "name": "Plain Block Cake  each",
        "price": 4.5,
        "unitPrice": "$4.50 / 1EA"
    },
    {
        "category": "bakery",
        "href": "https://www.woolworths.com.au/shop/productdetails/784092/helga-s-lower-carb-bread-soy-toasted-sesame",
        "imgName": "784092.jpg",
        "imgSrc": "https://cdn0.woolworths.media/content/wowproductimages/medium/784092.jpg",
        "name": "Helga's Lower Carb Bread Soy & Toasted Sesame 700g",
        "price": 5.4,
        "unitPrice": "$0.77 / 100G"
    },
    {
        "category": "bakery",
        "href": "https://www.woolworths.com.au/shop/productdetails/632135/helga-s-cafe-thick-cut-mix-grain-bread",
        "imgName": "632135.jpg",
        "imgSrc": "https://cdn0.woolworths.media/content/wowproductimages/medium/632135.jpg",
        "name": "Helga's Cafe Thick Cut Mix Grain Bread 850g",
        "price": 3.5,
        "unitPrice": "$0.41 / 100G"
    },
    {
        "category": "bakery",
        "href": "https://www.woolworths.com.au/shop/productdetails/772866/helga-s-gluten-free-bread-5-seeds",
        "imgName": "772866.jpg",
        "imgSrc": "https://cdn0.woolworths.media/content/wowproductimages/medium/772866.jpg",
        "name": "Helga's Gluten Free Bread 5 Seeds 580g",
        "price": 6.99,
        "unitPrice": "$1.21 / 100G"
    },
    {
        "category": "bakery",
        "href": "https://www.woolworths.com.au/shop/productdetails/524372/artisan-sourdough-bakers-dark-rye-sourdough",
        "imgName": "524372.jpg",
        "imgSrc": "https://cdn0.woolworths.media/content/wowproductimages/medium/524372.jpg",
        "name": "Artisan Sourdough Bakers Dark Rye Sourdough 630g",
        "price": 6,
        "unitPrice": "$0.95 / 100G"
    },
    {
        "category": "bakery",
        "href": "https://www.woolworths.com.au/shop/productdetails/757967/woolworths-loaf-grain-farmhouse",
        "imgName": "757967.jpg",
        "imgSrc": "https://cdn0.woolworths.media/content/wowproductimages/medium/757967.jpg",
        "name": "Woolworths Loaf Grain Farmhouse 720g",
        "price": 3.79,
        "unitPrice": "$0.53 / 100G"
    },
    {
        "category": "bakery",
        "href": "https://www.woolworths.com.au/shop/productdetails/320196/mission-wraps-mini-wheat",
        "imgName": "320196.jpg",
        "imgSrc": "https://cdn0.woolworths.media/content/wowproductimages/medium/320196.jpg",
        "name": "Mission Wraps Mini Wheat 8pk 384g",
        "price": 4.79,
        "unitPrice": "$1.25 / 100G"
    },
    {
        "category": "bakery",
        "href": "https://www.woolworths.com.au/shop/productdetails/347784/cakemark-cookies-coconut-delights",
        "imgName": "347784.jpg",
        "imgSrc": "https://cdn0.woolworths.media/content/wowproductimages/medium/347784.jpg",
        "name": "Cakemark Cookies Coconut Delights 250g",
        "price": 4.25,
        "unitPrice": "$1.70 / 100G"
    },
    {
        "category": "bakery",
        "href": "https://www.woolworths.com.au/shop/productdetails/363952/woolworths-sourdough-loaf",
        "imgName": "363952.jpg",
        "imgSrc": "https://cdn0.woolworths.media/content/wowproductimages/medium/363952.jpg",
        "name": "Woolworths Sourdough Loaf 520g",
        "price": 5.5,
        "unitPrice": "$1.06 / 100G"
    },
    {
        "category": "bakery",
        "href": "https://www.woolworths.com.au/shop/productdetails/774123/mission-pita-bread-pockets-plain",
        "imgName": "774123.jpg",
        "imgSrc": "https://cdn0.woolworths.media/content/wowproductimages/medium/774123.jpg",
        "name": "Mission Pita Bread Pockets Plain 420g",
        "price": 3.79,
        "unitPrice": "$0.90 / 100G"
    },
    {
        "category": "bakery",
        "href": "https://www.woolworths.com.au/shop/productdetails/425867/woolworths-caramel-slice-bites",
        "imgName": "425867.jpg",
        "imgSrc": "https://cdn0.woolworths.media/content/wowproductimages/medium/425867.jpg",
        "name": "Woolworths Caramel Slice Bites 8pk 200g",
        "price": 4.75,
        "unitPrice": "$2.38 / 100G"
    },
    {
        "category": "bakery",
        "href": "https://www.woolworths.com.au/shop/productdetails/757727/burgen-gluten-free-bread-soy-linseed",
        "imgName": "757727.jpg",
        "imgSrc": "https://cdn0.woolworths.media/content/wowproductimages/medium/757727.jpg",
        "name": "Burgen Gluten Free Bread Soy & Linseed 650g",
        "price": 6.99,
        "unitPrice": "$1.08 / 100G"
    },
    {
        "category": "bakery",
        "href": "https://www.woolworths.com.au/shop/productdetails/825775/purebred-bagels-poppy-seed",
        "imgName": "825775.jpg",
        "imgSrc": "https://cdn0.woolworths.media/content/wowproductimages/medium/825775.jpg",
        "name": "Purebred Bagels Poppy Seed 4pk 80g",
        "price": 5.75,
        "unitPrice": "$1.44 / 1EA"
    },
    {
        "category": "bakery",
        "href": "https://www.woolworths.com.au/shop/productdetails/256722/homebrand-tarts-mixed-jam",
        "imgName": "256722.jpg",
        "imgSrc": "https://cdn0.woolworths.media/content/wowproductimages/medium/256722.jpg",
        "name": "Homebrand Tarts Mixed Jam 180g",
        "price": 2,
        "unitPrice": "$1.11 / 100G"
    },
    {
        "category": "bakery",
        "href": "https://www.woolworths.com.au/shop/productdetails/347787/cakemark-cookies-coconut-macaroons",
        "imgName": "347787.jpg",
        "imgSrc": "https://cdn0.woolworths.media/content/wowproductimages/medium/347787.jpg",
        "name": "Cakemark Cookies Coconut Macaroons 6pk 200g",
        "price": 3.15,
        "unitPrice": "$1.58 / 100G"
    },
    {
        "category": "bakery",
        "href": "https://www.woolworths.com.au/shop/productdetails/320198/mission-wraps-zesty-garlic-herb",
        "imgName": "320198.jpg",
        "imgSrc": "https://cdn0.woolworths.media/content/wowproductimages/medium/320198.jpg",
        "name": "Mission Wraps Zesty Garlic Herb 8pk 567g",
        "price": 4.99,
        "unitPrice": "$0.88 / 100G"
    },
    {
        "category": "bakery",
        "href": "https://www.woolworths.com.au/shop/productdetails/425868/woolworths-brownie-slice-bites",
        "imgName": "425868.jpg",
        "imgSrc": "https://cdn0.woolworths.media/content/wowproductimages/medium/425868.jpg",
        "name": "Woolworths Brownie Slice Bites 8pk 200g",
        "price": 4.75,
        "unitPrice": "$2.38 / 100G"
    },
    {
        "category": "bakery",
        "href": "https://www.woolworths.com.au/shop/productdetails/476143/toscano-waffles-choc-chip",
        "imgName": "476143.jpg",
        "imgSrc": "https://cdn0.woolworths.media/content/wowproductimages/medium/476143.jpg",
        "name": "Toscano Waffles Choc Chip 360g",
        "price": 5.25,
        "unitPrice": "$1.46 / 100G"
    },
    {
        "category": "bakery",
        "href": "https://www.woolworths.com.au/shop/productdetails/489782/bfree-5-wraps-quinoa-chia-seed",
        "imgName": "489782.jpg",
        "imgSrc": "https://cdn0.woolworths.media/content/wowproductimages/medium/489782.jpg",
        "name": "Bfree 5 Wraps Quinoa & Chia Seed 210g",
        "price": 7.99,
        "unitPrice": "$3.80 / 100G"
    },
    {
        "category": "bakery",
        "href": "https://www.woolworths.com.au/shop/productdetails/727006/panealba-twist-cuori-di-sfoglia",
        "imgName": "727006.jpg",
        "imgSrc": "https://cdn0.woolworths.media/content/wowproductimages/medium/727006.jpg",
        "name": "Panealba Twist Cuori Di Sfoglia 220g",
        "price": 3.5,
        "unitPrice": "$1.59 / 100G"
    },
    {
        "category": "bakery",
        "href": "https://www.woolworths.com.au/shop/productdetails/730152/banquet-cheese-cake-lemon",
        "imgName": "730152.jpg",
        "imgSrc": "https://cdn0.woolworths.media/content/wowproductimages/medium/730152.jpg",
        "name": "Banquet Cheese Cake Lemon 450g",
        "price": 5,
        "unitPrice": "$1.11 / 100G"
    },
    {
        "category": "bakery",
        "href": "https://www.woolworths.com.au/shop/productdetails/709014/toscano-chocolate-filled-crepes",
        "imgName": "709014.jpg",
        "imgSrc": "https://cdn0.woolworths.media/content/wowproductimages/medium/709014.jpg",
        "name": "Toscano Chocolate Filled Crepes  192g",
        "price": 4.65,
        "unitPrice": "$2.42 / 100G"
    },
    {
        "category": "bakery",
        "href": "https://www.woolworths.com.au/shop/productdetails/796651/woolworths-select-vol-au-vent-petite-unfilled",
        "imgName": "796651.jpg",
        "imgSrc": "https://cdn0.woolworths.media/content/wowproductimages/medium/796651.jpg",
        "name": "Woolworths Select Vol Au Vent Petite Unfilled 12pk 85g",
        "price": 3.99,
        "unitPrice": "$4.69 / 100G"
    },
    {
        "category": "bakery",
        "href": "https://www.woolworths.com.au/shop/productdetails/957657/woolworths-select-snack-lamingtons",
        "imgName": "957657.jpg",
        "imgSrc": "https://cdn0.woolworths.media/content/wowproductimages/medium/957657.jpg",
        "name": "Woolworths Select Snack Lamingtons  10pk 275g",
        "price": 3.75,
        "unitPrice": "$1.36 / 100G"
    },
    {
        "category": "bakery",
        "href": "https://www.woolworths.com.au/shop/productdetails/510734/woolworths-chocolate-cake",
        "imgName": "510734.jpg",
        "imgSrc": "https://cdn0.woolworths.media/content/wowproductimages/medium/510734.jpg",
        "name": "Woolworths Chocolate Cake 300g",
        "price": 3.5,
        "unitPrice": "$1.17 / 100G"
    },
    {
        "category": "bakery",
        "href": "https://www.woolworths.com.au/shop/productdetails/634919/woolworths-wholegrain-wrap-8pk",
        "imgName": "634919.jpg",
        "imgSrc": "https://cdn0.woolworths.media/content/wowproductimages/medium/634919.jpg",
        "name": "Woolworths Wholegrain Wrap 8pk 360g",
        "price": 2,
        "unitPrice": "$0.56 / 100G"
    },
    {
        "category": "bakery",
        "href": "https://www.woolworths.com.au/shop/productdetails/537733/la-fournee-hot-dog-buns",
        "imgName": "537733.jpg",
        "imgSrc": "https://cdn0.woolworths.media/content/wowproductimages/medium/537733.jpg",
        "name": "La Fournee Hot Dog Buns  270g",
        "price": 4.99,
        "unitPrice": "$1.85 / 100G"
    },
    {
        "category": "bakery",
        "href": "https://www.woolworths.com.au/shop/productdetails/628991/sara-lee-boysenberry-raspberry-pie",
        "imgName": "628991.jpg",
        "imgSrc": "https://cdn0.woolworths.media/content/wowproductimages/medium/628991.jpg",
        "name": "Sara Lee Boysenberry & Raspberry Pie 800g",
        "price": 12.99,
        "unitPrice": "$1.62 / 100G"
    },
    {
        "category": "bakery",
        "href": "https://www.woolworths.com.au/shop/productdetails/627759/sara-lee-salted-caramel-pie",
        "imgName": "627759.jpg",
        "imgSrc": "https://cdn0.woolworths.media/content/wowproductimages/medium/627759.jpg",
        "name": "Sara Lee Salted Caramel Pie 800g",
        "price": 12.99,
        "unitPrice": "$1.62 / 100G"
    },
    {
        "category": "bakery",
        "href": "https://www.woolworths.com.au/shop/productdetails/513536/mr-kipling-cherry-bake-wells",
        "imgName": "513536.jpg",
        "imgSrc": "https://cdn0.woolworths.media/content/wowproductimages/medium/513536.jpg",
        "name": "Mr Kipling Cherry Bake Wells  6pk",
        "price": 3.99,
        "unitPrice": "$0.67 / 1EA"
    },
    {
        "category": "bakery",
        "href": "https://www.woolworths.com.au/shop/productdetails/513490/mr-kipling-angel-snack-pack",
        "imgName": "513490.jpg",
        "imgSrc": "https://cdn0.woolworths.media/content/wowproductimages/medium/513490.jpg",
        "name": "Mr Kipling Angel Snack Pack  9pk",
        "price": 5,
        "unitPrice": "$0.56 / 1EA"
    },
    {
        "category": "bakery",
        "href": "https://www.woolworths.com.au/shop/productdetails/256236/woolworths-meringues-vanilla-minis",
        "imgName": "256236.jpg",
        "imgSrc": "https://cdn0.woolworths.media/content/wowproductimages/medium/256236.jpg",
        "name": "Woolworths Meringues Vanilla Minis 100g",
        "price": 4.19,
        "unitPrice": "$4.19 / 100G"
    },
    {
        "category": "bakery",
        "href": "https://www.woolworths.com.au/shop/productdetails/210641/tip-top-english-muffins-spicy-fruit",
        "imgName": "210641.jpg",
        "imgSrc": "https://cdn0.woolworths.media/content/wowproductimages/medium/210641.jpg",
        "name": "Tip Top English Muffins Spicy Fruit 6pk",
        "price": 4.9,
        "unitPrice": "$0.82 / 1EA"
    },
    {
        "category": "bakery",
        "href": "https://www.woolworths.com.au/shop/productdetails/46795/tip-top-english-muffins-original",
        "imgName": "046795.jpg",
        "imgSrc": "https://cdn0.woolworths.media/content/wowproductimages/medium/046795.jpg",
        "name": "Tip Top English Muffins Original 6pk 400g",
        "price": 4.9,
        "unitPrice": "$0.82 / 1EA"
    },
    {
        "category": "bakery",
        "href": "https://www.woolworths.com.au/shop/productdetails/490879/bagels-plain",
        "imgName": "490879.jpg",
        "imgSrc": "https://cdn0.woolworths.media/content/wowproductimages/medium/490879.jpg",
        "name": "Bagels Plain  3pk",
        "price": 3,
        "unitPrice": "$1.00 / 1EA"
    },
    {
        "category": "bakery",
        "href": "https://www.woolworths.com.au/shop/productdetails/549073/woolworths-pepperoni-pizza",
        "imgName": "549073.jpg",
        "imgSrc": "https://cdn0.woolworths.media/content/wowproductimages/medium/549073.jpg",
        "name": "Woolworths Pepperoni Pizza  2pk",
        "price": 2.5,
        "unitPrice": "$1.25 / 1EA"
    },
    {
        "category": "bakery",
        "href": "https://www.woolworths.com.au/shop/productdetails/522354/woolworths-sourdough-square-rolls",
        "imgName": "522354.jpg",
        "imgSrc": "https://cdn0.woolworths.media/content/wowproductimages/medium/522354.jpg",
        "name": "Woolworths Sourdough Square Rolls 6pk",
        "price": 2.5,
        "unitPrice": "$0.42 / 1EA"
    },
    {
        "category": "bakery",
        "href": "https://www.woolworths.com.au/shop/productdetails/610155/cheese-twist",
        "imgName": "610155.jpg",
        "imgSrc": "https://cdn0.woolworths.media/content/wowproductimages/medium/610155.jpg",
        "name": "Cheese Twist   2pk",
        "price": 3,
        "unitPrice": "$1.50 / 1EA"
    },
    {
        "category": "bakery",
        "href": "https://www.woolworths.com.au/shop/productdetails/524371/artisan-sourdough-bakers-millers-loaf",
        "imgName": "524371.jpg",
        "imgSrc": "https://cdn0.woolworths.media/content/wowproductimages/medium/524371.jpg",
        "name": "Artisan Sourdough Bakers Millers Loaf 630g",
        "price": 6,
        "unitPrice": "$0.95 / 100G"
    },
    {
        "category": "bakery",
        "href": "https://www.woolworths.com.au/shop/productdetails/202563/woolworths-bread-rolls-crusty-jumbo-lunch",
        "imgName": "202563.jpg",
        "imgSrc": "https://cdn0.woolworths.media/content/wowproductimages/medium/202563.jpg",
        "name": "Woolworths Bread Rolls Crusty Jumbo Lunch 6pk",
        "price": 3.5,
        "unitPrice": "$0.58 / 1EA"
    },
    {
        "category": "bakery",
        "href": "https://www.woolworths.com.au/shop/productdetails/298057/lawsons-traditional-white-bread",
        "imgName": "298057.jpg",
        "imgSrc": "https://cdn0.woolworths.media/content/wowproductimages/medium/298057.jpg",
        "name": "Lawsons Traditional White Bread 800g",
        "price": 5.78,
        "unitPrice": "$0.72 / 100G"
    },
    {
        "category": "bakery",
        "href": "https://www.woolworths.com.au/shop/productdetails/201257/woolworths-bread-rolls-extra-soft-jumbo",
        "imgName": "201257.jpg",
        "imgSrc": "https://cdn0.woolworths.media/content/wowproductimages/medium/201257.jpg",
        "name": "Woolworths Bread Rolls Extra Soft Jumbo 6pk",
        "price": 3.5,
        "unitPrice": "$0.58 / 1EA"
    },
    {
        "category": "bakery",
        "href": "https://www.woolworths.com.au/shop/productdetails/259766/woolworths-scone-homestyle-fruit",
        "imgName": "259766.jpg",
        "imgSrc": "https://cdn0.woolworths.media/content/wowproductimages/medium/259766.jpg",
        "name": "Woolworths Scone Homestyle Fruit 6pk",
        "price": 4.6,
        "unitPrice": "$0.77 / 1EA"
    },
    {
        "category": "bakery",
        "href": "https://www.woolworths.com.au/shop/productdetails/626972/helga-s-gluten-free-rolls-white",
        "imgName": "626972.jpg",
        "imgSrc": "https://cdn0.woolworths.media/content/wowproductimages/medium/626972.jpg",
        "name": "Helga's Gluten Free Rolls White 5pk",
        "price": 6.99,
        "unitPrice": "$1.97 / 100G"
    },
    {
        "category": "bakery",
        "href": "https://www.woolworths.com.au/shop/productdetails/620402/woolworths-mini-cookies-with-m-m-s",
        "imgName": "620402.jpg",
        "imgSrc": "https://cdn0.woolworths.media/content/wowproductimages/medium/620402.jpg",
        "name": "Woolworths Mini Cookies With M&m's 20pk",
        "price": 4,
        "unitPrice": "$0.20 / 1EA"
    },
    {
        "category": "bakery",
        "href": "https://www.woolworths.com.au/shop/productdetails/603320/tip-top-the-one-mixed-grains",
        "imgName": "603320.jpg",
        "imgSrc": "https://cdn0.woolworths.media/content/wowproductimages/medium/603320.jpg",
        "name": "Tip Top The One Mixed Grains  700g",
        "price": 3,
        "unitPrice": "$0.43 / 100G"
    },
    {
        "category": "bakery",
        "href": "https://www.woolworths.com.au/shop/productdetails/860519/woolworths-choc-iced-donut-ring",
        "imgName": "860519.jpg",
        "imgSrc": "https://cdn0.woolworths.media/content/wowproductimages/medium/860519.jpg",
        "name": "Woolworths Choc Iced Donut Ring 4pk",
        "price": 5,
        "unitPrice": "$1.25 / 1EA"
    },
    {
        "category": "bakery",
        "href": "https://www.woolworths.com.au/shop/productdetails/662390/helga-s-mini-wraps-mixed-grain",
        "imgName": "662390.jpg",
        "imgSrc": "https://cdn0.woolworths.media/content/wowproductimages/medium/662390.jpg",
        "name": "Helga's Mini Wraps Mixed Grain 400g 8pk",
        "price": 4.79,
        "unitPrice": "$1.20 / 100G"
    },
    {
        "category": "bakery",
        "href": "https://www.woolworths.com.au/shop/productdetails/957679/helga-s-low-carb-wraps",
        "imgName": "957679.jpg",
        "imgSrc": "https://cdn0.woolworths.media/content/wowproductimages/medium/957679.jpg",
        "name": "Helga's Low Carb Wraps  250g",
        "price": 4.99,
        "unitPrice": "$2.00 / 100G"
    },
    {
        "category": "bakery",
        "href": "https://www.woolworths.com.au/shop/productdetails/196100/woolworths-extra-soft-spicy-fruit-bun",
        "imgName": "196100.jpg",
        "imgSrc": "https://cdn0.woolworths.media/content/wowproductimages/medium/196100.jpg",
        "name": "Woolworths Extra Soft Spicy Fruit Bun 6pk",
        "price": 3.5,
        "unitPrice": "$0.58 / 1EA"
    },
    {
        "category": "bakery",
        "href": "https://www.woolworths.com.au/shop/productdetails/650871/nana-premium-pita-bread-wholemeal",
        "imgName": "650871.jpg",
        "imgSrc": "https://cdn0.woolworths.media/content/wowproductimages/medium/650871.jpg",
        "name": "Nana Premium Pita Bread Wholemeal 5pk 250g",
        "price": 2,
        "unitPrice": "$0.80 / 100G"
    },
    {
        "category": "bakery",
        "href": "https://www.woolworths.com.au/shop/productdetails/650870/nana-premium-pita-bread-white",
        "imgName": "650870.jpg",
        "imgSrc": "https://cdn0.woolworths.media/content/wowproductimages/medium/650870.jpg",
        "name": "Nana Premium Pita Bread White 5pk 250g",
        "price": 2,
        "unitPrice": "$0.80 / 100G"
    },
    {
        "category": "bakery",
        "href": "https://www.woolworths.com.au/shop/productdetails/650860/nana-premium-lebanese-bread-white",
        "imgName": "650860.jpg",
        "imgSrc": "https://cdn0.woolworths.media/content/wowproductimages/medium/650860.jpg",
        "name": "Nana Premium Lebanese Bread White 500g",
        "price": 3.5,
        "unitPrice": "$0.70 / 100G"
    },
    {
        "category": "bakery",
        "href": "https://www.woolworths.com.au/shop/productdetails/545625/cakemark-jam-coconut-ring-cakes",
        "imgName": "545625.jpg",
        "imgSrc": "https://cdn0.woolworths.media/content/wowproductimages/medium/545625.jpg",
        "name": "Cakemark Jam Coconut Ring Cakes 240g",
        "price": 4,
        "unitPrice": "$1.67 / 100G"
    },
    {
        "category": "bakery",
        "href": "https://www.woolworths.com.au/shop/productdetails/771744/australia-s-own-wraps-organic-quinoa",
        "imgName": "771744.jpg",
        "imgSrc": "https://cdn0.woolworths.media/content/wowproductimages/medium/771744.jpg",
        "name": "Australia's Own Wraps Organic Quinoa 225g",
        "price": 4.5,
        "unitPrice": "$2.00 / 100G"
    },
    {
        "category": "bakery",
        "href": "https://www.woolworths.com.au/shop/productdetails/363951/woolworths-sourdough-seeds-and-grains-loaf",
        "imgName": "363951.jpg",
        "imgSrc": "https://cdn0.woolworths.media/content/wowproductimages/medium/363951.jpg",
        "name": "Woolworths Sourdough Seeds And Grains Loaf 520g",
        "price": 5.5,
        "unitPrice": "$1.06 / 100G"
    },
    {
        "category": "bakery",
        "href": "https://www.woolworths.com.au/shop/productdetails/112315/rice-mountain-bread",
        "imgName": "112315.jpg",
        "imgSrc": "https://cdn0.woolworths.media/content/wowproductimages/medium/112315.jpg",
        "name": "Rice Mountain Bread  200g",
        "price": 3.99,
        "unitPrice": "$2.00 / 100G"
    },
    {
        "category": "bakery",
        "href": "https://www.woolworths.com.au/shop/productdetails/425869/woolworths-lemon-and-coconut-slice-bites",
        "imgName": "425869.jpg",
        "imgSrc": "https://cdn0.woolworths.media/content/wowproductimages/medium/425869.jpg",
        "name": "Woolworths Lemon And Coconut Slice Bites 8pk 208g",
        "price": 4.75,
        "unitPrice": "$2.38 / 100G"
    },
    {
        "category": "bakery",
        "href": "https://www.woolworths.com.au/shop/productdetails/445842/purebred-banana-bread-gluten-free",
        "imgName": "445842.jpg",
        "imgSrc": "https://cdn0.woolworths.media/content/wowproductimages/medium/445842.jpg",
        "name": "Purebred Banana Bread Gluten Free 320g",
        "price": 6.5,
        "unitPrice": "$2.03 / 100G"
    },
    {
        "category": "bakery",
        "href": "https://www.woolworths.com.au/shop/productdetails/312869/original-waffle-co-waffles-english-style",
        "imgName": "312869.jpg",
        "imgSrc": "https://cdn0.woolworths.media/content/wowproductimages/medium/312869.jpg",
        "name": "Original Waffle Co Waffles English Style 130g",
        "price": 3.69,
        "unitPrice": "$2.84 / 100G"
    },
    {
        "category": "bakery",
        "href": "https://www.woolworths.com.au/shop/productdetails/426050/woolworths-hedgehog-slice-bites",
        "imgName": "426050.jpg",
        "imgSrc": "https://cdn0.woolworths.media/content/wowproductimages/medium/426050.jpg",
        "name": "Woolworths Hedgehog Slice Bites 8pk 216g",
        "price": 4.75,
        "unitPrice": "$2.38 / 100G"
    },
    {
        "category": "bakery",
        "href": "https://www.woolworths.com.au/shop/productdetails/490966/cadbury-cakes-mini-rolls",
        "imgName": "490966.jpg",
        "imgSrc": "https://cdn0.woolworths.media/content/wowproductimages/medium/490966.jpg",
        "name": "Cadbury Cakes Mini Rolls 12pk 235g",
        "price": 6,
        "unitPrice": "$2.55 / 100G"
    },
    {
        "category": "bakery",
        "href": "https://www.woolworths.com.au/shop/productdetails/513903/woolworths-raspberry-coconut-cake",
        "imgName": "513903.jpg",
        "imgSrc": "https://cdn0.woolworths.media/content/wowproductimages/medium/513903.jpg",
        "name": "Woolworths Raspberry Coconut Cake 400g",
        "price": 7,
        "unitPrice": "$1.75 / 100G"
    },
    {
        "category": "bakery",
        "href": "https://www.woolworths.com.au/shop/productdetails/477576/ha-slow-cooked-pies-beef-mushroom",
        "imgName": "477576.jpg",
        "imgSrc": "https://cdn0.woolworths.media/content/wowproductimages/medium/477576.jpg",
        "name": "Ha Slow Cooked Pies Beef & Mushroom 200g",
        "price": 3.99,
        "unitPrice": "$2.00 / 100G"
    },
    {
        "category": "bakery",
        "href": "https://www.woolworths.com.au/shop/productdetails/645865/bakery-du-jour-brioche-burger-buns",
        "imgName": "645865.jpg",
        "imgSrc": "https://cdn0.woolworths.media/content/wowproductimages/medium/645865.jpg",
        "name": "Bakery Du Jour Brioche Burger Buns 4pk",
        "price": 2.7,
        "unitPrice": "$0.68 / 1EA"
    },
    {
        "category": "bakery",
        "href": "https://www.woolworths.com.au/shop/productdetails/659137/mission-roti-bread-traditional",
        "imgName": "659137.jpg",
        "imgSrc": "https://cdn0.woolworths.media/content/wowproductimages/medium/659137.jpg",
        "name": "Mission Roti Bread Traditional 280g 4pk",
        "price": 3.29,
        "unitPrice": "$1.18 / 100G"
    },
    {
        "category": "bakery",
        "href": "https://www.woolworths.com.au/shop/productdetails/586264/toscano-tiramisu",
        "imgName": "586264.jpg",
        "imgSrc": "https://cdn0.woolworths.media/content/wowproductimages/medium/586264.jpg",
        "name": "Toscano Tiramisu  500g",
        "price": 8,
        "unitPrice": "$1.60 / 100G"
    },
    {
        "category": "bakery",
        "href": "https://www.woolworths.com.au/shop/productdetails/586265/toscano-profiteroles",
        "imgName": "586265.jpg",
        "imgSrc": "https://cdn0.woolworths.media/content/wowproductimages/medium/586265.jpg",
        "name": "Toscano Profiteroles  450g",
        "price": 8,
        "unitPrice": "$1.78 / 100G"
    },
    {
        "category": "bakery",
        "href": "https://www.woolworths.com.au/shop/productdetails/708948/toscano-milk-honey-brioche-rolls",
        "imgName": "708948.jpg",
        "imgSrc": "https://cdn0.woolworths.media/content/wowproductimages/medium/708948.jpg",
        "name": "Toscano Milk & Honey Brioche Rolls 280g",
        "price": 4.98,
        "unitPrice": "$1.78 / 100G"
    },
    {
        "category": "bakery",
        "href": "https://www.woolworths.com.au/shop/productdetails/762525/golden-muffin-bites-banana-choc-chip",
        "imgName": "762525.jpg",
        "imgSrc": "https://cdn0.woolworths.media/content/wowproductimages/medium/762525.jpg",
        "name": "Golden Muffin Bites Banana Choc Chip 6pk 190g",
        "price": 4.99,
        "unitPrice": "$2.63 / 100G"
    }
]