[
    {
        "category": "dairy-eggs-fridge",
        "href": "https://www.woolworths.com.au/shop/productdetails/607485/naked-kitchen-mexican-black-bean-chilli-sauce",
        "imgName": "607485.jpg",
        "imgSrc": "https://cdn0.woolworths.media/content/wowproductimages/medium/607485.jpg",
        "name": "Naked Kitchen Mexican Black Bean Chilli Sauce 300g",
        "price": 5,
        "unitPrice": "$16.67 / 1KG"
    },
    {
        "category": "dairy-eggs-fridge",
        "href": "https://www.woolworths.com.au/shop/productdetails/505605/woolworths-chicken-dinner",
        "imgName": "505605.jpg",
        "imgSrc": "https://cdn0.woolworths.media/content/wowproductimages/medium/505605.jpg",
        "name": "Woolworths Chicken Dinner  360g",
        "price": 8.49,
        "unitPrice": "$2.36 / 100G"
    },
    {
        "category": "dairy-eggs-fridge",
        "href": "https://www.woolworths.com.au/shop/productdetails/638771/picasso-kitchen-cauliflower-base",
        "imgName": "638771.jpg",
        "imgSrc": "https://cdn0.woolworths.media/content/wowproductimages/medium/638771.jpg",
        "name": "Picasso Kitchen Cauliflower Base  170g",
        "price": 3.6,
        "unitPrice": "$2.12 / 100G"
    },
    {
        "category": "dairy-eggs-fridge",
        "href": "https://www.woolworths.com.au/shop/productdetails/516794/woolworths-soy-garlic-chicken-chilled-meal",
        "imgName": "516794.jpg",
        "imgSrc": "https://cdn0.woolworths.media/content/wowproductimages/medium/516794.jpg",
        "name": "Woolworths Soy Garlic Chicken Chilled Meal 350g",
        "price": 7.49,
        "unitPrice": "$2.14 / 100G"
    },
    {
        "category": "dairy-eggs-fridge",
        "href": "https://www.woolworths.com.au/shop/productdetails/320268/nuttelex-olive-table-spread",
        "imgName": "320268.jpg",
        "imgSrc": "https://cdn0.woolworths.media/content/wowproductimages/medium/320268.jpg",
        "name": "Nuttelex Olive Table Spread 500g",
        "price": 3.5,
        "unitPrice": "$0.70 / 100G"
    },
    {
        "category": "dairy-eggs-fridge",
        "href": "https://www.woolworths.com.au/shop/productdetails/608323/kraft-mac-cheese-four-cheese",
        "imgName": "608323.jpg",
        "imgSrc": "https://cdn0.woolworths.media/content/wowproductimages/medium/608323.jpg",
        "name": "Kraft Mac & Cheese Four Cheese 400g",
        "price": 5,
        "unitPrice": "$1.25 / 100G"
    },
    {
        "category": "dairy-eggs-fridge",
        "href": "https://www.woolworths.com.au/shop/productdetails/659701/danone-activia-seeds-grains-yoghurt",
        "imgName": "659701.jpg",
        "imgSrc": "https://cdn0.woolworths.media/content/wowproductimages/medium/659701.jpg",
        "name": "Danone Activia Seeds & Grains Yoghurt 500g",
        "price": 4.4,
        "unitPrice": "$0.88 / 100G"
    },
    {
        "category": "dairy-eggs-fridge",
        "href": "https://www.woolworths.com.au/shop/productdetails/531193/yumis-delights-sweet-potato-herb",
        "imgName": "531193.jpg",
        "imgSrc": "https://cdn0.woolworths.media/content/wowproductimages/medium/531193.jpg",
        "name": "Yumis Delights Sweet Potato & Herb  225g",
        "price": 5.5,
        "unitPrice": "$24.44 / 1KG"
    },
    {
        "category": "dairy-eggs-fridge",
        "href": "https://www.woolworths.com.au/shop/productdetails/662569/raguletto-spinach-ricotta-agnolotti",
        "imgName": "662569.jpg",
        "imgSrc": "https://cdn0.woolworths.media/content/wowproductimages/medium/662569.jpg",
        "name": "Raguletto Spinach & Ricotta Agnolotti 600g",
        "price": 4,
        "unitPrice": "$0.67 / 100G"
    },
    {
        "category": "dairy-eggs-fridge",
        "href": "https://www.woolworths.com.au/shop/productdetails/842223/farmers-own-full-cream-milk",
        "imgName": "842223.jpg",
        "imgSrc": "https://cdn0.woolworths.media/content/wowproductimages/medium/842223.jpg",
        "name": "Farmers Own Full Cream Milk 1l",
        "price": 2,
        "unitPrice": "$2.00 / 1L"
    },
    {
        "category": "dairy-eggs-fridge",
        "href": "https://www.woolworths.com.au/shop/productdetails/662565/leggo-s-four-cheese-tortellini",
        "imgName": "662565.jpg",
        "imgSrc": "https://cdn0.woolworths.media/content/wowproductimages/medium/662565.jpg",
        "name": "Leggo's Four Cheese Tortellini 630g",
        "price": 7.6,
        "unitPrice": "$1.21 / 100G"
    },
    {
        "category": "dairy-eggs-fridge",
        "href": "https://www.woolworths.com.au/shop/productdetails/829679/chobani-oats-banana-maple-yoghurt-pouch",
        "imgName": "829679.jpg",
        "imgSrc": "https://cdn0.woolworths.media/content/wowproductimages/medium/829679.jpg",
        "name": "Chobani Oats Banana Maple Yoghurt Pouch 140g",
        "price": 2.9,
        "unitPrice": "$2.07 / 100G"
    },
    {
        "category": "dairy-eggs-fridge",
        "href": "https://www.woolworths.com.au/shop/productdetails/620779/wicked-sisters-classic-mousse-chocolate",
        "imgName": "620779.jpg",
        "imgSrc": "https://cdn0.woolworths.media/content/wowproductimages/medium/620779.jpg",
        "name": "Wicked Sisters Classic Mousse Chocolate 2x80g",
        "price": 4,
        "unitPrice": "$2.50 / 100G"
    },
    {
        "category": "dairy-eggs-fridge",
        "href": "https://www.woolworths.com.au/shop/productdetails/605120/gippsland-dairy-double-cream",
        "imgName": "605120.jpg",
        "imgSrc": "https://cdn0.woolworths.media/content/wowproductimages/medium/605120.jpg",
        "name": "Gippsland Dairy Double Cream  200ml",
        "price": 4,
        "unitPrice": "$2.00 / 100ML"
    },
    {
        "category": "dairy-eggs-fridge",
        "href": "https://www.woolworths.com.au/shop/productdetails/624117/grand-italian-king-island-fennel-sausages",
        "imgName": "624117.jpg",
        "imgSrc": "https://cdn0.woolworths.media/content/wowproductimages/medium/624117.jpg",
        "name": "Grand Italian King Island Fennel Sausages 250g",
        "price": 6.5,
        "unitPrice": "$2.60 / 100G"
    },
    {
        "category": "dairy-eggs-fridge",
        "href": "https://www.woolworths.com.au/shop/productdetails/669552/califia-farms-unsweetened-almond",
        "imgName": "669552.jpg",
        "imgSrc": "https://cdn0.woolworths.media/content/wowproductimages/medium/669552.jpg",
        "name": "Califia Farms Unsweetened Almond 750ml",
        "price": 4,
        "unitPrice": "$5.33 / 1L"
    },
    {
        "category": "dairy-eggs-fridge",
        "href": "https://www.woolworths.com.au/shop/productdetails/786510/pitango-soup-free-range-chicken-veg",
        "imgName": "786510.jpg",
        "imgSrc": "https://cdn0.woolworths.media/content/wowproductimages/medium/786510.jpg",
        "name": "Pitango Soup Free Range Chicken & Veg 600g",
        "price": 7.5,
        "unitPrice": "$1.25 / 100G"
    },
    {
        "category": "dairy-eggs-fridge",
        "href": "https://www.woolworths.com.au/shop/productdetails/658532/a2-skim-milk-powder",
        "imgName": "658532.jpg",
        "imgSrc": "https://cdn0.woolworths.media/content/wowproductimages/medium/658532.jpg",
        "name": "A2 Skim Milk Powder 1kg",
        "price": 14,
        "unitPrice": "$1.40 / 100G"
    },
    {
        "category": "dairy-eggs-fridge",
        "href": "https://www.woolworths.com.au/shop/productdetails/488961/my-life-shredded-cheese-cheddar",
        "imgName": "488961.jpg",
        "imgSrc": "https://cdn0.woolworths.media/content/wowproductimages/medium/488961.jpg",
        "name": "My Life Shredded Cheese Cheddar 200g",
        "price": 8,
        "unitPrice": "$40.00 / 1KG"
    },
    {
        "category": "dairy-eggs-fridge",
        "href": "https://www.woolworths.com.au/shop/productdetails/538814/chris-dips-spring-onion",
        "imgName": "538814.jpg",
        "imgSrc": "https://cdn0.woolworths.media/content/wowproductimages/medium/538814.jpg",
        "name": "Chris' Dips Spring Onion  100g",
        "price": 2.3,
        "unitPrice": "$2.30 / 100G"
    },
    {
        "category": "dairy-eggs-fridge",
        "href": "https://www.woolworths.com.au/shop/productdetails/491820/hillview-tasty-shredded-cheese",
        "imgName": "491820.jpg",
        "imgSrc": "https://cdn0.woolworths.media/content/wowproductimages/medium/491820.jpg",
        "name": "Hillview Tasty Shredded Cheese  700g",
        "price": 5.5,
        "unitPrice": "$7.86 / 1KG"
    },
    {
        "category": "dairy-eggs-fridge",
        "href": "https://www.woolworths.com.au/shop/productdetails/208064/a2-full-cream-milk",
        "imgName": "208064.jpg",
        "imgSrc": "https://cdn0.woolworths.media/content/wowproductimages/medium/208064.jpg",
        "name": "A2 Full Cream Milk 2l",
        "price": 4.8,
        "unitPrice": "$2.40 / 1L"
    },
    {
        "category": "dairy-eggs-fridge",
        "href": "https://www.woolworths.com.au/shop/productdetails/105609/woolworths-sour-cream",
        "imgName": "105609.jpg",
        "imgSrc": "https://cdn0.woolworths.media/content/wowproductimages/medium/105609.jpg",
        "name": "Woolworths Sour Cream  300ml",
        "price": 1.5,
        "unitPrice": "$0.50 / 100ML"
    },
    {
        "category": "dairy-eggs-fridge",
        "href": "https://www.woolworths.com.au/shop/productdetails/500187/hillview-cheese-block",
        "imgName": "500187.jpg",
        "imgSrc": "https://cdn0.woolworths.media/content/wowproductimages/medium/500187.jpg",
        "name": "Hillview Cheese Block  1kg",
        "price": 6.6,
        "unitPrice": "$6.60 / 1KG"
    },
    {
        "category": "dairy-eggs-fridge",
        "href": "https://www.woolworths.com.au/shop/productdetails/886127/elderbrook-farms-caged-eggs",
        "imgName": "886127.jpg",
        "imgSrc": "https://cdn0.woolworths.media/content/wowproductimages/medium/886127.jpg",
        "name": "Elderbrook Farms Caged Eggs  700g 12pk",
        "price": 3,
        "unitPrice": "$0.43 / 100G"
    },
    {
        "category": "dairy-eggs-fridge",
        "href": "https://www.woolworths.com.au/shop/productdetails/581346/little-bud-mac-n-cheese",
        "imgName": "581346.jpg",
        "imgSrc": "https://cdn0.woolworths.media/content/wowproductimages/medium/581346.jpg",
        "name": "Little Bud Mac N Cheese  200g",
        "price": 5.99,
        "unitPrice": "$3.00 / 100G"
    },
    {
        "category": "dairy-eggs-fridge",
        "href": "https://www.woolworths.com.au/shop/productdetails/626855/vegie-delights-vegie-mince",
        "imgName": "626855.jpg",
        "imgSrc": "https://cdn0.woolworths.media/content/wowproductimages/medium/626855.jpg",
        "name": "Vegie Delights Vegie Mince  400g",
        "price": 7,
        "unitPrice": "$17.50 / 1KG"
    },
    {
        "category": "dairy-eggs-fridge",
        "href": "https://www.woolworths.com.au/shop/productdetails/531021/slogue-pork-water-chestnut-dim-sims",
        "imgName": "default.png",
        "imgSrc": "https://cdn0.woolworths.media/content/wowproductimages/large/default.png",
        "name": "Slogue Pork & Water Chestnut Dim Sims 12pk 550g",
        "price": 14.99,
        "unitPrice": "$2.73 / 100G"
    },
    {
        "category": "dairy-eggs-fridge",
        "href": "https://www.woolworths.com.au/shop/productdetails/624762/grand-italian-porcini-mushrooms-in-truffle-oil",
        "imgName": "624762.jpg",
        "imgSrc": "https://cdn0.woolworths.media/content/wowproductimages/medium/624762.jpg",
        "name": "Grand Italian Porcini Mushrooms In Truffle Oil 250g",
        "price": 6.5,
        "unitPrice": "$2.60 / 100G"
    },
    {
        "category": "dairy-eggs-fridge",
        "href": "https://www.woolworths.com.au/shop/productdetails/580711/kerrygold-butter-pat-unsalted",
        "imgName": "580711.jpg",
        "imgSrc": "https://cdn0.woolworths.media/content/wowproductimages/medium/580711.jpg",
        "name": "Kerrygold Butter Pat Unsalted 250g",
        "price": 6,
        "unitPrice": "$2.40 / 100G"
    },
    {
        "category": "dairy-eggs-fridge",
        "href": "https://www.woolworths.com.au/shop/productdetails/614354/ppc-kimchi-with-napa-cabbage-kale",
        "imgName": "614354.jpg",
        "imgSrc": "https://cdn0.woolworths.media/content/wowproductimages/medium/614354.jpg",
        "name": "Ppc Kimchi With Napa Cabbage & Kale 250g",
        "price": 6,
        "unitPrice": "$24.00 / 1KG"
    },
    {
        "category": "dairy-eggs-fridge",
        "href": "https://www.woolworths.com.au/shop/productdetails/649302/woolworths-skyr-strawberry-yoghurt",
        "imgName": "649302.jpg",
        "imgSrc": "https://cdn0.woolworths.media/content/wowproductimages/medium/649302.jpg",
        "name": "Woolworths Skyr Strawberry Yoghurt 170g",
        "price": 2.8,
        "unitPrice": "$1.65 / 100G"
    },
    {
        "category": "dairy-eggs-fridge",
        "href": "https://www.woolworths.com.au/shop/productdetails/248248/uncle-tobys-muesli-bars-yoghurt-mango-passionfruit",
        "imgName": "248248.jpg",
        "imgSrc": "https://cdn0.woolworths.media/content/wowproductimages/medium/248248.jpg",
        "name": "Uncle Tobys Muesli Bars Yoghurt & Mango & Passionfruit 6pk 185g",
        "price": 4,
        "unitPrice": "$2.16 / 100G"
    },
    {
        "category": "dairy-eggs-fridge",
        "href": "https://www.woolworths.com.au/shop/productdetails/248257/uncle-tobys-muesli-bars-yoghurt-honeycomb",
        "imgName": "248257.jpg",
        "imgSrc": "https://cdn0.woolworths.media/content/wowproductimages/medium/248257.jpg",
        "name": "Uncle Tobys Muesli Bars Yoghurt & Honeycomb 8pk 185g",
        "price": 4,
        "unitPrice": "$2.16 / 100G"
    },
    {
        "category": "dairy-eggs-fridge",
        "href": "https://www.woolworths.com.au/shop/productdetails/858232/philadelphia-original-spread-tub",
        "imgName": "858232.jpg",
        "imgSrc": "https://cdn0.woolworths.media/content/wowproductimages/medium/858232.jpg",
        "name": "Philadelphia Original Spread Tub 140g",
        "price": 3.3,
        "unitPrice": "$23.57 / 1KG"
    },
    {
        "category": "dairy-eggs-fridge",
        "href": "https://www.woolworths.com.au/shop/productdetails/572298/emma-and-tom-s-strawberry-milk",
        "imgName": "572298.jpg",
        "imgSrc": "https://cdn0.woolworths.media/content/wowproductimages/medium/572298.jpg",
        "name": "Emma And Tom's Strawberry Milk  350ml",
        "price": 3.65,
        "unitPrice": "$10.43 / 1L"
    },
    {
        "category": "dairy-eggs-fridge",
        "href": "https://www.woolworths.com.au/shop/productdetails/510428/belvita-strawberry-yoghurt-breakfast-biscuits",
        "imgName": "510428.jpg",
        "imgSrc": "https://cdn0.woolworths.media/content/wowproductimages/medium/510428.jpg",
        "name": "Belvita Strawberry Yoghurt Breakfast Biscuits 5 pack 253g",
        "price": 4.5,
        "unitPrice": "$1.78 / 100G"
    },
    {
        "category": "dairy-eggs-fridge",
        "href": "https://www.woolworths.com.au/shop/productdetails/710870/liddells-high-calcium-skim-milk-lactose-free",
        "imgName": "710870.jpg",
        "imgSrc": "https://cdn0.woolworths.media/content/wowproductimages/medium/710870.jpg",
        "name": "Liddells High Calcium Skim Milk Lactose Free 1l",
        "price": 2.2,
        "unitPrice": "$2.20 / 1L"
    },
    {
        "category": "dairy-eggs-fridge",
        "href": "https://www.woolworths.com.au/shop/productdetails/75645/devondale-butter",
        "imgName": "075645.jpg",
        "imgSrc": "https://cdn0.woolworths.media/content/wowproductimages/medium/075645.jpg",
        "name": "Devondale Butter  250g",
        "price": 3.8,
        "unitPrice": "$1.52 / 100G"
    },
    {
        "category": "dairy-eggs-fridge",
        "href": "https://www.woolworths.com.au/shop/productdetails/661444/logicol-classic-rich-creamy-spread",
        "imgName": "661444.jpg",
        "imgSrc": "https://cdn0.woolworths.media/content/wowproductimages/medium/661444.jpg",
        "name": "Logicol Classic Rich & Creamy Spread 500g",
        "price": 6,
        "unitPrice": "$1.20 / 100G"
    },
    {
        "category": "dairy-eggs-fridge",
        "href": "https://www.woolworths.com.au/shop/productdetails/18805/allowrie-unsalted-cultured-butter",
        "imgName": "018805.jpg",
        "imgSrc": "https://cdn0.woolworths.media/content/wowproductimages/medium/018805.jpg",
        "name": "Allowrie Unsalted Cultured Butter 250g",
        "price": 4,
        "unitPrice": "$1.60 / 100G"
    },
    {
        "category": "dairy-eggs-fridge",
        "href": "https://www.woolworths.com.au/shop/productdetails/738494/belvita-honey-nut-breakfast-biscuits",
        "imgName": "738494.jpg",
        "imgSrc": "https://cdn0.woolworths.media/content/wowproductimages/medium/738494.jpg",
        "name": "Belvita Honey & Nut Breakfast Biscuits 300g",
        "price": 4,
        "unitPrice": "$1.33 / 100G"
    },
    {
        "category": "dairy-eggs-fridge",
        "href": "https://www.woolworths.com.au/shop/productdetails/526950/woolworths-light-tasty-cheese-block",
        "imgName": "526950.jpg",
        "imgSrc": "https://cdn0.woolworths.media/content/wowproductimages/medium/526950.jpg",
        "name": "Woolworths Light Tasty Cheese Block  250g",
        "price": 4,
        "unitPrice": "$16.00 / 1KG"
    },
    {
        "category": "dairy-eggs-fridge",
        "href": "https://www.woolworths.com.au/shop/productdetails/48272/allowrie-butter",
        "imgName": "048272.jpg",
        "imgSrc": "https://cdn0.woolworths.media/content/wowproductimages/medium/048272.jpg",
        "name": "Allowrie Butter  250g",
        "price": 4,
        "unitPrice": "$1.60 / 100G"
    },
    {
        "category": "dairy-eggs-fridge",
        "href": "https://www.woolworths.com.au/shop/productdetails/658474/ballantyne-salted-rolled-butter",
        "imgName": "658474.jpg",
        "imgSrc": "https://cdn0.woolworths.media/content/wowproductimages/medium/658474.jpg",
        "name": "Ballantyne Salted Rolled Butter 250g",
        "price": 5.5,
        "unitPrice": "$2.20 / 100G"
    },
    {
        "category": "dairy-eggs-fridge",
        "href": "https://www.woolworths.com.au/shop/productdetails/971576/ritz-mini-multipack",
        "imgName": "971576.jpg",
        "imgSrc": "https://cdn0.woolworths.media/content/wowproductimages/medium/971576.jpg",
        "name": "Ritz Mini Multipack  150g",
        "price": 3.2,
        "unitPrice": "$2.13 / 100G"
    },
    {
        "category": "dairy-eggs-fridge",
        "href": "https://www.woolworths.com.au/shop/productdetails/582097/woolworths-cage-free-eggs",
        "imgName": "582097.jpg",
        "imgSrc": "https://cdn0.woolworths.media/content/wowproductimages/medium/582097.jpg",
        "name": "Woolworths Cage Free Eggs 12pk 700g",
        "price": 3.6,
        "unitPrice": "$0.51 / 100G"
    },
    {
        "category": "dairy-eggs-fridge",
        "href": "https://www.woolworths.com.au/shop/productdetails/262454/nuttelex-pulse-buttery-margarine-spread",
        "imgName": "262454.jpg",
        "imgSrc": "https://cdn0.woolworths.media/content/wowproductimages/medium/262454.jpg",
        "name": "Nuttelex Pulse Buttery Margarine Spread 500g",
        "price": 4.5,
        "unitPrice": "$0.90 / 100G"
    },
    {
        "category": "dairy-eggs-fridge",
        "href": "https://www.woolworths.com.au/shop/productdetails/48705/dairy-farmers-light-sour-cream",
        "imgName": "048705.jpg",
        "imgSrc": "https://cdn0.woolworths.media/content/wowproductimages/medium/048705.jpg",
        "name": "Dairy Farmers Light Sour Cream 250g",
        "price": 2.45,
        "unitPrice": "$0.98 / 100G"
    },
    {
        "category": "dairy-eggs-fridge",
        "href": "https://www.woolworths.com.au/shop/productdetails/962315/julieanne-s-kitchen-pate-duck-shiraz",
        "imgName": "962315.jpg",
        "imgSrc": "https://cdn0.woolworths.media/content/wowproductimages/medium/962315.jpg",
        "name": "Julieanne's Kitchen Pate Duck & Shiraz 140g",
        "price": 8.98,
        "unitPrice": "$6.41 / 100G"
    },
    {
        "category": "dairy-eggs-fridge",
        "href": "https://www.woolworths.com.au/shop/productdetails/248249/uncle-tobys-muesli-bars-chewy-choc-chip",
        "imgName": "248249.jpg",
        "imgSrc": "https://cdn0.woolworths.media/content/wowproductimages/medium/248249.jpg",
        "name": "Uncle Tobys Muesli Bars Chewy Choc Chip 6pk 185g",
        "price": 4,
        "unitPrice": "$2.16 / 100G"
    },
    {
        "category": "dairy-eggs-fridge",
        "href": "https://www.woolworths.com.au/shop/productdetails/346555/laughing-cow-cheese",
        "imgName": "346555.jpg",
        "imgSrc": "https://cdn0.woolworths.media/content/wowproductimages/medium/346555.jpg",
        "name": "Laughing Cow Cheese  8pk 128g",
        "price": 3.35,
        "unitPrice": "$26.17 / 1KG"
    },
    {
        "category": "dairy-eggs-fridge",
        "href": "https://www.woolworths.com.au/shop/productdetails/12958/bega-super-slim-cheese-slices",
        "imgName": "012958.jpg",
        "imgSrc": "https://cdn0.woolworths.media/content/wowproductimages/medium/012958.jpg",
        "name": "Bega Super Slim Cheese Slices 12pk 250g",
        "price": 3.5,
        "unitPrice": "$14.00 / 1KG"
    },
    {
        "category": "dairy-eggs-fridge",
        "href": "https://www.woolworths.com.au/shop/productdetails/658104/chobani-banana-pouch",
        "imgName": "658104.jpg",
        "imgSrc": "https://cdn0.woolworths.media/content/wowproductimages/medium/658104.jpg",
        "name": "Chobani Banana Pouch 140g",
        "price": 2.25,
        "unitPrice": "$1.61 / 100G"
    },
    {
        "category": "dairy-eggs-fridge",
        "href": "https://www.woolworths.com.au/shop/productdetails/760429/sunny-queen-caged-eggs-jumbo",
        "imgName": "760429.jpg",
        "imgSrc": "https://cdn0.woolworths.media/content/wowproductimages/medium/760429.jpg",
        "name": "Sunny Queen Caged Eggs Jumbo 18pk 600g",
        "price": 7.5,
        "unitPrice": "$1.25 / 100G"
    },
    {
        "category": "dairy-eggs-fridge",
        "href": "https://www.woolworths.com.au/shop/productdetails/799093/dairylea-fridge-sticks-cheese",
        "imgName": "799093.jpg",
        "imgSrc": "https://cdn0.woolworths.media/content/wowproductimages/medium/799093.jpg",
        "name": "Dairylea Fridge Sticks Cheese 160g",
        "price": 4.55,
        "unitPrice": "$28.44 / 1KG"
    },
    {
        "category": "dairy-eggs-fridge",
        "href": "https://www.woolworths.com.au/shop/productdetails/29050/mil-lel-parmesan-cheese",
        "imgName": "029050.jpg",
        "imgSrc": "https://cdn0.woolworths.media/content/wowproductimages/medium/029050.jpg",
        "name": "Mil Lel Parmesan Cheese 250g",
        "price": 6.8,
        "unitPrice": "$27.20 / 1KG"
    },
    {
        "category": "dairy-eggs-fridge",
        "href": "https://www.woolworths.com.au/shop/productdetails/465845/danone-ultimate-greek-yoghurt-vanilla",
        "imgName": "465845.jpg",
        "imgSrc": "https://cdn0.woolworths.media/content/wowproductimages/medium/465845.jpg",
        "name": "Danone Ultimate Greek Yoghurt Vanilla 4x125g",
        "price": 4.4,
        "unitPrice": "$0.88 / 100G"
    },
    {
        "category": "dairy-eggs-fridge",
        "href": "https://www.woolworths.com.au/shop/productdetails/48004/copha-oil-solid-cooking-block",
        "imgName": "048004.jpg",
        "imgSrc": "https://cdn0.woolworths.media/content/wowproductimages/medium/048004.jpg",
        "name": "Copha Oil Solid Cooking Block 250g",
        "price": 2.85,
        "unitPrice": "$1.14 / 100G"
    },
    {
        "category": "dairy-eggs-fridge",
        "href": "https://www.woolworths.com.au/shop/productdetails/793398/carnation-lite-cooking-cream",
        "imgName": "793398.jpg",
        "imgSrc": "https://cdn0.woolworths.media/content/wowproductimages/medium/793398.jpg",
        "name": "Carnation Lite Cooking Cream  300ml",
        "price": 3.5,
        "unitPrice": "$1.17 / 100ML"
    },
    {
        "category": "dairy-eggs-fridge",
        "href": "https://www.woolworths.com.au/shop/productdetails/549610/mainland-on-the-go-snack-cream-cheese-pepper",
        "imgName": "549610.jpg",
        "imgSrc": "https://cdn0.woolworths.media/content/wowproductimages/medium/549610.jpg",
        "name": "Mainland On The Go Snack Cream Cheese & Pepper 55g",
        "price": 3,
        "unitPrice": "$54.55 / 1KG"
    },
    {
        "category": "dairy-eggs-fridge",
        "href": "https://www.woolworths.com.au/shop/productdetails/769057/mil-lel-shaved-parmesan-cheese",
        "imgName": "769057.jpg",
        "imgSrc": "https://cdn0.woolworths.media/content/wowproductimages/medium/769057.jpg",
        "name": "Mil Lel Shaved Parmesan Cheese 250g",
        "price": 6,
        "unitPrice": "$24.00 / 1KG"
    },
    {
        "category": "dairy-eggs-fridge",
        "href": "https://www.woolworths.com.au/shop/productdetails/780390/perfect-italiano-shredded-mozzarella",
        "imgName": "780390.jpg",
        "imgSrc": "https://cdn0.woolworths.media/content/wowproductimages/medium/780390.jpg",
        "name": "Perfect Italiano Shredded Mozzarella 450g",
        "price": 7.5,
        "unitPrice": "$16.67 / 1KG"
    },
    {
        "category": "dairy-eggs-fridge",
        "href": "https://www.woolworths.com.au/shop/productdetails/477988/philadelphia-snack-tub-light",
        "imgName": "477988.jpg",
        "imgSrc": "https://cdn0.woolworths.media/content/wowproductimages/medium/477988.jpg",
        "name": "Philadelphia Snack Tub Light 136g",
        "price": 2.9,
        "unitPrice": "$21.32 / 1KG"
    },
    {
        "category": "dairy-eggs-fridge",
        "href": "https://www.woolworths.com.au/shop/productdetails/493529/aunt-betty-s-creamy-rice-dessert-natural-vanilla",
        "imgName": "493529.jpg",
        "imgSrc": "https://cdn0.woolworths.media/content/wowproductimages/medium/493529.jpg",
        "name": "Aunt Betty's Creamy Rice Dessert Natural Vanilla 240g",
        "price": 3,
        "unitPrice": "$1.25 / 100G"
    },
    {
        "category": "dairy-eggs-fridge",
        "href": "https://www.woolworths.com.au/shop/productdetails/943481/woolworths-essentials-honey",
        "imgName": "943481.jpg",
        "imgSrc": "https://cdn0.woolworths.media/content/wowproductimages/medium/943481.jpg",
        "name": "Woolworths Essentials Honey  700g",
        "price": 6,
        "unitPrice": "$0.86 / 100G"
    },
    {
        "category": "dairy-eggs-fridge",
        "href": "https://www.woolworths.com.au/shop/productdetails/319050/sunny-queen-barn-laid-natural-grain-cage-free-eggs",
        "imgName": "319050.jpg",
        "imgSrc": "https://cdn0.woolworths.media/content/wowproductimages/medium/319050.jpg",
        "name": "Sunny Queen Barn Laid Natural Grain Cage Free Eggs 12pk 600g",
        "price": 5.1,
        "unitPrice": "$0.85 / 100G"
    },
    {
        "category": "dairy-eggs-fridge",
        "href": "https://www.woolworths.com.au/shop/productdetails/785067/oreo-original-grab-n-go",
        "imgName": "785067.jpg",
        "imgSrc": "https://cdn0.woolworths.media/content/wowproductimages/medium/785067.jpg",
        "name": "Oreo Original Grab 'n Go 9pk 264.6g",
        "price": 4,
        "unitPrice": "$1.51 / 100G"
    },
    {
        "category": "dairy-eggs-fridge",
        "href": "https://www.woolworths.com.au/shop/productdetails/779237/woolworths-free-from-gluten-chocolate-chip-biscuit",
        "imgName": "779237.jpg",
        "imgSrc": "https://cdn0.woolworths.media/content/wowproductimages/medium/779237.jpg",
        "name": "Woolworths Free From Gluten Chocolate Chip Biscuit 160g",
        "price": 3.99,
        "unitPrice": "$2.49 / 100G"
    },
    {
        "category": "dairy-eggs-fridge",
        "href": "https://www.woolworths.com.au/shop/productdetails/641527/arnott-s-shapes-originals-barbecue",
        "imgName": "641527.jpg",
        "imgSrc": "https://cdn0.woolworths.media/content/wowproductimages/medium/641527.jpg",
        "name": "Arnott's Shapes Originals Barbecue 8pk 200g",
        "price": 4,
        "unitPrice": "$2.00 / 100G"
    },
    {
        "category": "dairy-eggs-fridge",
        "href": "https://www.woolworths.com.au/shop/productdetails/641535/arnott-s-shapes-mini-chicken-crimpy",
        "imgName": "641535.jpg",
        "imgSrc": "https://cdn0.woolworths.media/content/wowproductimages/medium/641535.jpg",
        "name": "Arnott's Shapes Mini Chicken Crimpy 8pk 200g",
        "price": 4,
        "unitPrice": "$2.00 / 100G"
    },
    {
        "category": "dairy-eggs-fridge",
        "href": "https://www.woolworths.com.au/shop/productdetails/260963/babybel-mini-light-tasty-cheese-portions",
        "imgName": "260963.jpg",
        "imgSrc": "https://cdn0.woolworths.media/content/wowproductimages/medium/260963.jpg",
        "name": "Babybel Mini Light Tasty Cheese Portions 100g",
        "price": 4.2,
        "unitPrice": "$42.00 / 1KG"
    },
    {
        "category": "dairy-eggs-fridge",
        "href": "https://www.woolworths.com.au/shop/productdetails/641531/arnott-s-shapes-originals-pizza",
        "imgName": "641531.jpg",
        "imgSrc": "https://cdn0.woolworths.media/content/wowproductimages/medium/641531.jpg",
        "name": "Arnott's Shapes Originals Pizza 8pk 200g",
        "price": 4,
        "unitPrice": "$2.00 / 100G"
    },
    {
        "category": "dairy-eggs-fridge",
        "href": "https://www.woolworths.com.au/shop/productdetails/611904/chobani-flip-greek-yoghurt-mint-choc-chip",
        "imgName": "611904.jpg",
        "imgSrc": "https://cdn0.woolworths.media/content/wowproductimages/medium/611904.jpg",
        "name": "Chobani Flip Greek Yoghurt Mint Choc Chip 140g",
        "price": 3,
        "unitPrice": "$2.14 / 100G"
    },
    {
        "category": "dairy-eggs-fridge",
        "href": "https://www.woolworths.com.au/shop/productdetails/41402/bulla-low-fat-original-cottage-cheese",
        "imgName": "041402.jpg",
        "imgSrc": "https://cdn0.woolworths.media/content/wowproductimages/medium/041402.jpg",
        "name": "Bulla Low Fat Original Cottage Cheese 200g",
        "price": 2.75,
        "unitPrice": "$13.75 / 1KG"
    },
    {
        "category": "dairy-eggs-fridge",
        "href": "https://www.woolworths.com.au/shop/productdetails/64076/dairylea-cheestik-sticks-sticks",
        "imgName": "064076.jpg",
        "imgSrc": "https://cdn0.woolworths.media/content/wowproductimages/medium/064076.jpg",
        "name": "Dairylea Cheestik Sticks Sticks 240g",
        "price": 5.6,
        "unitPrice": "$23.33 / 1KG"
    },
    {
        "category": "dairy-eggs-fridge",
        "href": "https://www.woolworths.com.au/shop/productdetails/541308/chobani-meze-dip-caramalised-onion",
        "imgName": "541308.jpg",
        "imgSrc": "https://cdn0.woolworths.media/content/wowproductimages/medium/541308.jpg",
        "name": "Chobani Meze Dip Caramalised Onion 150g",
        "price": 4,
        "unitPrice": "$2.67 / 100G"
    },
    {
        "category": "dairy-eggs-fridge",
        "href": "https://www.woolworths.com.au/shop/productdetails/363482/woolworths-lite-cream-cheese",
        "imgName": "363482.jpg",
        "imgSrc": "https://cdn0.woolworths.media/content/wowproductimages/medium/363482.jpg",
        "name": "Woolworths Lite Cream Cheese 250g",
        "price": 2.75,
        "unitPrice": "$11.00 / 1KG"
    },
    {
        "category": "dairy-eggs-fridge",
        "href": "https://www.woolworths.com.au/shop/productdetails/748944/macro-tofu-chinese-honey-soy",
        "imgName": "748944.jpg",
        "imgSrc": "https://cdn0.woolworths.media/content/wowproductimages/medium/748944.jpg",
        "name": "Macro Tofu Chinese Honey Soy 200g",
        "price": 4,
        "unitPrice": "$20.00 / 1KG"
    },
    {
        "category": "dairy-eggs-fridge",
        "href": "https://www.woolworths.com.au/shop/productdetails/629521/supernatural-mushroom-potato-pasta-sauce",
        "imgName": "629521.jpg",
        "imgSrc": "https://cdn0.woolworths.media/content/wowproductimages/medium/629521.jpg",
        "name": "Supernatural Mushroom & Potato Pasta Sauce 300g",
        "price": 8,
        "unitPrice": "$26.67 / 1KG"
    },
    {
        "category": "dairy-eggs-fridge",
        "href": "https://www.woolworths.com.au/shop/productdetails/367791/macro-organic-salted-butter",
        "imgName": "367791.jpg",
        "imgSrc": "https://cdn0.woolworths.media/content/wowproductimages/medium/367791.jpg",
        "name": "Macro Organic Salted Butter 250g",
        "price": 3.7,
        "unitPrice": "$1.48 / 100G"
    },
    {
        "category": "dairy-eggs-fridge",
        "href": "https://www.woolworths.com.au/shop/productdetails/575580/woolworths-double-cream-camembert",
        "imgName": "575580.jpg",
        "imgSrc": "https://cdn0.woolworths.media/content/wowproductimages/medium/575580.jpg",
        "name": "Woolworths Double Cream Camembert 125g",
        "price": 3.5,
        "unitPrice": "$28.00 / 1KG"
    },
    {
        "category": "dairy-eggs-fridge",
        "href": "https://www.woolworths.com.au/shop/productdetails/695083/macro-silken-tofu",
        "imgName": "695083.jpg",
        "imgSrc": "https://cdn0.woolworths.media/content/wowproductimages/medium/695083.jpg",
        "name": "Macro Silken Tofu 300g",
        "price": 2.3,
        "unitPrice": "$7.67 / 1KG"
    },
    {
        "category": "dairy-eggs-fridge",
        "href": "https://www.woolworths.com.au/shop/productdetails/15865/perfect-italiano-parmesan-cheese",
        "imgName": "015865.jpg",
        "imgSrc": "https://cdn0.woolworths.media/content/wowproductimages/medium/015865.jpg",
        "name": "Perfect Italiano Parmesan Cheese 250g",
        "price": 6.1,
        "unitPrice": "$24.40 / 1KG"
    },
    {
        "category": "dairy-eggs-fridge",
        "href": "https://www.woolworths.com.au/shop/productdetails/702612/black-swan-dip-crafted-guacamole-smooth-zesty",
        "imgName": "702612.jpg",
        "imgSrc": "https://cdn0.woolworths.media/content/wowproductimages/medium/702612.jpg",
        "name": "Black Swan Dip Crafted Guacamole Smooth & Zesty 200g",
        "price": 4,
        "unitPrice": "$2.00 / 100G"
    },
    {
        "category": "dairy-eggs-fridge",
        "href": "https://www.woolworths.com.au/shop/productdetails/48810/weight-watchers-cottage-cheese",
        "imgName": "048810.jpg",
        "imgSrc": "https://cdn0.woolworths.media/content/wowproductimages/medium/048810.jpg",
        "name": "Weight Watchers Cottage Cheese  250g",
        "price": 4,
        "unitPrice": "$16.00 / 1KG"
    },
    {
        "category": "dairy-eggs-fridge",
        "href": "https://www.woolworths.com.au/shop/productdetails/207794/pantalica-parmesan-cheese",
        "imgName": "207794.jpg",
        "imgSrc": "https://cdn0.woolworths.media/content/wowproductimages/medium/207794.jpg",
        "name": "Pantalica Parmesan Cheese 100g",
        "price": 2.4,
        "unitPrice": "$24.00 / 1KG"
    },
    {
        "category": "dairy-eggs-fridge",
        "href": "https://www.woolworths.com.au/shop/productdetails/323291/black-swan-dip-crafted-roasted-garlic-hommus",
        "imgName": "323291.jpg",
        "imgSrc": "https://cdn0.woolworths.media/content/wowproductimages/medium/323291.jpg",
        "name": "Black Swan Dip Crafted Roasted Garlic Hommus 200g",
        "price": 4,
        "unitPrice": "$2.00 / 100G"
    },
    {
        "category": "dairy-eggs-fridge",
        "href": "https://www.woolworths.com.au/shop/productdetails/383464/zeagold-frozen-pasteurised-egg-white-pasteurised",
        "imgName": "383464.jpg",
        "imgSrc": "https://cdn0.woolworths.media/content/wowproductimages/medium/383464.jpg",
        "name": "Zeagold Frozen Pasteurised Egg White Pasteurised 980ml",
        "price": 9,
        "unitPrice": "$0.92 / 100ML"
    },
    {
        "category": "dairy-eggs-fridge",
        "href": "https://www.woolworths.com.au/shop/productdetails/538539/chris-dips-hommus",
        "imgName": "538539.jpg",
        "imgSrc": "https://cdn0.woolworths.media/content/wowproductimages/medium/538539.jpg",
        "name": "Chris' Dips Hommus  100g",
        "price": 2.3,
        "unitPrice": "$2.30 / 100G"
    },
    {
        "category": "dairy-eggs-fridge",
        "href": "https://www.woolworths.com.au/shop/productdetails/750533/woolworths-snacks-soya-crisps-chilli-lime",
        "imgName": "750533.jpg",
        "imgSrc": "https://cdn0.woolworths.media/content/wowproductimages/medium/750533.jpg",
        "name": "Woolworths Snacks Soya Crisps Chilli & Lime 400g pack",
        "price": 7,
        "unitPrice": "$17.50 / 1KG"
    },
    {
        "category": "dairy-eggs-fridge",
        "href": "https://www.woolworths.com.au/shop/productdetails/780072/obela-grab-go-roast-capsicum-hommus",
        "imgName": "780072.jpg",
        "imgSrc": "https://cdn0.woolworths.media/content/wowproductimages/medium/780072.jpg",
        "name": "Obela Grab & Go Roast Capsicum Hommus 125g",
        "price": 3,
        "unitPrice": "$2.40 / 100G"
    },
    {
        "category": "dairy-eggs-fridge",
        "href": "https://www.woolworths.com.au/shop/productdetails/793391/pureharvest-coco-quench-coconut-milk",
        "imgName": "793391.jpg",
        "imgSrc": "https://cdn0.woolworths.media/content/wowproductimages/medium/793391.jpg",
        "name": "Pureharvest Coco Quench Coconut Milk 1l",
        "price": 3.5,
        "unitPrice": "$3.50 / 1L"
    },
    {
        "category": "dairy-eggs-fridge",
        "href": "https://www.woolworths.com.au/shop/productdetails/952508/rafferty-s-garden-yoghurt-pouch-apple-pear-cinnamon",
        "imgName": "952508.jpg",
        "imgSrc": "https://cdn0.woolworths.media/content/wowproductimages/medium/952508.jpg",
        "name": "Rafferty's Garden Yoghurt Pouch Apple Pear & Cinnamon 90g",
        "price": 1.7,
        "unitPrice": "$1.89 / 100G"
    },
    {
        "category": "dairy-eggs-fridge",
        "href": "https://www.woolworths.com.au/shop/productdetails/935288/evia-coconut-toasted-muesli-yoghurt-pods",
        "imgName": "935288.jpg",
        "imgSrc": "https://cdn0.woolworths.media/content/wowproductimages/medium/935288.jpg",
        "name": "Evia Coconut & Toasted Muesli Yoghurt Pods 170g",
        "price": 2.7,
        "unitPrice": "$1.59 / 100G"
    },
    {
        "category": "dairy-eggs-fridge",
        "href": "https://www.woolworths.com.au/shop/productdetails/535631/gippsland-yoghurt-boysenberry",
        "imgName": "535631.jpg",
        "imgSrc": "https://cdn0.woolworths.media/content/wowproductimages/medium/535631.jpg",
        "name": "Gippsland Yoghurt Boysenberry 160g",
        "price": 2.85,
        "unitPrice": "$1.78 / 100G"
    },
    {
        "category": "dairy-eggs-fridge",
        "href": "https://www.woolworths.com.au/shop/productdetails/41404/bulla-onion-chives-cottage-cheese",
        "imgName": "041404.jpg",
        "imgSrc": "https://cdn0.woolworths.media/content/wowproductimages/medium/041404.jpg",
        "name": "Bulla Onion & Chives Cottage Cheese 200g",
        "price": 2.75,
        "unitPrice": "$13.75 / 1KG"
    },
    {
        "category": "dairy-eggs-fridge",
        "href": "https://www.woolworths.com.au/shop/productdetails/262883/natures-best-free-range-eggs",
        "imgName": "262883.jpg",
        "imgSrc": "https://cdn0.woolworths.media/content/wowproductimages/medium/262883.jpg",
        "name": "Natures Best Free Range Eggs 12pk 660g",
        "price": 6,
        "unitPrice": "$0.91 / 100G"
    },
    {
        "category": "dairy-eggs-fridge",
        "href": "https://www.woolworths.com.au/shop/productdetails/509491/tamar-valley-kids-yoghurt-pouch-tropical",
        "imgName": "509491.jpg",
        "imgSrc": "https://cdn0.woolworths.media/content/wowproductimages/medium/509491.jpg",
        "name": "Tamar Valley Kids Yoghurt Pouch Tropical 110g",
        "price": 1.7,
        "unitPrice": "$1.55 / 100G"
    },
    {
        "category": "dairy-eggs-fridge",
        "href": "https://www.woolworths.com.au/shop/productdetails/295891/mainland-epicure-cheese",
        "imgName": "295891.jpg",
        "imgSrc": "https://cdn0.woolworths.media/content/wowproductimages/medium/295891.jpg",
        "name": "Mainland Epicure Cheese 200g",
        "price": 6,
        "unitPrice": "$30.00 / 1KG"
    },
    {
        "category": "dairy-eggs-fridge",
        "href": "https://www.woolworths.com.au/shop/productdetails/727170/oak-iced-coffee",
        "imgName": "727170.jpg",
        "imgSrc": "https://cdn0.woolworths.media/content/wowproductimages/medium/727170.jpg",
        "name": "Oak Iced Coffee  750ml",
        "price": 3.3,
        "unitPrice": "$4.40 / 1L"
    },
    {
        "category": "dairy-eggs-fridge",
        "href": "https://www.woolworths.com.au/shop/productdetails/841260/ancient-fire-original-naan-bread",
        "imgName": "841260.jpg",
        "imgSrc": "https://cdn0.woolworths.media/content/wowproductimages/medium/841260.jpg",
        "name": "Ancient Fire Original Naan Bread  250g",
        "price": 3.5,
        "unitPrice": "$1.40 / 100G"
    },
    {
        "category": "dairy-eggs-fridge",
        "href": "https://www.woolworths.com.au/shop/productdetails/769091/mil-lel-shredded-parmesan-cheese",
        "imgName": "769091.jpg",
        "imgSrc": "https://cdn0.woolworths.media/content/wowproductimages/medium/769091.jpg",
        "name": "Mil Lel Shredded Parmesan Cheese 250g",
        "price": 6,
        "unitPrice": "$24.00 / 1KG"
    },
    {
        "category": "dairy-eggs-fridge",
        "href": "https://www.woolworths.com.au/shop/productdetails/712251/western-star-unsalted-butter-chef-s-choice",
        "imgName": "712251.jpg",
        "imgSrc": "https://cdn0.woolworths.media/content/wowproductimages/medium/712251.jpg",
        "name": "Western Star Unsalted Butter Chef's Choice 500g",
        "price": 5.75,
        "unitPrice": "$1.15 / 100G"
    },
    {
        "category": "dairy-eggs-fridge",
        "href": "https://www.woolworths.com.au/shop/productdetails/750551/woolworths-snacks-soya-crisps-bbq",
        "imgName": "750551.jpg",
        "imgSrc": "https://cdn0.woolworths.media/content/wowproductimages/medium/750551.jpg",
        "name": "Woolworths Snacks Soya Crisps Bbq 400g pack",
        "price": 7,
        "unitPrice": "$17.50 / 1KG"
    },
    {
        "category": "dairy-eggs-fridge",
        "href": "https://www.woolworths.com.au/shop/productdetails/799353/latina-fresh-roasted-pumpkin-leek-sage-capelletti",
        "imgName": "799353.jpg",
        "imgSrc": "https://cdn0.woolworths.media/content/wowproductimages/medium/799353.jpg",
        "name": "Latina Fresh Roasted Pumpkin Leek & Sage Capelletti 280g",
        "price": 6.3,
        "unitPrice": "$2.25 / 100G"
    },
    {
        "category": "dairy-eggs-fridge",
        "href": "https://www.woolworths.com.au/shop/productdetails/827473/woolworths-tomato-barley-lamb-shanks",
        "imgName": "827473.jpg",
        "imgSrc": "https://cdn0.woolworths.media/content/wowproductimages/medium/827473.jpg",
        "name": "Woolworths Tomato & Barley Lamb Shanks 800g",
        "price": 14.99,
        "unitPrice": "$1.87 / 100G"
    },
    {
        "category": "dairy-eggs-fridge",
        "href": "https://www.woolworths.com.au/shop/productdetails/360347/kenilworth-chocolate-mousse",
        "imgName": "360347.jpg",
        "imgSrc": "https://cdn0.woolworths.media/content/wowproductimages/medium/360347.jpg",
        "name": "Kenilworth Chocolate Mousse 200g",
        "price": 3.7,
        "unitPrice": "$1.85 / 100G"
    },
    {
        "category": "dairy-eggs-fridge",
        "href": "https://www.woolworths.com.au/shop/productdetails/48285/allowrie-unsalted-butter",
        "imgName": "048285.jpg",
        "imgSrc": "https://cdn0.woolworths.media/content/wowproductimages/medium/048285.jpg",
        "name": "Allowrie Unsalted Butter 250g",
        "price": 4,
        "unitPrice": "$1.60 / 100G"
    },
    {
        "category": "dairy-eggs-fridge",
        "href": "https://www.woolworths.com.au/shop/productdetails/504792/woolworths-chicken-green-curry-with-rice",
        "imgName": "504792.jpg",
        "imgSrc": "https://cdn0.woolworths.media/content/wowproductimages/medium/504792.jpg",
        "name": "Woolworths Chicken Green Curry With Rice 350g",
        "price": 7.49,
        "unitPrice": "$2.14 / 100G"
    },
    {
        "category": "dairy-eggs-fridge",
        "href": "https://www.woolworths.com.au/shop/productdetails/617102/woolworths-chicken-enchilada-ready-meal",
        "imgName": "617102.jpg",
        "imgSrc": "https://cdn0.woolworths.media/content/wowproductimages/medium/617102.jpg",
        "name": "Woolworths Chicken Enchilada Ready Meal 370g",
        "price": 7.5,
        "unitPrice": "$2.14 / 100G"
    },
    {
        "category": "dairy-eggs-fridge",
        "href": "https://www.woolworths.com.au/shop/productdetails/715844/macro-organic-eggs",
        "imgName": "715844.jpg",
        "imgSrc": "https://cdn0.woolworths.media/content/wowproductimages/medium/715844.jpg",
        "name": "Macro Organic Eggs 6pk 300g",
        "price": 4.9,
        "unitPrice": "$1.63 / 100G"
    },
    {
        "category": "dairy-eggs-fridge",
        "href": "https://www.woolworths.com.au/shop/productdetails/785722/pauls-zymil-full-cream-milk",
        "imgName": "785722.jpg",
        "imgSrc": "https://cdn0.woolworths.media/content/wowproductimages/medium/785722.jpg",
        "name": "Pauls Zymil Full Cream Milk 2l",
        "price": 4.95,
        "unitPrice": "$2.48 / 1L"
    },
    {
        "category": "dairy-eggs-fridge",
        "href": "https://www.woolworths.com.au/shop/productdetails/827226/woolworths-ricotta-spinach-cannelloni",
        "imgName": "827226.jpg",
        "imgSrc": "https://cdn0.woolworths.media/content/wowproductimages/medium/827226.jpg",
        "name": "Woolworths Ricotta & Spinach Cannelloni 700g",
        "price": 9.99,
        "unitPrice": "$1.43 / 100G"
    },
    {
        "category": "dairy-eggs-fridge",
        "href": "https://www.woolworths.com.au/shop/productdetails/10638/latina-fresh-veal-tortellini",
        "imgName": "010638.jpg",
        "imgSrc": "https://cdn0.woolworths.media/content/wowproductimages/medium/010638.jpg",
        "name": "Latina Fresh Veal Tortellini  375g",
        "price": 6,
        "unitPrice": "$1.60 / 100G"
    },
    {
        "category": "dairy-eggs-fridge",
        "href": "https://www.woolworths.com.au/shop/productdetails/19673/yumi-s-tuna-mousse-dip",
        "imgName": "019673.jpg",
        "imgSrc": "https://cdn0.woolworths.media/content/wowproductimages/medium/019673.jpg",
        "name": "Yumi's Tuna Mousse Dip 200g",
        "price": 5.5,
        "unitPrice": "$2.75 / 100G"
    },
    {
        "category": "dairy-eggs-fridge",
        "href": "https://www.woolworths.com.au/shop/productdetails/22771/sanitarium-so-good-regular-milk",
        "imgName": "022771.jpg",
        "imgSrc": "https://cdn0.woolworths.media/content/wowproductimages/medium/022771.jpg",
        "name": "Sanitarium So Good Regular Milk 1l",
        "price": 2.35,
        "unitPrice": "$2.35 / 1L"
    },
    {
        "category": "dairy-eggs-fridge",
        "href": "https://www.woolworths.com.au/shop/productdetails/37148/nestle-sweetened-condensed-milk-tube",
        "imgName": "037148.jpg",
        "imgSrc": "https://cdn0.woolworths.media/content/wowproductimages/medium/037148.jpg",
        "name": "Nestle Sweetened Condensed Milk Tube 200g",
        "price": 3.6,
        "unitPrice": "$1.80 / 100G"
    },
    {
        "category": "dairy-eggs-fridge",
        "href": "https://www.woolworths.com.au/shop/productdetails/111943/nestle-chocolate-mousse",
        "imgName": "111943.jpg",
        "imgSrc": "https://cdn0.woolworths.media/content/wowproductimages/medium/111943.jpg",
        "name": "Nestle Chocolate Mousse 2x62g",
        "price": 2.8,
        "unitPrice": "$2.26 / 100G"
    },
    {
        "category": "dairy-eggs-fridge",
        "href": "https://www.woolworths.com.au/shop/productdetails/112054/kingland-variety-selection-soy-yoghurt",
        "imgName": "112054.jpg",
        "imgSrc": "https://cdn0.woolworths.media/content/wowproductimages/medium/112054.jpg",
        "name": "Kingland Variety Selection Soy Yoghurt 4x125g",
        "price": 5,
        "unitPrice": "$1.00 / 100G"
    },
    {
        "category": "dairy-eggs-fridge",
        "href": "https://www.woolworths.com.au/shop/productdetails/114701/nestle-reduced-fat-cream",
        "imgName": "114701.jpg",
        "imgSrc": "https://cdn0.woolworths.media/content/wowproductimages/medium/114701.jpg",
        "name": "Nestle Reduced Fat Cream  250ml",
        "price": 3.5,
        "unitPrice": "$14.00 / 1L"
    },
    {
        "category": "dairy-eggs-fridge",
        "href": "https://www.woolworths.com.au/shop/productdetails/279902/calci-yum-strawberry-vanilla-banana-kids-yoghurt",
        "imgName": "279902.jpg",
        "imgSrc": "https://cdn0.woolworths.media/content/wowproductimages/medium/279902.jpg",
        "name": "Calci Yum Strawberry Vanilla & Banana Kids Yoghurt 12x95g",
        "price": 4.8,
        "unitPrice": "$0.42 / 100G"
    },
    {
        "category": "dairy-eggs-fridge",
        "href": "https://www.woolworths.com.au/shop/productdetails/322165/pitango-organic-soup-pumpkin-ginger",
        "imgName": "322165.jpg",
        "imgSrc": "https://cdn0.woolworths.media/content/wowproductimages/medium/322165.jpg",
        "name": "Pitango Organic Soup Pumpkin Ginger 600g",
        "price": 7.5,
        "unitPrice": "$1.25 / 100G"
    },
    {
        "category": "dairy-eggs-fridge",
        "href": "https://www.woolworths.com.au/shop/productdetails/421118/woolworths-fresh-chicken-noodle-soup",
        "imgName": "421118.jpg",
        "imgSrc": "https://cdn0.woolworths.media/content/wowproductimages/medium/421118.jpg",
        "name": "Woolworths Fresh Chicken Noodle Soup  300g",
        "price": 3,
        "unitPrice": "$1.00 / 100G"
    },
    {
        "category": "dairy-eggs-fridge",
        "href": "https://www.woolworths.com.au/shop/productdetails/429367/woolworths-family-favourites-cottage-potato-pie",
        "imgName": "429367.jpg",
        "imgSrc": "https://cdn0.woolworths.media/content/wowproductimages/medium/429367.jpg",
        "name": "Woolworths Family Favourites Cottage Potato Pie 1.2kg",
        "price": 12,
        "unitPrice": "$1.09 / 100G"
    },
    {
        "category": "dairy-eggs-fridge",
        "href": "https://www.woolworths.com.au/shop/productdetails/421140/woolworths-chicken-vegetable-soup",
        "imgName": "421140.jpg",
        "imgSrc": "https://cdn0.woolworths.media/content/wowproductimages/medium/421140.jpg",
        "name": "Woolworths Chicken & Vegetable Soup  1l",
        "price": 8,
        "unitPrice": "$0.80 / 100G"
    },
    {
        "category": "dairy-eggs-fridge",
        "href": "https://www.woolworths.com.au/shop/productdetails/504794/woolworths-penang-chicken-curry-with-rice",
        "imgName": "504794.jpg",
        "imgSrc": "https://cdn0.woolworths.media/content/wowproductimages/medium/504794.jpg",
        "name": "Woolworths Penang Chicken Curry With Rice 350g",
        "price": 7.49,
        "unitPrice": "$2.14 / 100G"
    },
    {
        "category": "dairy-eggs-fridge",
        "href": "https://www.woolworths.com.au/shop/productdetails/550460/woolworths-delicious-nutritious-italian-style-chicken-pasta",
        "imgName": "550460.jpg",
        "imgSrc": "https://cdn0.woolworths.media/content/wowproductimages/medium/550460.jpg",
        "name": "Woolworths Delicious Nutritious Italian Style Chicken Pasta 350g",
        "price": 7.99,
        "unitPrice": "$2.28 / 100G"
    },
    {
        "category": "dairy-eggs-fridge",
        "href": "https://www.woolworths.com.au/shop/productdetails/477743/caprilac-natural-goat-yoghurt",
        "imgName": "477743.jpg",
        "imgSrc": "https://cdn0.woolworths.media/content/wowproductimages/medium/477743.jpg",
        "name": "Caprilac Natural Goat Yoghurt  400g",
        "price": 4,
        "unitPrice": "$1.00 / 100G"
    },
    {
        "category": "dairy-eggs-fridge",
        "href": "https://www.woolworths.com.au/shop/productdetails/504797/woolworths-butter-chicken",
        "imgName": "504797.jpg",
        "imgSrc": "https://cdn0.woolworths.media/content/wowproductimages/medium/504797.jpg",
        "name": "Woolworths Butter Chicken  360g",
        "price": 8.49,
        "unitPrice": "$2.36 / 100G"
    },
    {
        "category": "dairy-eggs-fridge",
        "href": "https://www.woolworths.com.au/shop/productdetails/476794/so-good-almond-milk-unsweetened",
        "imgName": "476794.jpg",
        "imgSrc": "https://cdn0.woolworths.media/content/wowproductimages/medium/476794.jpg",
        "name": "So Good Almond Milk Unsweetened 1l",
        "price": 3.7,
        "unitPrice": "$3.70 / 1L"
    },
    {
        "category": "dairy-eggs-fridge",
        "href": "https://www.woolworths.com.au/shop/productdetails/432775/woolworths-chicken-mushroom-bake",
        "imgName": "432775.jpg",
        "imgSrc": "https://cdn0.woolworths.media/content/wowproductimages/medium/432775.jpg",
        "name": "Woolworths Chicken & Mushroom Bake  1.1kg",
        "price": 14,
        "unitPrice": "$1.27 / 100G"
    },
    {
        "category": "dairy-eggs-fridge",
        "href": "https://www.woolworths.com.au/shop/productdetails/508826/tamar-valley-kids-yoghurt-pouch-vanilla",
        "imgName": "508826.jpg",
        "imgSrc": "https://cdn0.woolworths.media/content/wowproductimages/medium/508826.jpg",
        "name": "Tamar Valley Kids Yoghurt Pouch Vanilla 110g",
        "price": 1.7,
        "unitPrice": "$1.55 / 100G"
    },
    {
        "category": "dairy-eggs-fridge",
        "href": "https://www.woolworths.com.au/shop/productdetails/429366/woolworths-family-favourites-sausage-casserole",
        "imgName": "429366.jpg",
        "imgSrc": "https://cdn0.woolworths.media/content/wowproductimages/medium/429366.jpg",
        "name": "Woolworths Family Favourites Sausage Casserole 1.2kg",
        "price": 14,
        "unitPrice": "$1.17 / 100G"
    },
    {
        "category": "dairy-eggs-fridge",
        "href": "https://www.woolworths.com.au/shop/productdetails/432756/flora-with-butter-pinch-of-sea-salt-blend",
        "imgName": "432756.jpg",
        "imgSrc": "https://cdn0.woolworths.media/content/wowproductimages/medium/432756.jpg",
        "name": "Flora With Butter Pinch Of Sea Salt Blend 400g",
        "price": 4.3,
        "unitPrice": "$1.08 / 100G"
    },
    {
        "category": "dairy-eggs-fridge",
        "href": "https://www.woolworths.com.au/shop/productdetails/504793/woolworths-chicken-red-curry-with-rice",
        "imgName": "504793.jpg",
        "imgSrc": "https://cdn0.woolworths.media/content/wowproductimages/medium/504793.jpg",
        "name": "Woolworths Chicken Red Curry With Rice 350g",
        "price": 7.49,
        "unitPrice": "$2.14 / 100G"
    },
    {
        "category": "dairy-eggs-fridge",
        "href": "https://www.woolworths.com.au/shop/productdetails/621136/black-swan-grab-and-go-crafted-spinach-fetta",
        "imgName": "621136.jpg",
        "imgSrc": "https://cdn0.woolworths.media/content/wowproductimages/medium/621136.jpg",
        "name": "Black Swan Grab And Go Crafted Spinach & Fetta 85g",
        "price": 3.5,
        "unitPrice": "$4.12 / 100G"
    },
    {
        "category": "dairy-eggs-fridge",
        "href": "https://www.woolworths.com.au/shop/productdetails/572264/woolworths-cheese-bacon-quiche",
        "imgName": "572264.jpg",
        "imgSrc": "https://cdn0.woolworths.media/content/wowproductimages/medium/572264.jpg",
        "name": "Woolworths Cheese & Bacon Quiche 700g",
        "price": 12.49,
        "unitPrice": "$1.78 / 100G"
    },
    {
        "category": "dairy-eggs-fridge",
        "href": "https://www.woolworths.com.au/shop/productdetails/625842/yumi-s-spanish-white-beans-with-roasted-peppers-paprika-dip",
        "imgName": "625842.jpg",
        "imgSrc": "https://cdn0.woolworths.media/content/wowproductimages/medium/625842.jpg",
        "name": "Yumi's Spanish White Beans With Roasted Peppers & Paprika Dip 375g",
        "price": 5.5,
        "unitPrice": "$14.67 / 1KG"
    },
    {
        "category": "dairy-eggs-fridge",
        "href": "https://www.woolworths.com.au/shop/productdetails/43562/pauls-vanilla-custard",
        "imgName": "043562.jpg",
        "imgSrc": "https://cdn0.woolworths.media/content/wowproductimages/medium/043562.jpg",
        "name": "Pauls Vanilla Custard 1kg",
        "price": 4,
        "unitPrice": "$0.40 / 100G"
    },
    {
        "category": "dairy-eggs-fridge",
        "href": "https://www.woolworths.com.au/shop/productdetails/620776/chris-snack-pack-corn-relish",
        "imgName": "620776.jpg",
        "imgSrc": "https://cdn0.woolworths.media/content/wowproductimages/medium/620776.jpg",
        "name": "Chris' Snack Pack Corn Relish 65g",
        "price": 3,
        "unitPrice": "$4.62 / 100G"
    },
    {
        "category": "dairy-eggs-fridge",
        "href": "https://www.woolworths.com.au/shop/productdetails/436519/pauls-custard-chocolate",
        "imgName": "436519.jpg",
        "imgSrc": "https://cdn0.woolworths.media/content/wowproductimages/medium/436519.jpg",
        "name": "Pauls Custard Chocolate 140g",
        "price": 2,
        "unitPrice": "$1.43 / 100G"
    },
    {
        "category": "dairy-eggs-fridge",
        "href": "https://www.woolworths.com.au/shop/productdetails/601940/latina-fresh-ready-meals-angus-beef-and-vegetable-lasagne",
        "imgName": "601940.jpg",
        "imgSrc": "https://cdn0.woolworths.media/content/wowproductimages/medium/601940.jpg",
        "name": "Latina Fresh Ready Meals Angus Beef And Vegetable Lasagne 1.6kg",
        "price": 18.9,
        "unitPrice": "$1.18 / 100G"
    },
    {
        "category": "dairy-eggs-fridge",
        "href": "https://www.woolworths.com.au/shop/productdetails/666361/kiri-greek-style-spreadable-cream-cheese-portions",
        "imgName": "666361.jpg",
        "imgSrc": "https://cdn0.woolworths.media/content/wowproductimages/medium/666361.jpg",
        "name": "Kiri Greek Style Spreadable Cream Cheese Portions 6pk 108g",
        "price": 3.15,
        "unitPrice": "$29.17 / 1KG"
    },
    {
        "category": "dairy-eggs-fridge",
        "href": "https://www.woolworths.com.au/shop/productdetails/703657/pauls-zymil-skim-milk",
        "imgName": "703657.jpg",
        "imgSrc": "https://cdn0.woolworths.media/content/wowproductimages/medium/703657.jpg",
        "name": "Pauls Zymil Skim Milk 1l",
        "price": 2.7,
        "unitPrice": "$2.70 / 1L"
    },
    {
        "category": "dairy-eggs-fridge",
        "href": "https://www.woolworths.com.au/shop/productdetails/744838/woolworths-fresh-minestrone-soup-low-fat",
        "imgName": "744838.jpg",
        "imgSrc": "https://cdn0.woolworths.media/content/wowproductimages/medium/744838.jpg",
        "name": "Woolworths Fresh Minestrone Soup Low Fat 300g",
        "price": 3,
        "unitPrice": "$1.00 / 100G"
    },
    {
        "category": "dairy-eggs-fridge",
        "href": "https://www.woolworths.com.au/shop/productdetails/744854/woolworths-chicken-vegetable-soup-low-fat",
        "imgName": "744854.jpg",
        "imgSrc": "https://cdn0.woolworths.media/content/wowproductimages/medium/744854.jpg",
        "name": "Woolworths Chicken & Vegetable Soup Low Fat 300g",
        "price": 3,
        "unitPrice": "$1.00 / 100G"
    },
    {
        "category": "dairy-eggs-fridge",
        "href": "https://www.woolworths.com.au/shop/productdetails/744856/woolworths-malaysian-style-chicken-laksa-soup",
        "imgName": "744856.jpg",
        "imgSrc": "https://cdn0.woolworths.media/content/wowproductimages/medium/744856.jpg",
        "name": "Woolworths Malaysian Style Chicken Laksa Soup 300g",
        "price": 3,
        "unitPrice": "$1.00 / 100G"
    },
    {
        "category": "dairy-eggs-fridge",
        "href": "https://www.woolworths.com.au/shop/productdetails/780071/obela-grab-go-classic-hommus",
        "imgName": "780071.jpg",
        "imgSrc": "https://cdn0.woolworths.media/content/wowproductimages/medium/780071.jpg",
        "name": "Obela Grab & Go Classic Hommus 125g",
        "price": 3,
        "unitPrice": "$2.40 / 100G"
    },
    {
        "category": "dairy-eggs-fridge",
        "href": "https://www.woolworths.com.au/shop/productdetails/759656/perfect-italiano-perfect-bakes-3-cheeses",
        "imgName": "759656.jpg",
        "imgSrc": "https://cdn0.woolworths.media/content/wowproductimages/medium/759656.jpg",
        "name": "Perfect Italiano Perfect Bakes 3 Cheeses 450g",
        "price": 7.5,
        "unitPrice": "$16.67 / 1KG"
    },
    {
        "category": "dairy-eggs-fridge",
        "href": "https://www.woolworths.com.au/shop/productdetails/825012/woolworths-fresh-red-thai-chicken-soup",
        "imgName": "825012.jpg",
        "imgSrc": "https://cdn0.woolworths.media/content/wowproductimages/medium/825012.jpg",
        "name": "Woolworths Fresh Red Thai Chicken Soup  300g",
        "price": 3,
        "unitPrice": "$1.00 / 100G"
    },
    {
        "category": "dairy-eggs-fridge",
        "href": "https://www.woolworths.com.au/shop/productdetails/830596/pauls-milky-max-chocolate-dairy-snack",
        "imgName": "830596.jpg",
        "imgSrc": "https://cdn0.woolworths.media/content/wowproductimages/medium/830596.jpg",
        "name": "Pauls Milky Max Chocolate Dairy Snack 12x100g",
        "price": 5,
        "unitPrice": "$0.42 / 100G"
    },
    {
        "category": "dairy-eggs-fridge",
        "href": "https://www.woolworths.com.au/shop/productdetails/768081/gippsland-dairy-twist-watermelon-strabwerry-yoghurt",
        "imgName": "768081.jpg",
        "imgSrc": "https://cdn0.woolworths.media/content/wowproductimages/medium/768081.jpg",
        "name": "Gippsland Dairy Twist Watermelon & Strabwerry Yoghurt 160g",
        "price": 2.85,
        "unitPrice": "$1.78 / 100G"
    },
    {
        "category": "dairy-eggs-fridge",
        "href": "https://www.woolworths.com.au/shop/productdetails/768097/chobani-no-fat-blueberry-yoghurt-pouch",
        "imgName": "768097.jpg",
        "imgSrc": "https://cdn0.woolworths.media/content/wowproductimages/medium/768097.jpg",
        "name": "Chobani No Fat Blueberry Yoghurt Pouch 140g",
        "price": 2.25,
        "unitPrice": "$1.61 / 100G"
    },
    {
        "category": "dairy-eggs-fridge",
        "href": "https://www.woolworths.com.au/shop/productdetails/865382/the-coach-house-dairy-chocolate-milk",
        "imgName": "865382.jpg",
        "imgSrc": "https://cdn0.woolworths.media/content/wowproductimages/medium/865382.jpg",
        "name": "The Coach House Dairy Chocolate Milk 300ml",
        "price": 3.15,
        "unitPrice": "$10.50 / 1L"
    },
    {
        "category": "dairy-eggs-fridge",
        "href": "https://www.woolworths.com.au/shop/productdetails/828745/woolworths-vegetable-mash",
        "imgName": "828745.jpg",
        "imgSrc": "https://cdn0.woolworths.media/content/wowproductimages/medium/828745.jpg",
        "name": "Woolworths Vegetable Mash  475g",
        "price": 5.99,
        "unitPrice": "$1.26 / 100G"
    },
    {
        "category": "dairy-eggs-fridge",
        "href": "https://www.woolworths.com.au/shop/productdetails/827224/woolworths-spinach-ricotta-tortellini-with-napolitana-sauce",
        "imgName": "827224.jpg",
        "imgSrc": "https://cdn0.woolworths.media/content/wowproductimages/medium/827224.jpg",
        "name": "Woolworths Spinach & Ricotta Tortellini With Napolitana Sauce 350g",
        "price": 7.99,
        "unitPrice": "$2.28 / 100G"
    },
    {
        "category": "dairy-eggs-fridge",
        "href": "https://www.woolworths.com.au/shop/productdetails/965942/picasso-pizza-dough-ball",
        "imgName": "965942.jpg",
        "imgSrc": "https://cdn0.woolworths.media/content/wowproductimages/medium/965942.jpg",
        "name": "Picasso Pizza Dough Ball  250g",
        "price": 2,
        "unitPrice": "$0.80 / 100G"
    },
    {
        "category": "dairy-eggs-fridge",
        "href": "https://www.woolworths.com.au/shop/productdetails/799813/woolworths-free-from-lactose-lite-milk",
        "imgName": "799813.jpg",
        "imgSrc": "https://cdn0.woolworths.media/content/wowproductimages/medium/799813.jpg",
        "name": "Woolworths Free From Lactose Lite Milk 1l",
        "price": 1.7,
        "unitPrice": "$1.70 / 1L"
    },
    {
        "category": "dairy-eggs-fridge",
        "href": "https://www.woolworths.com.au/shop/productdetails/932567/chris-dips-miss-frenchy-french-onion",
        "imgName": "932567.jpg",
        "imgSrc": "https://cdn0.woolworths.media/content/wowproductimages/medium/932567.jpg",
        "name": "Chris' Dips Miss Frenchy French Onion 3x60g",
        "price": 3,
        "unitPrice": "$1.67 / 100G"
    },
    {
        "category": "dairy-eggs-fridge",
        "href": "https://www.woolworths.com.au/shop/productdetails/90000569/family-dinner-deal-beef-parmesan-napoli-ravioli-garlic-bread-bundle",
        "imgName": "90000569.jpg",
        "imgSrc": "https://cdn0.woolworths.media/content/wowproductimages/medium/90000569.jpg",
        "name": "Family Dinner Deal,  Beef Parmesan Napoli Ravioli & Garlic Bread Bundle",
        "price": 14
    },
    {
        "category": "dairy-eggs-fridge",
        "href": "https://www.woolworths.com.au/shop/productdetails/90000570/family-dinner-deal-pumpkin-feta-napoli-ravioli-garlic-bread-bundle",
        "imgName": "90000570.jpg",
        "imgSrc": "https://cdn0.woolworths.media/content/wowproductimages/medium/90000570.jpg",
        "name": "Family Dinner Deal, Pumpkin & Feta Napoli Ravioli & Garlic Bread Bundle",
        "price": 14
    },
    {
        "category": "dairy-eggs-fridge",
        "href": "https://www.woolworths.com.au/shop/productdetails/578498/dairyworks-tasty-cheese-rice-crackers",
        "imgName": "578498.jpg",
        "imgSrc": "https://cdn0.woolworths.media/content/wowproductimages/medium/578498.jpg",
        "name": "Dairyworks Tasty Cheese & Rice Crackers 10x300g",
        "price": 8.5,
        "unitPrice": "$28.33 / 1KG"
    },
    {
        "category": "dairy-eggs-fridge",
        "href": "https://www.woolworths.com.au/shop/productdetails/669551/califia-farms-xx-espresso-cold-brew-coffee-with-almond",
        "imgName": "669551.jpg",
        "imgSrc": "https://cdn0.woolworths.media/content/wowproductimages/medium/669551.jpg",
        "name": "Califia Farms Xx Espresso Cold Brew Coffee With Almond 750ml",
        "price": 4.15,
        "unitPrice": "$5.53 / 1L"
    },
    {
        "category": "dairy-eggs-fridge",
        "href": "https://www.woolworths.com.au/shop/productdetails/640814/picasso-kitchen-kids-double-cheese-pizza",
        "imgName": "640814.jpg",
        "imgSrc": "https://cdn0.woolworths.media/content/wowproductimages/medium/640814.jpg",
        "name": "Picasso Kitchen Kids Double Cheese Pizza 200g",
        "price": 2.5,
        "unitPrice": "$1.25 / 100G"
    },
    {
        "category": "dairy-eggs-fridge",
        "href": "https://www.woolworths.com.au/shop/productdetails/767976/woolworths-quiche-lorraine",
        "imgName": "767976.jpg",
        "imgSrc": "https://cdn0.woolworths.media/content/wowproductimages/medium/767976.jpg",
        "name": "Woolworths Quiche Lorraine 700g",
        "price": 12.49,
        "unitPrice": "$1.78 / 100G"
    },
    {
        "category": "dairy-eggs-fridge",
        "href": "https://www.woolworths.com.au/shop/productdetails/551756/cocobella-coconut-yoghurt-natural",
        "imgName": "551756.jpg",
        "imgSrc": "https://cdn0.woolworths.media/content/wowproductimages/medium/551756.jpg",
        "name": "Cocobella Coconut Yoghurt Natural 170g",
        "price": 3,
        "unitPrice": "$1.76 / 100G"
    },
    {
        "category": "dairy-eggs-fridge",
        "href": "https://www.woolworths.com.au/shop/productdetails/620120/oak-plus-high-protein-flavoured-milk-chocolate",
        "imgName": "620120.jpg",
        "imgSrc": "https://cdn0.woolworths.media/content/wowproductimages/medium/620120.jpg",
        "name": "Oak Plus High Protein Flavoured Milk Chocolate 500ml",
        "price": 3.15,
        "unitPrice": "$6.30 / 1L"
    },
    {
        "category": "dairy-eggs-fridge",
        "href": "https://www.woolworths.com.au/shop/productdetails/618616/leggo-s-veal-tortellini",
        "imgName": "618616.jpg",
        "imgSrc": "https://cdn0.woolworths.media/content/wowproductimages/medium/618616.jpg",
        "name": "Leggo's Veal Tortellini  630g",
        "price": 7.6,
        "unitPrice": "$1.21 / 100G"
    },
    {
        "category": "dairy-eggs-fridge",
        "href": "https://www.woolworths.com.au/shop/productdetails/629268/evergreen-silken-egg-tofu",
        "imgName": "629268.jpg",
        "imgSrc": "https://cdn0.woolworths.media/content/wowproductimages/medium/629268.jpg",
        "name": "Evergreen Silken Egg Tofu  150g",
        "price": 2,
        "unitPrice": "$13.33 / 1KG"
    },
    {
        "category": "dairy-eggs-fridge",
        "href": "https://www.woolworths.com.au/shop/productdetails/957127/dare-milk-double-espresso",
        "imgName": "957127.jpg",
        "imgSrc": "https://cdn0.woolworths.media/content/wowproductimages/medium/957127.jpg",
        "name": "Dare Milk Double Espresso 275ml",
        "price": 2.15,
        "unitPrice": "$7.82 / 1L"
    },
    {
        "category": "dairy-eggs-fridge",
        "href": "https://www.woolworths.com.au/shop/productdetails/606737/naked-kitchen-moroccan-tagine-sauce",
        "imgName": "606737.jpg",
        "imgSrc": "https://cdn0.woolworths.media/content/wowproductimages/medium/606737.jpg",
        "name": "Naked Kitchen Moroccan Tagine Sauce 300g",
        "price": 5,
        "unitPrice": "$16.67 / 1KG"
    },
    {
        "category": "dairy-eggs-fridge",
        "href": "https://www.woolworths.com.au/shop/productdetails/622926/farmhouse-gold-pot-set-yoghurt-natural",
        "imgName": "622926.jpg",
        "imgSrc": "https://cdn0.woolworths.media/content/wowproductimages/medium/622926.jpg",
        "name": "Farmhouse Gold Pot Set Yoghurt Natural 700g",
        "price": 6.5,
        "unitPrice": "$0.93 / 100G"
    },
    {
        "category": "dairy-eggs-fridge",
        "href": "https://www.woolworths.com.au/shop/productdetails/668769/crust-garlic-ciabatta",
        "imgName": "668769.jpg",
        "imgSrc": "https://cdn0.woolworths.media/content/wowproductimages/medium/668769.jpg",
        "name": "Crust Garlic Ciabatta 210g",
        "price": 4.5,
        "unitPrice": "$2.14 / 100G"
    },
    {
        "category": "dairy-eggs-fridge",
        "href": "https://www.woolworths.com.au/shop/productdetails/971729/babybel-mini-cheddar",
        "imgName": "971729.jpg",
        "imgSrc": "https://cdn0.woolworths.media/content/wowproductimages/medium/971729.jpg",
        "name": "Babybel Mini Cheddar  100g",
        "price": 4.2,
        "unitPrice": "$42.00 / 1KG"
    },
    {
        "category": "dairy-eggs-fridge",
        "href": "https://www.woolworths.com.au/shop/productdetails/554896/cor-de-coco-double-shot-espresso",
        "imgName": "554896.jpg",
        "imgSrc": "https://cdn0.woolworths.media/content/wowproductimages/medium/554896.jpg",
        "name": "Cor De Coco Double Shot Espresso  280ml",
        "price": 3.8,
        "unitPrice": "$13.57 / 1L"
    },
    {
        "category": "dairy-eggs-fridge",
        "href": "https://www.woolworths.com.au/shop/productdetails/614356/ppc-fermented-beetroot",
        "imgName": "614356.jpg",
        "imgSrc": "https://cdn0.woolworths.media/content/wowproductimages/medium/614356.jpg",
        "name": "Ppc Fermented Beetroot  250g",
        "price": 6,
        "unitPrice": "$24.00 / 1KG"
    },
    {
        "category": "dairy-eggs-fridge",
        "href": "https://www.woolworths.com.au/shop/productdetails/629976/creative-foods-brioche-garlic-bread",
        "imgName": "629976.jpg",
        "imgSrc": "https://cdn0.woolworths.media/content/wowproductimages/medium/629976.jpg",
        "name": "Creative Foods Brioche Garlic Bread 250g",
        "price": 4,
        "unitPrice": "$1.60 / 100G"
    },
    {
        "category": "dairy-eggs-fridge",
        "href": "https://www.woolworths.com.au/shop/productdetails/661217/nudie-icelandic-strawberry-yoghurt",
        "imgName": "661217.jpg",
        "imgSrc": "https://cdn0.woolworths.media/content/wowproductimages/medium/661217.jpg",
        "name": "Nudie Icelandic Strawberry Yoghurt 170g",
        "price": 3,
        "unitPrice": "$1.76 / 100G"
    },
    {
        "category": "dairy-eggs-fridge",
        "href": "https://www.woolworths.com.au/shop/productdetails/550583/oak-milk-strawberry",
        "imgName": "550583.jpg",
        "imgSrc": "https://cdn0.woolworths.media/content/wowproductimages/medium/550583.jpg",
        "name": "Oak Milk Strawberry 750ml",
        "price": 3.3,
        "unitPrice": "$4.40 / 1L"
    },
    {
        "category": "dairy-eggs-fridge",
        "href": "https://www.woolworths.com.au/shop/productdetails/621281/obela-capsicum-veggie-to-go-dip",
        "imgName": "621281.jpg",
        "imgSrc": "https://cdn0.woolworths.media/content/wowproductimages/medium/621281.jpg",
        "name": "Obela Capsicum Veggie To Go Dip 100g",
        "price": 3,
        "unitPrice": "$3.00 / 100G"
    },
    {
        "category": "dairy-eggs-fridge",
        "href": "https://www.woolworths.com.au/shop/productdetails/302096/mersey-valley-extra-tasty-cheese",
        "imgName": "302096.jpg",
        "imgSrc": "https://cdn0.woolworths.media/content/wowproductimages/medium/302096.jpg",
        "name": "Mersey Valley Extra Tasty Cheese 180g",
        "price": 6,
        "unitPrice": "$33.33 / 1KG"
    },
    {
        "category": "dairy-eggs-fridge",
        "href": "https://www.woolworths.com.au/shop/productdetails/622177/so-good-almond-milk-date-caramel",
        "imgName": "622177.jpg",
        "imgSrc": "https://cdn0.woolworths.media/content/wowproductimages/medium/622177.jpg",
        "name": "So Good Almond Milk Date & Caramel 375ml",
        "price": 3.65,
        "unitPrice": "$9.73 / 1L"
    },
    {
        "category": "dairy-eggs-fridge",
        "href": "https://www.woolworths.com.au/shop/productdetails/545888/pauls-zymil-natural-yoghurt-lactose-free",
        "imgName": "545888.jpg",
        "imgSrc": "https://cdn0.woolworths.media/content/wowproductimages/medium/545888.jpg",
        "name": "Pauls Zymil Natural Yoghurt Lactose Free 500g",
        "price": 4.9,
        "unitPrice": "$0.98 / 100G"
    },
    {
        "category": "dairy-eggs-fridge",
        "href": "https://www.woolworths.com.au/shop/productdetails/629562/supernatural-indian-coconut-curry",
        "imgName": "629562.jpg",
        "imgSrc": "https://cdn0.woolworths.media/content/wowproductimages/medium/629562.jpg",
        "name": "Supernatural Indian Coconut Curry 300g",
        "price": 8,
        "unitPrice": "$26.67 / 1KG"
    },
    {
        "category": "dairy-eggs-fridge",
        "href": "https://www.woolworths.com.au/shop/productdetails/609204/mil-lel-parmesan-cheese-grated",
        "imgName": "609204.jpg",
        "imgSrc": "https://cdn0.woolworths.media/content/wowproductimages/medium/609204.jpg",
        "name": "Mil Lel Parmesan Cheese Grated 250g",
        "price": 6,
        "unitPrice": "$24.00 / 1KG"
    },
    {
        "category": "dairy-eggs-fridge",
        "href": "https://www.woolworths.com.au/shop/productdetails/530978/slogue-leek-gruyere-cocktail-quiches",
        "imgName": "530978.jpg",
        "imgSrc": "https://cdn0.woolworths.media/content/wowproductimages/medium/530978.jpg",
        "name": "Slogue Leek Gruyere Cocktail Quiches 12pk 480g",
        "price": 13.99,
        "unitPrice": "$2.91 / 100G"
    },
    {
        "category": "dairy-eggs-fridge",
        "href": "https://www.woolworths.com.au/shop/productdetails/624116/3-grain-organic-stangrand-fettuccine",
        "imgName": "624116.jpg",
        "imgSrc": "https://cdn0.woolworths.media/content/wowproductimages/medium/624116.jpg",
        "name": "3 Grain Organic Stangrand Fettuccine 300g",
        "price": 6,
        "unitPrice": "$2.00 / 100G"
    },
    {
        "category": "dairy-eggs-fridge",
        "href": "https://www.woolworths.com.au/shop/productdetails/669493/califia-farms-unsweetened-vanilla-almond",
        "imgName": "669493.jpg",
        "imgSrc": "https://cdn0.woolworths.media/content/wowproductimages/medium/669493.jpg",
        "name": "Califia Farms Unsweetened Vanilla Almond 750ml",
        "price": 4,
        "unitPrice": "$5.33 / 1L"
    },
    {
        "category": "dairy-eggs-fridge",
        "href": "https://www.woolworths.com.au/shop/productdetails/477997/philadelphia-snack-tub-herb-onion",
        "imgName": "477997.jpg",
        "imgSrc": "https://cdn0.woolworths.media/content/wowproductimages/medium/477997.jpg",
        "name": "Philadelphia Snack Tub Herb & Onion 136g",
        "price": 2.9,
        "unitPrice": "$21.32 / 1KG"
    },
    {
        "category": "dairy-eggs-fridge",
        "href": "https://www.woolworths.com.au/shop/productdetails/629981/dairyworks-tasty-cheese-sticks",
        "imgName": "629981.jpg",
        "imgSrc": "https://cdn0.woolworths.media/content/wowproductimages/medium/629981.jpg",
        "name": "Dairyworks Tasty Cheese Sticks 10x200g",
        "price": 5.6,
        "unitPrice": "$28.00 / 1KG"
    },
    {
        "category": "dairy-eggs-fridge",
        "href": "https://www.woolworths.com.au/shop/productdetails/844687/leggos-chicken-garlic-agnolotti",
        "imgName": "844687.jpg",
        "imgSrc": "https://cdn0.woolworths.media/content/wowproductimages/medium/844687.jpg",
        "name": "Leggos Chicken Garlic Agnolotti 630g",
        "price": 7.6,
        "unitPrice": "$1.21 / 100G"
    },
    {
        "category": "dairy-eggs-fridge",
        "href": "https://www.woolworths.com.au/shop/productdetails/627402/port-stephens-free-range-eggs",
        "imgName": "627402.jpg",
        "imgSrc": "https://cdn0.woolworths.media/content/wowproductimages/medium/627402.jpg",
        "name": "Port Stephens Free Range Eggs 700g",
        "price": 6.5,
        "unitPrice": "$0.93 / 100G"
    },
    {
        "category": "dairy-eggs-fridge",
        "href": "https://www.woolworths.com.au/shop/productdetails/966658/mainland-cheddar-vintage",
        "imgName": "966658.jpg",
        "imgSrc": "https://cdn0.woolworths.media/content/wowproductimages/medium/966658.jpg",
        "name": "Mainland Cheddar Vintage 125g",
        "price": 4,
        "unitPrice": "$32.00 / 1KG"
    },
    {
        "category": "dairy-eggs-fridge",
        "href": "https://www.woolworths.com.au/shop/productdetails/782938/southern-highland-organic-eggs",
        "imgName": "782938.jpg",
        "imgSrc": "https://cdn0.woolworths.media/content/wowproductimages/medium/782938.jpg",
        "name": "Southern Highland Organic Eggs 12pk 700g",
        "price": 8,
        "unitPrice": "$1.14 / 100G"
    },
    {
        "category": "dairy-eggs-fridge",
        "href": "https://www.woolworths.com.au/shop/productdetails/620738/chris-mini-snack-pack-french-onion-dip-5-crackers",
        "imgName": "620738.jpg",
        "imgSrc": "https://cdn0.woolworths.media/content/wowproductimages/medium/620738.jpg",
        "name": "Chris Mini Snack Pack French Onion Dip & 5 Crackers 65g",
        "price": 3,
        "unitPrice": "$4.62 / 100G"
    },
    {
        "category": "dairy-eggs-fridge",
        "href": "https://www.woolworths.com.au/shop/productdetails/662580/raguletto-fettuccine",
        "imgName": "662580.jpg",
        "imgSrc": "https://cdn0.woolworths.media/content/wowproductimages/medium/662580.jpg",
        "name": "Raguletto Fettuccine  375g",
        "price": 3,
        "unitPrice": "$0.80 / 100G"
    },
    {
        "category": "dairy-eggs-fridge",
        "href": "https://www.woolworths.com.au/shop/productdetails/962436/julieanne-s-kitchen-terrine-chicken-pist",
        "imgName": "962436.jpg",
        "imgSrc": "https://cdn0.woolworths.media/content/wowproductimages/medium/962436.jpg",
        "name": "Julieanne's Kitchen Terrine Chicken & Pist 130g",
        "price": 9.98,
        "unitPrice": "$7.68 / 100G"
    },
    {
        "category": "dairy-eggs-fridge",
        "href": "https://www.woolworths.com.au/shop/productdetails/611886/castello-fetta-cubes-in-oil-with-black-olive",
        "imgName": "611886.jpg",
        "imgSrc": "https://cdn0.woolworths.media/content/wowproductimages/medium/611886.jpg",
        "name": "Castello Fetta Cubes In Oil With Black Olive 100g",
        "price": 3,
        "unitPrice": "$30.00 / 1KG"
    },
    {
        "category": "dairy-eggs-fridge",
        "href": "https://www.woolworths.com.au/shop/productdetails/624309/3-grain-organic-stangrand-spaghetti",
        "imgName": "624309.jpg",
        "imgSrc": "https://cdn0.woolworths.media/content/wowproductimages/medium/624309.jpg",
        "name": "3 Grain Organic Stangrand Spaghetti 300g",
        "price": 6,
        "unitPrice": "$2.00 / 100G"
    },
    {
        "category": "dairy-eggs-fridge",
        "href": "https://www.woolworths.com.au/shop/productdetails/345049/nature-valley-crunchy-oats-and-honey-bars",
        "imgName": "345049.jpg",
        "imgSrc": "https://cdn0.woolworths.media/content/wowproductimages/medium/345049.jpg",
        "name": "Nature Valley Crunchy Oats And Honey Bars 5pk 210g",
        "price": 4.7,
        "unitPrice": "$2.24 / 100G"
    },
    {
        "category": "dairy-eggs-fridge",
        "href": "https://www.woolworths.com.au/shop/productdetails/248251/uncle-tobys-muesli-bars-chewy-forest-fruits",
        "imgName": "248251.jpg",
        "imgSrc": "https://cdn0.woolworths.media/content/wowproductimages/medium/248251.jpg",
        "name": "Uncle Tobys Muesli Bars Chewy Forest Fruits 6pk 185g",
        "price": 4,
        "unitPrice": "$2.16 / 100G"
    },
    {
        "category": "dairy-eggs-fridge",
        "href": "https://www.woolworths.com.au/shop/productdetails/700596/nuttelex-lite-olive-spread",
        "imgName": "700596.jpg",
        "imgSrc": "https://cdn0.woolworths.media/content/wowproductimages/medium/700596.jpg",
        "name": "Nuttelex Lite Olive Spread 500g",
        "price": 3.5,
        "unitPrice": "$0.70 / 100G"
    },
    {
        "category": "dairy-eggs-fridge",
        "href": "https://www.woolworths.com.au/shop/productdetails/71247/true-blue-garlic-butter",
        "imgName": "071247.jpg",
        "imgSrc": "https://cdn0.woolworths.media/content/wowproductimages/medium/071247.jpg",
        "name": "True Blue Garlic Butter 150g",
        "price": 3,
        "unitPrice": "$2.00 / 100G"
    },
    {
        "category": "dairy-eggs-fridge",
        "href": "https://www.woolworths.com.au/shop/productdetails/582116/woolworths-free-range-eggs",
        "imgName": "582116.jpg",
        "imgSrc": "https://cdn0.woolworths.media/content/wowproductimages/medium/582116.jpg",
        "name": "Woolworths Free Range Eggs 12pk 600g",
        "price": 3.8,
        "unitPrice": "$0.63 / 100G"
    },
    {
        "category": "dairy-eggs-fridge",
        "href": "https://www.woolworths.com.au/shop/productdetails/364643/pauls-skim-milk",
        "imgName": "364643.jpg",
        "imgSrc": "https://cdn0.woolworths.media/content/wowproductimages/medium/364643.jpg",
        "name": "Pauls Skim Milk 1l",
        "price": 2.7,
        "unitPrice": "$2.70 / 1L"
    },
    {
        "category": "dairy-eggs-fridge",
        "href": "https://www.woolworths.com.au/shop/productdetails/491248/coon-colby-cheese-slices",
        "imgName": "491248.jpg",
        "imgSrc": "https://cdn0.woolworths.media/content/wowproductimages/medium/491248.jpg",
        "name": "Coon Colby Cheese Slices  500g",
        "price": 7.5,
        "unitPrice": "$15.00 / 1KG"
    },
    {
        "category": "dairy-eggs-fridge",
        "href": "https://www.woolworths.com.au/shop/productdetails/962219/julieanne-s-kitchen-terrine-pork-prune",
        "imgName": "962219.jpg",
        "imgSrc": "https://cdn0.woolworths.media/content/wowproductimages/medium/962219.jpg",
        "name": "Julieanne's Kitchen Terrine Pork & Prune 130g",
        "price": 9.98,
        "unitPrice": "$7.68 / 100G"
    },
    {
        "category": "dairy-eggs-fridge",
        "href": "https://www.woolworths.com.au/shop/productdetails/799120/mainland-organic-butter",
        "imgName": "799120.jpg",
        "imgSrc": "https://cdn0.woolworths.media/content/wowproductimages/medium/799120.jpg",
        "name": "Mainland Organic Butter 250g",
        "price": 5.4,
        "unitPrice": "$2.16 / 100G"
    },
    {
        "category": "dairy-eggs-fridge",
        "href": "https://www.woolworths.com.au/shop/productdetails/661420/logicol-health-low-in-salt-spread",
        "imgName": "661420.jpg",
        "imgSrc": "https://cdn0.woolworths.media/content/wowproductimages/medium/661420.jpg",
        "name": "Logicol Health+ Low In Salt Spread 500g",
        "price": 6,
        "unitPrice": "$1.20 / 100G"
    },
    {
        "category": "dairy-eggs-fridge",
        "href": "https://www.woolworths.com.au/shop/productdetails/224659/western-star-continental-unsalted-butter",
        "imgName": "224659.jpg",
        "imgSrc": "https://cdn0.woolworths.media/content/wowproductimages/medium/224659.jpg",
        "name": "Western Star Continental Unsalted Butter 250g",
        "price": 3.2,
        "unitPrice": "$1.28 / 100G"
    },
    {
        "category": "dairy-eggs-fridge",
        "href": "https://www.woolworths.com.au/shop/productdetails/743277/liddells-chocolate-flavoured-milk-lactose-free",
        "imgName": "743277.jpg",
        "imgSrc": "https://cdn0.woolworths.media/content/wowproductimages/medium/743277.jpg",
        "name": "Liddells Chocolate Flavoured Milk Lactose Free 1l",
        "price": 2.9,
        "unitPrice": "$2.90 / 1L"
    },
    {
        "category": "dairy-eggs-fridge",
        "href": "https://www.woolworths.com.au/shop/productdetails/48920/castello-white-cheese",
        "imgName": "048920.jpg",
        "imgSrc": "https://cdn0.woolworths.media/content/wowproductimages/medium/048920.jpg",
        "name": "Castello White Cheese 150g",
        "price": 7.4,
        "unitPrice": "$49.33 / 1KG"
    },
    {
        "category": "dairy-eggs-fridge",
        "href": "https://www.woolworths.com.au/shop/productdetails/43053/jalna-fat-free-yoghurt",
        "imgName": "043053.jpg",
        "imgSrc": "https://cdn0.woolworths.media/content/wowproductimages/medium/043053.jpg",
        "name": "Jalna Fat Free Yoghurt 1kg",
        "price": 7,
        "unitPrice": "$0.70 / 100G"
    },
    {
        "category": "dairy-eggs-fridge",
        "href": "https://www.woolworths.com.au/shop/productdetails/728957/woolworths-colby-cheese-block",
        "imgName": "728957.jpg",
        "imgSrc": "https://cdn0.woolworths.media/content/wowproductimages/medium/728957.jpg",
        "name": "Woolworths Colby Cheese Block  250g",
        "price": 4,
        "unitPrice": "$16.00 / 1KG"
    },
    {
        "category": "dairy-eggs-fridge",
        "href": "https://www.woolworths.com.au/shop/productdetails/527274/south-cape-cheddar-cheese-snack",
        "imgName": "527274.jpg",
        "imgSrc": "https://cdn0.woolworths.media/content/wowproductimages/medium/527274.jpg",
        "name": "South Cape Cheddar Cheese Snack  80g",
        "price": 3.5,
        "unitPrice": "$43.75 / 1KG"
    },
    {
        "category": "dairy-eggs-fridge",
        "href": "https://www.woolworths.com.au/shop/productdetails/344077/philadelphia-cream-for-cooking-light",
        "imgName": "344077.jpg",
        "imgSrc": "https://cdn0.woolworths.media/content/wowproductimages/medium/344077.jpg",
        "name": "Philadelphia Cream For Cooking Light 250ml",
        "price": 3,
        "unitPrice": "$1.20 / 100ML"
    },
    {
        "category": "dairy-eggs-fridge",
        "href": "https://www.woolworths.com.au/shop/productdetails/248198/uncle-tobys-le-snak-french-onion-dip-crackers",
        "imgName": "248198.jpg",
        "imgSrc": "https://cdn0.woolworths.media/content/wowproductimages/medium/248198.jpg",
        "name": "Uncle Tobys Le Snak French Onion Dip & Crackers 12pk 264g",
        "price": 7.6,
        "unitPrice": "$2.88 / 100G"
    },
    {
        "category": "dairy-eggs-fridge",
        "href": "https://www.woolworths.com.au/shop/productdetails/509727/unibic-anzac-biscuits-minis-multipack",
        "imgName": "509727.jpg",
        "imgSrc": "https://cdn0.woolworths.media/content/wowproductimages/medium/509727.jpg",
        "name": "Unibic Anzac Biscuits Minis Multipack 200g",
        "price": 3,
        "unitPrice": "$1.50 / 100G"
    },
    {
        "category": "dairy-eggs-fridge",
        "href": "https://www.woolworths.com.au/shop/productdetails/797102/nestle-milo-snack-bars-with-milk",
        "imgName": "797102.jpg",
        "imgSrc": "https://cdn0.woolworths.media/content/wowproductimages/medium/797102.jpg",
        "name": "Nestle Milo Snack Bars With Milk  270g",
        "price": 6.8,
        "unitPrice": "$2.52 / 100G"
    },
    {
        "category": "dairy-eggs-fridge",
        "href": "https://www.woolworths.com.au/shop/productdetails/5535/sanitarium-so-good-vanilla-bliss-flavoured-milk",
        "imgName": "005535.jpg",
        "imgSrc": "https://cdn0.woolworths.media/content/wowproductimages/medium/005535.jpg",
        "name": "Sanitarium So Good Vanilla Bliss Flavoured Milk 1l",
        "price": 3,
        "unitPrice": "$3.00 / 1L"
    },
    {
        "category": "dairy-eggs-fridge",
        "href": "https://www.woolworths.com.au/shop/productdetails/182060/bega-light-tasty-50-less-fat-cheese",
        "imgName": "182060.jpg",
        "imgSrc": "https://cdn0.woolworths.media/content/wowproductimages/medium/182060.jpg",
        "name": "Bega Light Tasty 50% Less Fat Cheese 500g",
        "price": 8.6,
        "unitPrice": "$17.20 / 1KG"
    },
    {
        "category": "dairy-eggs-fridge",
        "href": "https://www.woolworths.com.au/shop/productdetails/90000573/dinner-for-2-creamy-beef-tomato-parmesan-ravioli-garlic-bread-bundle",
        "imgName": "90000573.jpg",
        "imgSrc": "https://cdn0.woolworths.media/content/wowproductimages/medium/90000573.jpg",
        "name": "Dinner For 2, Creamy Beef Tomato Parmesan Ravioli & Garlic Bread Bundle",
        "price": 11
    },
    {
        "category": "dairy-eggs-fridge",
        "href": "https://www.woolworths.com.au/shop/productdetails/90000793/sunny-queen-free-range-eggs-900g-18pk-x-2-bundle",
        "imgName": "90000793.jpg",
        "imgSrc": "https://cdn0.woolworths.media/content/wowproductimages/medium/90000793.jpg",
        "name": "Sunny Queen Free Range Eggs 900g 18pk X 2 Bundle",
        "price": 16,
        "unitPrice": "$0.89 / G"
    },
    {
        "category": "dairy-eggs-fridge",
        "href": "https://www.woolworths.com.au/shop/productdetails/477998/philadelphia-snack-tub-tasmanian-salmon",
        "imgName": "477998.jpg",
        "imgSrc": "https://cdn0.woolworths.media/content/wowproductimages/medium/477998.jpg",
        "name": "Philadelphia Snack Tub Tasmanian Salmon 136g",
        "price": 2.9,
        "unitPrice": "$21.32 / 1KG"
    },
    {
        "category": "dairy-eggs-fridge",
        "href": "https://www.woolworths.com.au/shop/productdetails/701982/simmone-logue-apple-pie",
        "imgName": "701982.jpg",
        "imgSrc": "https://cdn0.woolworths.media/content/wowproductimages/medium/701982.jpg",
        "name": "Simmone Logue Apple Pie  850g",
        "price": 13.55,
        "unitPrice": "$1.59 / 100G"
    },
    {
        "category": "dairy-eggs-fridge",
        "href": "https://www.woolworths.com.au/shop/productdetails/925093/obela-smooth-classic-hommus-singles",
        "imgName": "925093.jpg",
        "imgSrc": "https://cdn0.woolworths.media/content/wowproductimages/medium/925093.jpg",
        "name": "Obela Smooth Classic Hommus Singles 3x60g",
        "price": 3,
        "unitPrice": "$1.67 / 100G"
    },
    {
        "category": "dairy-eggs-fridge",
        "href": "https://www.woolworths.com.au/shop/productdetails/856823/obela-classic-guacamole",
        "imgName": "856823.jpg",
        "imgSrc": "https://cdn0.woolworths.media/content/wowproductimages/medium/856823.jpg",
        "name": "Obela Classic Guacamole  220g",
        "price": 5,
        "unitPrice": "$2.27 / 100G"
    },
    {
        "category": "dairy-eggs-fridge",
        "href": "https://www.woolworths.com.au/shop/productdetails/19682/perfect-italiano-original-smooth-ricotta",
        "imgName": "019682.jpg",
        "imgSrc": "https://cdn0.woolworths.media/content/wowproductimages/medium/019682.jpg",
        "name": "Perfect Italiano Original Smooth Ricotta 500g",
        "price": 6.25,
        "unitPrice": "$12.50 / 1KG"
    },
    {
        "category": "dairy-eggs-fridge",
        "href": "https://www.woolworths.com.au/shop/productdetails/788790/oreo-cookies-chocolate-mini-multi",
        "imgName": "788790.jpg",
        "imgSrc": "https://cdn0.woolworths.media/content/wowproductimages/medium/788790.jpg",
        "name": "Oreo Cookies Chocolate Mini Multi 230g",
        "price": 3.95,
        "unitPrice": "$1.72 / 100G"
    },
    {
        "category": "dairy-eggs-fridge",
        "href": "https://www.woolworths.com.au/shop/productdetails/641534/arnott-s-mini-chocolate-chip-cookies",
        "imgName": "641534.jpg",
        "imgSrc": "https://cdn0.woolworths.media/content/wowproductimages/medium/641534.jpg",
        "name": "Arnott's Mini Chocolate Chip Cookies 7pk 175g",
        "price": 4,
        "unitPrice": "$2.29 / 100G"
    },
    {
        "category": "dairy-eggs-fridge",
        "href": "https://www.woolworths.com.au/shop/productdetails/641538/arnott-s-tiny-teddy-hundreds-thousands",
        "imgName": "641538.jpg",
        "imgSrc": "https://cdn0.woolworths.media/content/wowproductimages/medium/641538.jpg",
        "name": "Arnott's Tiny Teddy Hundreds & Thousands 8pk 184g",
        "price": 4,
        "unitPrice": "$2.17 / 100G"
    },
    {
        "category": "dairy-eggs-fridge",
        "href": "https://www.woolworths.com.au/shop/productdetails/646068/sunbites-crackers-with-quinoa-caramelised-onion-balsamic",
        "imgName": "646068.jpg",
        "imgSrc": "https://cdn0.woolworths.media/content/wowproductimages/medium/646068.jpg",
        "name": "Sunbites Crackers With Quinoa Caramelised Onion & Balsamic 5pk 120g",
        "price": 3.5,
        "unitPrice": "$2.92 / 100G"
    },
    {
        "category": "dairy-eggs-fridge",
        "href": "https://www.woolworths.com.au/shop/productdetails/930995/jarlsberg-lite-cheese-slices-sliced-cheese",
        "imgName": "930995.jpg",
        "imgSrc": "https://cdn0.woolworths.media/content/wowproductimages/medium/930995.jpg",
        "name": "Jarlsberg Lite Cheese Slices Sliced Cheese 150g",
        "price": 6.65,
        "unitPrice": "$44.33 / 1KG"
    },
    {
        "category": "dairy-eggs-fridge",
        "href": "https://www.woolworths.com.au/shop/productdetails/641526/arnott-s-mini-scotch-finger",
        "imgName": "641526.jpg",
        "imgSrc": "https://cdn0.woolworths.media/content/wowproductimages/medium/641526.jpg",
        "name": "Arnott's Mini Scotch Finger 8pk 200g",
        "price": 4,
        "unitPrice": "$2.00 / 100G"
    },
    {
        "category": "dairy-eggs-fridge",
        "href": "https://www.woolworths.com.au/shop/productdetails/641533/arnott-s-shapes-light-crispy",
        "imgName": "641533.jpg",
        "imgSrc": "https://cdn0.woolworths.media/content/wowproductimages/medium/641533.jpg",
        "name": "Arnott's Shapes Light & Crispy 12pk 240g",
        "price": 6,
        "unitPrice": "$2.50 / 100G"
    },
    {
        "category": "dairy-eggs-fridge",
        "href": "https://www.woolworths.com.au/shop/productdetails/611738/chobani-flip-greek-yoghurt-salted-caramel-crunch",
        "imgName": "611738.jpg",
        "imgSrc": "https://cdn0.woolworths.media/content/wowproductimages/medium/611738.jpg",
        "name": "Chobani Flip Greek Yoghurt Salted Caramel Crunch 140g",
        "price": 3,
        "unitPrice": "$2.14 / 100G"
    },
    {
        "category": "dairy-eggs-fridge",
        "href": "https://www.woolworths.com.au/shop/productdetails/611808/chobani-flip-greek-yoghurt-key-lime-crumble",
        "imgName": "611808.jpg",
        "imgSrc": "https://cdn0.woolworths.media/content/wowproductimages/medium/611808.jpg",
        "name": "Chobani Flip Greek Yoghurt Key Lime Crumble 140g",
        "price": 3,
        "unitPrice": "$2.14 / 100G"
    },
    {
        "category": "dairy-eggs-fridge",
        "href": "https://www.woolworths.com.au/shop/productdetails/92941/pace-farm-caged-eggs-67g",
        "imgName": "092941.jpg",
        "imgSrc": "https://cdn0.woolworths.media/content/wowproductimages/medium/092941.jpg",
        "name": "Pace Farm Caged Eggs 67g 12pk 800g",
        "price": 5.3,
        "unitPrice": "$0.66 / 100G"
    },
    {
        "category": "dairy-eggs-fridge",
        "href": "https://www.woolworths.com.au/shop/productdetails/111944/nestle-97-fat-free-chocolate-mousse",
        "imgName": "111944.jpg",
        "imgSrc": "https://cdn0.woolworths.media/content/wowproductimages/medium/111944.jpg",
        "name": "Nestle 97% Fat Free Chocolate Mousse 2x62g",
        "price": 2.8,
        "unitPrice": "$2.26 / 100G"
    },
    {
        "category": "dairy-eggs-fridge",
        "href": "https://www.woolworths.com.au/shop/productdetails/304116/latina-fresh-kids-mini-ravioli-beef-vegetable",
        "imgName": "304116.jpg",
        "imgSrc": "https://cdn0.woolworths.media/content/wowproductimages/medium/304116.jpg",
        "name": "Latina Fresh Kids Mini Ravioli Beef & Vegetable 200g",
        "price": 4,
        "unitPrice": "$2.00 / 100G"
    },
    {
        "category": "dairy-eggs-fridge",
        "href": "https://www.woolworths.com.au/shop/productdetails/313898/manning-valley-free-range-eggs",
        "imgName": "313898.jpg",
        "imgSrc": "https://cdn0.woolworths.media/content/wowproductimages/medium/313898.jpg",
        "name": "Manning Valley Free Range Eggs 12pk 600g",
        "price": 6,
        "unitPrice": "$1.00 / 100G"
    },
    {
        "category": "dairy-eggs-fridge",
        "href": "https://www.woolworths.com.au/shop/productdetails/753880/gippsland-dairy-twist-toffee-honeycomb-yoghurt",
        "imgName": "753880.jpg",
        "imgSrc": "https://cdn0.woolworths.media/content/wowproductimages/medium/753880.jpg",
        "name": "Gippsland Dairy Twist Toffee Honeycomb Yoghurt 160g",
        "price": 2.85,
        "unitPrice": "$1.78 / 100G"
    },
    {
        "category": "dairy-eggs-fridge",
        "href": "https://www.woolworths.com.au/shop/productdetails/855562/a2-full-cream-milk-powder",
        "imgName": "855562.jpg",
        "imgSrc": "https://cdn0.woolworths.media/content/wowproductimages/medium/855562.jpg",
        "name": "A2 Full Cream Milk Powder  1kg",
        "price": 14,
        "unitPrice": "$1.40 / 100G"
    },
    {
        "category": "dairy-eggs-fridge",
        "href": "https://www.woolworths.com.au/shop/productdetails/801114/southern-highland-organic-eggs",
        "imgName": "801114.jpg",
        "imgSrc": "https://cdn0.woolworths.media/content/wowproductimages/medium/801114.jpg",
        "name": "Southern Highland Organic Eggs 300g 6pk",
        "price": 5,
        "unitPrice": "$1.67 / 100G"
    },
    {
        "category": "dairy-eggs-fridge",
        "href": "https://www.woolworths.com.au/shop/productdetails/876524/bean-supreme-black-bean-beetroot-burger",
        "imgName": "876524.jpg",
        "imgSrc": "https://cdn0.woolworths.media/content/wowproductimages/medium/876524.jpg",
        "name": "Bean Supreme Black Bean & Beetroot Burger  340g",
        "price": 8,
        "unitPrice": "$9.41 / 100G"
    },
    {
        "category": "dairy-eggs-fridge",
        "href": "https://www.woolworths.com.au/shop/productdetails/42937/vitasoy-calci-plus-soy-milk",
        "imgName": "042937.jpg",
        "imgSrc": "https://cdn0.woolworths.media/content/wowproductimages/medium/042937.jpg",
        "name": "Vitasoy Calci Plus Soy Milk 1l",
        "price": 3,
        "unitPrice": "$3.00 / 1L"
    },
    {
        "category": "dairy-eggs-fridge",
        "href": "https://www.woolworths.com.au/shop/productdetails/538816/chris-dips-tzatziki",
        "imgName": "538816.jpg",
        "imgSrc": "https://cdn0.woolworths.media/content/wowproductimages/medium/538816.jpg",
        "name": "Chris' Dips Tzatziki  100g",
        "price": 2.3,
        "unitPrice": "$2.30 / 100G"
    },
    {
        "category": "dairy-eggs-fridge",
        "href": "https://www.woolworths.com.au/shop/productdetails/345324/black-swan-dip-crafted-caramelised-french-onion",
        "imgName": "345324.jpg",
        "imgSrc": "https://cdn0.woolworths.media/content/wowproductimages/medium/345324.jpg",
        "name": "Black Swan Dip Crafted Caramelised French Onion 200g",
        "price": 4,
        "unitPrice": "$2.00 / 100G"
    },
    {
        "category": "dairy-eggs-fridge",
        "href": "https://www.woolworths.com.au/shop/productdetails/730683/macro-chickpea-veggiburger",
        "imgName": "730683.jpg",
        "imgSrc": "https://cdn0.woolworths.media/content/wowproductimages/medium/730683.jpg",
        "name": "Macro Chickpea Veggiburger  4pk 500g",
        "price": 4.3,
        "unitPrice": "$8.60 / 1KG"
    },
    {
        "category": "dairy-eggs-fridge",
        "href": "https://www.woolworths.com.au/shop/productdetails/302598/mainland-extra-tasty-cheese-slices",
        "imgName": "302598.jpg",
        "imgSrc": "https://cdn0.woolworths.media/content/wowproductimages/medium/302598.jpg",
        "name": "Mainland Extra Tasty Cheese Slices 10pk 210g",
        "price": 5,
        "unitPrice": "$23.81 / 1KG"
    },
    {
        "category": "dairy-eggs-fridge",
        "href": "https://www.woolworths.com.au/shop/productdetails/510446/belvita-yoghurt-crunch-breakfast-biscuits",
        "imgName": "510446.jpg",
        "imgSrc": "https://cdn0.woolworths.media/content/wowproductimages/medium/510446.jpg",
        "name": "Belvita Yoghurt Crunch Breakfast Biscuits 5 pack 253g",
        "price": 4.5,
        "unitPrice": "$1.78 / 100G"
    },
    {
        "category": "dairy-eggs-fridge",
        "href": "https://www.woolworths.com.au/shop/productdetails/299080/corinthians-mini-wafers",
        "imgName": "299080.jpg",
        "imgSrc": "https://cdn0.woolworths.media/content/wowproductimages/medium/299080.jpg",
        "name": "Corinthians Mini Wafers  150g",
        "price": 2,
        "unitPrice": "$1.33 / 100G"
    },
    {
        "category": "dairy-eggs-fridge",
        "href": "https://www.woolworths.com.au/shop/productdetails/105913/nestle-sweetened-skim-condensed-milk",
        "imgName": "105913.jpg",
        "imgSrc": "https://cdn0.woolworths.media/content/wowproductimages/medium/105913.jpg",
        "name": "Nestle Sweetened Skim Condensed Milk  400g",
        "price": 3.2,
        "unitPrice": "$0.80 / 100G"
    },
    {
        "category": "dairy-eggs-fridge",
        "href": "https://www.woolworths.com.au/shop/productdetails/310675/vitasoy-oat-milk",
        "imgName": "310675.jpg",
        "imgSrc": "https://cdn0.woolworths.media/content/wowproductimages/medium/310675.jpg",
        "name": "Vitasoy Oat Milk 1l",
        "price": 2.9,
        "unitPrice": "$2.90 / 1L"
    },
    {
        "category": "dairy-eggs-fridge",
        "href": "https://www.woolworths.com.au/shop/productdetails/408033/nutty-bruce-organic-milk-almond-coconut",
        "imgName": "408033.jpg",
        "imgSrc": "https://cdn0.woolworths.media/content/wowproductimages/medium/408033.jpg",
        "name": "Nutty Bruce Organic Milk Almond & Coconut 1l",
        "price": 5.5,
        "unitPrice": "$5.50 / 1L"
    },
    {
        "category": "dairy-eggs-fridge",
        "href": "https://www.woolworths.com.au/shop/productdetails/547134/bulla-double-cream",
        "imgName": "547134.jpg",
        "imgSrc": "https://cdn0.woolworths.media/content/wowproductimages/medium/547134.jpg",
        "name": "Bulla Double Cream  200ml",
        "price": 4,
        "unitPrice": "$2.00 / 100ML"
    },
    {
        "category": "dairy-eggs-fridge",
        "href": "https://www.woolworths.com.au/shop/productdetails/931429/nudie-coconut-yoghurt-vanilla",
        "imgName": "931429.jpg",
        "imgSrc": "https://cdn0.woolworths.media/content/wowproductimages/medium/931429.jpg",
        "name": "Nudie Coconut Yoghurt Vanilla  170g",
        "price": 3,
        "unitPrice": "$1.76 / 100G"
    },
    {
        "category": "dairy-eggs-fridge",
        "href": "https://www.woolworths.com.au/shop/productdetails/827474/woolworths-rosemary-lamb-shanks",
        "imgName": "827474.jpg",
        "imgSrc": "https://cdn0.woolworths.media/content/wowproductimages/medium/827474.jpg",
        "name": "Woolworths Rosemary Lamb Shanks 800g",
        "price": 14.99,
        "unitPrice": "$1.87 / 100G"
    },
    {
        "category": "dairy-eggs-fridge",
        "href": "https://www.woolworths.com.au/shop/productdetails/90000040/beef-ravioli-garlic-bread-chocolate-mousse-family-dinner-bundle",
        "imgName": "90000040.jpg",
        "imgSrc": "https://cdn0.woolworths.media/content/wowproductimages/medium/90000040.jpg",
        "name": "Beef Ravioli, Garlic Bread & Chocolate Mousse Family Dinner Bundle",
        "price": 35
    },
    {
        "category": "dairy-eggs-fridge",
        "href": "https://www.woolworths.com.au/shop/productdetails/90000791/farmer-s-own-full-cream-milk-3l-x-3-bundle",
        "imgName": "90000791.jpg",
        "imgSrc": "https://cdn0.woolworths.media/content/wowproductimages/medium/90000791.jpg",
        "name": "Farmer's Own Full Cream Milk 3l X 3 Bundle",
        "price": 13.5,
        "unitPrice": "$1.50 / L"
    },
    {
        "category": "dairy-eggs-fridge",
        "href": "https://www.woolworths.com.au/shop/productdetails/90000797/jalna-greek-natural-yoghurt-1kg-x-3-bundle",
        "imgName": "90000797.jpg",
        "imgSrc": "https://cdn0.woolworths.media/content/wowproductimages/medium/90000797.jpg",
        "name": "Jalna Greek Natural Yoghurt 1kg X 3 Bundle",
        "price": 18,
        "unitPrice": "$0.60 / G"
    },
    {
        "category": "dairy-eggs-fridge",
        "href": "https://www.woolworths.com.au/shop/productdetails/90000546/kids-healthy-lunch-box-fillers-tropical-juice-honey-yoghurt-colby-cheese-bundle",
        "imgName": "90000546.jpg",
        "imgSrc": "https://cdn0.woolworths.media/content/wowproductimages/medium/90000546.jpg",
        "name": "Kids Healthy Lunch Box Fillers, Tropical Juice, Honey Yoghurt & Colby Cheese Bundle",
        "price": 11.5
    },
    {
        "category": "dairy-eggs-fridge",
        "href": "https://www.woolworths.com.au/shop/productdetails/90000556/quick-family-dinner-creamy-tomato-chicken-ravioli-garlic-bread-dessert-bundle",
        "imgName": "90000556.jpg",
        "imgSrc": "https://cdn0.woolworths.media/content/wowproductimages/medium/90000556.jpg",
        "name": "Quick Family Dinner, Creamy Tomato Chicken Ravioli, Garlic Bread & Dessert Bundle",
        "price": 25
    },
    {
        "category": "dairy-eggs-fridge",
        "href": "https://www.woolworths.com.au/shop/productdetails/90000565/family-dinner-deal-spinach-ricotta-bolognese-agnolotti-garlic-bread-bundle",
        "imgName": "90000565.jpg",
        "imgSrc": "https://cdn0.woolworths.media/content/wowproductimages/medium/90000565.jpg",
        "name": "Family Dinner Deal, Spinach Ricotta Bolognese Agnolotti & Garlic Bread Bundle",
        "price": 14
    },
    {
        "category": "dairy-eggs-fridge",
        "href": "https://www.woolworths.com.au/shop/productdetails/429368/woolworths-family-favourites-potato-topped-chicken-pie",
        "imgName": "429368.jpg",
        "imgSrc": "https://cdn0.woolworths.media/content/wowproductimages/medium/429368.jpg",
        "name": "Woolworths Family Favourites Potato Topped Chicken Pie 1.2kg",
        "price": 14,
        "unitPrice": "$1.17 / 100G"
    },
    {
        "category": "dairy-eggs-fridge",
        "href": "https://www.woolworths.com.au/shop/productdetails/64711/bornhoffen-acidophilus-natural-yoghurt",
        "imgName": "064711.jpg",
        "imgSrc": "https://cdn0.woolworths.media/content/wowproductimages/medium/064711.jpg",
        "name": "Bornhoffen Acidophilus Natural Yoghurt 1kg",
        "price": 7,
        "unitPrice": "$0.70 / 100G"
    },
    {
        "category": "dairy-eggs-fridge",
        "href": "https://www.woolworths.com.au/shop/productdetails/249730/sanitarium-vegie-delights-vegie-sausage",
        "imgName": "249730.jpg",
        "imgSrc": "https://cdn0.woolworths.media/content/wowproductimages/medium/249730.jpg",
        "name": "Sanitarium Vegie Delights Vegie Sausage 300g",
        "price": 7.5,
        "unitPrice": "$25.00 / 1KG"
    },
    {
        "category": "dairy-eggs-fridge",
        "href": "https://www.woolworths.com.au/shop/productdetails/212841/vitasoy-soy-milky-lite",
        "imgName": "212841.jpg",
        "imgSrc": "https://cdn0.woolworths.media/content/wowproductimages/medium/212841.jpg",
        "name": "Vitasoy Soy Milky Lite 1l",
        "price": 2.5,
        "unitPrice": "$2.50 / 1L"
    },
    {
        "category": "dairy-eggs-fridge",
        "href": "https://www.woolworths.com.au/shop/productdetails/224796/mainland-on-the-go-special-reserve-cheese-and-crackers",
        "imgName": "224796.jpg",
        "imgSrc": "https://cdn0.woolworths.media/content/wowproductimages/medium/224796.jpg",
        "name": "Mainland On The Go Special Reserve Cheese And Crackers 1pk 50g",
        "price": 3,
        "unitPrice": "$60.00 / 1KG"
    },
    {
        "category": "dairy-eggs-fridge",
        "href": "https://www.woolworths.com.au/shop/productdetails/339960/biopak-disposable-cutlery-set",
        "imgName": "339960.jpg",
        "imgSrc": "https://cdn0.woolworths.media/content/wowproductimages/medium/339960.jpg",
        "name": "Biopak Disposable Cutlery Set 1ea",
        "price": 0.55
    },
    {
        "category": "dairy-eggs-fridge",
        "href": "https://www.woolworths.com.au/shop/productdetails/474408/pro-live-probiotic-drink-blueberry",
        "imgName": "474408.jpg",
        "imgSrc": "https://cdn0.woolworths.media/content/wowproductimages/medium/474408.jpg",
        "name": "Pro Live Probiotic Drink Blueberry 310ml",
        "price": 3.15,
        "unitPrice": "$10.16 / 1L"
    },
    {
        "category": "dairy-eggs-fridge",
        "href": "https://www.woolworths.com.au/shop/productdetails/543585/obela-grab-go-jalapeno",
        "imgName": "543585.jpg",
        "imgSrc": "https://cdn0.woolworths.media/content/wowproductimages/medium/543585.jpg",
        "name": "Obela Grab & Go Jalapeno 125g",
        "price": 3,
        "unitPrice": "$2.40 / 100G"
    },
    {
        "category": "dairy-eggs-fridge",
        "href": "https://www.woolworths.com.au/shop/productdetails/431264/connoisseur-chocolate-mousse",
        "imgName": "431264.jpg",
        "imgSrc": "https://cdn0.woolworths.media/content/wowproductimages/medium/431264.jpg",
        "name": "Connoisseur Chocolate Mousse  2x80g",
        "price": 4,
        "unitPrice": "$2.50 / 100G"
    },
    {
        "category": "dairy-eggs-fridge",
        "href": "https://www.woolworths.com.au/shop/productdetails/504790/woolworths-massaman-beef-curry-with-rice",
        "imgName": "504790.jpg",
        "imgSrc": "https://cdn0.woolworths.media/content/wowproductimages/medium/504790.jpg",
        "name": "Woolworths Massaman Beef Curry With Rice 350g",
        "price": 7.49,
        "unitPrice": "$2.14 / 100G"
    },
    {
        "category": "dairy-eggs-fridge",
        "href": "https://www.woolworths.com.au/shop/productdetails/611906/chobani-flip-greek-yoghurt-peanut-butter-dream",
        "imgName": "611906.jpg",
        "imgSrc": "https://cdn0.woolworths.media/content/wowproductimages/medium/611906.jpg",
        "name": "Chobani Flip Greek Yoghurt Peanut Butter Dream 140g",
        "price": 3,
        "unitPrice": "$2.14 / 100G"
    },
    {
        "category": "dairy-eggs-fridge",
        "href": "https://www.woolworths.com.au/shop/productdetails/641536/arnott-s-tiny-teddy-goes-to-the-farm",
        "imgName": "641536.jpg",
        "imgSrc": "https://cdn0.woolworths.media/content/wowproductimages/medium/641536.jpg",
        "name": "Arnott's Tiny Teddy Goes To The Farm 15pk 315g",
        "price": 6,
        "unitPrice": "$1.90 / 100G"
    },
    {
        "category": "dairy-eggs-fridge",
        "href": "https://www.woolworths.com.au/shop/productdetails/569764/woolworths-yoghurt-pouch-banana",
        "imgName": "569764.jpg",
        "imgSrc": "https://cdn0.woolworths.media/content/wowproductimages/medium/569764.jpg",
        "name": "Woolworths Yoghurt Pouch Banana 70g",
        "price": 0.75,
        "unitPrice": "$1.07 / 100G"
    },
    {
        "category": "dairy-eggs-fridge",
        "href": "https://www.woolworths.com.au/shop/productdetails/694760/woolworths-swiss-cheese",
        "imgName": "694760.jpg",
        "imgSrc": "https://cdn0.woolworths.media/content/wowproductimages/medium/694760.jpg",
        "name": "Woolworths Swiss Cheese 200g",
        "price": 4,
        "unitPrice": "$20.00 / 1KG"
    },
    {
        "category": "dairy-eggs-fridge",
        "href": "https://www.woolworths.com.au/shop/productdetails/954610/bio-cheese-cheddar-block",
        "imgName": "954610.jpg",
        "imgSrc": "https://cdn0.woolworths.media/content/wowproductimages/medium/954610.jpg",
        "name": "Bio Cheese Cheddar Block  200g",
        "price": 7.5,
        "unitPrice": "$37.50 / 1KG"
    },
    {
        "category": "dairy-eggs-fridge",
        "href": "https://www.woolworths.com.au/shop/productdetails/14894/latina-fresh-creamy-sundried-tomato-pasta-sauce",
        "imgName": "014894.jpg",
        "imgSrc": "https://cdn0.woolworths.media/content/wowproductimages/medium/014894.jpg",
        "name": "Latina Fresh Creamy Sundried Tomato Pasta Sauce 425g",
        "price": 5.79,
        "unitPrice": "$1.36 / 100G"
    },
    {
        "category": "dairy-eggs-fridge",
        "href": "https://www.woolworths.com.au/shop/productdetails/157575/pauls-pure-organic-unhomogenised-full-cream-milk",
        "imgName": "157575.jpg",
        "imgSrc": "https://cdn0.woolworths.media/content/wowproductimages/medium/157575.jpg",
        "name": "Pauls Pure Organic Unhomogenised Full Cream Milk 1l",
        "price": 3.3,
        "unitPrice": "$3.30 / 1L"
    },
    {
        "category": "dairy-eggs-fridge",
        "href": "https://www.woolworths.com.au/shop/productdetails/260099/pureharvest-organic-almond-milk",
        "imgName": "260099.jpg",
        "imgSrc": "https://cdn0.woolworths.media/content/wowproductimages/medium/260099.jpg",
        "name": "Pureharvest Organic Almond Milk  1l",
        "price": 3.39,
        "unitPrice": "$3.39 / 1L"
    },
    {
        "category": "dairy-eggs-fridge",
        "href": "https://www.woolworths.com.au/shop/productdetails/404984/pauls-farmhouse-gold-full-cream-milk-unhomogenised",
        "imgName": "404984.jpg",
        "imgSrc": "https://cdn0.woolworths.media/content/wowproductimages/medium/404984.jpg",
        "name": "Pauls Farmhouse Gold Full Cream Milk Unhomogenised 1.5l",
        "price": 3,
        "unitPrice": "$2.00 / 1L"
    },
    {
        "category": "dairy-eggs-fridge",
        "href": "https://www.woolworths.com.au/shop/productdetails/48703/dairy-farmers-buttermilk",
        "imgName": "048703.jpg",
        "imgSrc": "https://cdn0.woolworths.media/content/wowproductimages/medium/048703.jpg",
        "name": "Dairy Farmers Buttermilk  600ml",
        "price": 2.7,
        "unitPrice": "$4.50 / 1L"
    },
    {
        "category": "dairy-eggs-fridge",
        "href": "https://www.woolworths.com.au/shop/productdetails/630335/della-rosa-italian-meats-pizza",
        "imgName": "630335.jpg",
        "imgSrc": "https://cdn0.woolworths.media/content/wowproductimages/medium/630335.jpg",
        "name": "Della Rosa Italian Meats Pizza 460g",
        "price": 6.5,
        "unitPrice": "$1.41 / 100G"
    },
    {
        "category": "dairy-eggs-fridge",
        "href": "https://www.woolworths.com.au/shop/productdetails/667988/pauls-farmhouse-gold-organic-milk",
        "imgName": "667988.jpg",
        "imgSrc": "https://cdn0.woolworths.media/content/wowproductimages/medium/667988.jpg",
        "name": "Pauls Farmhouse Gold Organic Milk 1.5l",
        "price": 4.5,
        "unitPrice": "$3.00 / 1L"
    },
    {
        "category": "dairy-eggs-fridge",
        "href": "https://www.woolworths.com.au/shop/productdetails/706843/pasta-master-beef-lasagne",
        "imgName": "706843.jpg",
        "imgSrc": "https://cdn0.woolworths.media/content/wowproductimages/medium/706843.jpg",
        "name": "Pasta Master Beef Lasagne  1.3kg",
        "price": 14,
        "unitPrice": "$10.77 / 1KG"
    },
    {
        "category": "dairy-eggs-fridge",
        "href": "https://www.woolworths.com.au/shop/productdetails/744855/woolworths-fresh-creamy-pumpkin-soup",
        "imgName": "744855.jpg",
        "imgSrc": "https://cdn0.woolworths.media/content/wowproductimages/medium/744855.jpg",
        "name": "Woolworths Fresh Creamy Pumpkin Soup  300g",
        "price": 3,
        "unitPrice": "$1.00 / 100G"
    },
    {
        "category": "dairy-eggs-fridge",
        "href": "https://www.woolworths.com.au/shop/productdetails/757825/farmers-own-homogenised-reduced-fat-milk",
        "imgName": "757825.jpg",
        "imgSrc": "https://cdn0.woolworths.media/content/wowproductimages/medium/757825.jpg",
        "name": "Farmers' Own Homogenised Reduced Fat Milk 2l",
        "price": 3,
        "unitPrice": "$1.50 / 1L"
    },
    {
        "category": "dairy-eggs-fridge",
        "href": "https://www.woolworths.com.au/shop/productdetails/786815/farmers-own-reduced-fat-milk",
        "imgName": "786815.jpg",
        "imgSrc": "https://cdn0.woolworths.media/content/wowproductimages/medium/786815.jpg",
        "name": "Farmers' Own Reduced Fat Milk 3l",
        "price": 4.5,
        "unitPrice": "$1.50 / 1L"
    },
    {
        "category": "dairy-eggs-fridge",
        "href": "https://www.woolworths.com.au/shop/productdetails/55734/pace-farm-caged-eggs-jumbo",
        "imgName": "055734.jpg",
        "imgSrc": "https://cdn0.woolworths.media/content/wowproductimages/medium/055734.jpg",
        "name": "Pace Farm Caged Eggs Jumbo 6pk 400g",
        "price": 3.1,
        "unitPrice": "$0.78 / 100G"
    },
    {
        "category": "dairy-eggs-fridge",
        "href": "https://www.woolworths.com.au/shop/productdetails/36304/dairylea-cheestik-wedges",
        "imgName": "036304.jpg",
        "imgSrc": "https://cdn0.woolworths.media/content/wowproductimages/medium/036304.jpg",
        "name": "Dairylea Cheestik Wedges 160g",
        "price": 3.15,
        "unitPrice": "$19.69 / 1KG"
    },
    {
        "category": "dairy-eggs-fridge",
        "href": "https://www.woolworths.com.au/shop/productdetails/73127/sanitarium-vegie-delights-soy-rashers",
        "imgName": "073127.jpg",
        "imgSrc": "https://cdn0.woolworths.media/content/wowproductimages/medium/073127.jpg",
        "name": "Sanitarium Vegie Delights Soy Rashers 145g",
        "price": 4.9,
        "unitPrice": "$33.79 / 1KG"
    },
    {
        "category": "dairy-eggs-fridge",
        "href": "https://www.woolworths.com.au/shop/productdetails/59789/pace-farm-liberty-barn-laid-eggs",
        "imgName": "059789.jpg",
        "imgSrc": "https://cdn0.woolworths.media/content/wowproductimages/medium/059789.jpg",
        "name": "Pace Farm Liberty Barn Laid Eggs 6pk 330g",
        "price": 3.3,
        "unitPrice": "$1.00 / 100G"
    },
    {
        "category": "dairy-eggs-fridge",
        "href": "https://www.woolworths.com.au/shop/productdetails/145566/fantastic-fresh-noodles-hokkien",
        "imgName": "145566.jpg",
        "imgSrc": "https://cdn0.woolworths.media/content/wowproductimages/medium/145566.jpg",
        "name": "Fantastic Fresh Noodles Hokkien 450g",
        "price": 2.7,
        "unitPrice": "$0.60 / 100G"
    },
    {
        "category": "dairy-eggs-fridge",
        "href": "https://www.woolworths.com.au/shop/productdetails/92955/pace-farm-free-range-eggs-natural-living",
        "imgName": "092955.jpg",
        "imgSrc": "https://cdn0.woolworths.media/content/wowproductimages/medium/092955.jpg",
        "name": "Pace Farm Free Range Eggs Natural Living 12pk 800g",
        "price": 7,
        "unitPrice": "$0.88 / 100G"
    },
    {
        "category": "dairy-eggs-fridge",
        "href": "https://www.woolworths.com.au/shop/productdetails/215455/macro-organic-soy-long-life-milk",
        "imgName": "215455.jpg",
        "imgSrc": "https://cdn0.woolworths.media/content/wowproductimages/medium/215455.jpg",
        "name": "Macro Organic Soy Long Life Milk 1l",
        "price": 1.7,
        "unitPrice": "$1.70 / 1L"
    },
    {
        "category": "dairy-eggs-fridge",
        "href": "https://www.woolworths.com.au/shop/productdetails/178437/jalna-premium-vanilla-yoghurt",
        "imgName": "178437.jpg",
        "imgSrc": "https://cdn0.woolworths.media/content/wowproductimages/medium/178437.jpg",
        "name": "Jalna Premium Vanilla Yoghurt 1kg",
        "price": 7,
        "unitPrice": "$0.70 / 100G"
    },
    {
        "category": "dairy-eggs-fridge",
        "href": "https://www.woolworths.com.au/shop/productdetails/327970/two-spoons-junket-tablets",
        "imgName": "327970.jpg",
        "imgSrc": "https://cdn0.woolworths.media/content/wowproductimages/medium/327970.jpg",
        "name": "Two Spoons Junket Tablets  9g",
        "price": 3.2,
        "unitPrice": "$35.56 / 100G"
    },
    {
        "category": "dairy-eggs-fridge",
        "href": "https://www.woolworths.com.au/shop/productdetails/459245/black-swan-greek-yoghurt-naturally-sweet-lactose-free",
        "imgName": "459245.jpg",
        "imgSrc": "https://cdn0.woolworths.media/content/wowproductimages/medium/459245.jpg",
        "name": "Black Swan Greek Yoghurt Naturally Sweet Lactose Free 850g",
        "price": 6,
        "unitPrice": "$0.71 / 100G"
    },
    {
        "category": "dairy-eggs-fridge",
        "href": "https://www.woolworths.com.au/shop/productdetails/344206/supreme-foods-roti-mini",
        "imgName": "344206.jpg",
        "imgSrc": "https://cdn0.woolworths.media/content/wowproductimages/medium/344206.jpg",
        "name": "Supreme Foods Roti Mini 125g",
        "price": 2.99,
        "unitPrice": "$2.39 / 100G"
    },
    {
        "category": "dairy-eggs-fridge",
        "href": "https://www.woolworths.com.au/shop/productdetails/365569/macro-organic-full-cream-milk",
        "imgName": "365569.jpg",
        "imgSrc": "https://cdn0.woolworths.media/content/wowproductimages/medium/365569.jpg",
        "name": "Macro Organic Full Cream Milk  1l",
        "price": 2.2,
        "unitPrice": "$2.20 / 1L"
    },
    {
        "category": "dairy-eggs-fridge",
        "href": "https://www.woolworths.com.au/shop/productdetails/441025/old-el-paso-pulled-pork-and-rice",
        "imgName": "441025.jpg",
        "imgSrc": "https://cdn0.woolworths.media/content/wowproductimages/medium/441025.jpg",
        "name": "Old El Paso Pulled Pork And Rice  350g",
        "price": 7.99,
        "unitPrice": "$2.28 / 100G"
    },
    {
        "category": "dairy-eggs-fridge",
        "href": "https://www.woolworths.com.au/shop/productdetails/463034/jalna-sweet-creamy-yoghurt-coconut",
        "imgName": "463034.jpg",
        "imgSrc": "https://cdn0.woolworths.media/content/wowproductimages/medium/463034.jpg",
        "name": "Jalna Sweet & Creamy Yoghurt Coconut 1kg",
        "price": 7,
        "unitPrice": "$0.70 / 100G"
    },
    {
        "category": "dairy-eggs-fridge",
        "href": "https://www.woolworths.com.au/shop/productdetails/550456/woolworths-delicious-nutritious-wholegrain-penne-bolognese",
        "imgName": "550456.jpg",
        "imgSrc": "https://cdn0.woolworths.media/content/wowproductimages/medium/550456.jpg",
        "name": "Woolworths Delicious Nutritious Wholegrain Penne Bolognese 350g",
        "price": 7.99,
        "unitPrice": "$2.28 / 100G"
    },
    {
        "category": "dairy-eggs-fridge",
        "href": "https://www.woolworths.com.au/shop/productdetails/408031/nutty-bruce-organic-almond-milk",
        "imgName": "408031.jpg",
        "imgSrc": "https://cdn0.woolworths.media/content/wowproductimages/medium/408031.jpg",
        "name": "Nutty Bruce Organic Almond Milk 1l",
        "price": 5.5,
        "unitPrice": "$5.50 / 1L"
    },
    {
        "category": "dairy-eggs-fridge",
        "href": "https://www.woolworths.com.au/shop/productdetails/508827/tamar-valley-kids-yoghurt-pouch-strawberry",
        "imgName": "508827.jpg",
        "imgSrc": "https://cdn0.woolworths.media/content/wowproductimages/medium/508827.jpg",
        "name": "Tamar Valley Kids Yoghurt Pouch Strawberry 110g",
        "price": 1.7,
        "unitPrice": "$1.55 / 100G"
    },
    {
        "category": "dairy-eggs-fridge",
        "href": "https://www.woolworths.com.au/shop/productdetails/436979/wicked-sister-coulis-vanilla-bean-raspberry",
        "imgName": "436979.jpg",
        "imgSrc": "https://cdn0.woolworths.media/content/wowproductimages/medium/436979.jpg",
        "name": "Wicked Sister Coulis Vanilla Bean & Raspberry 300g",
        "price": 4,
        "unitPrice": "$1.33 / 100G"
    },
    {
        "category": "dairy-eggs-fridge",
        "href": "https://www.woolworths.com.au/shop/productdetails/432759/bertolli-margarine-butter-with-pinch-of-sea-salt",
        "imgName": "432759.jpg",
        "imgSrc": "https://cdn0.woolworths.media/content/wowproductimages/medium/432759.jpg",
        "name": "Bertolli Margarine Butter With Pinch Of Sea Salt 400g",
        "price": 5,
        "unitPrice": "$1.25 / 100G"
    },
    {
        "category": "dairy-eggs-fridge",
        "href": "https://www.woolworths.com.au/shop/productdetails/659435/yoplait-petit-miam-apple-blackcurrant-yoghurt-pouch",
        "imgName": "659435.jpg",
        "imgSrc": "https://cdn0.woolworths.media/content/wowproductimages/medium/659435.jpg",
        "name": "Yoplait Petit Miam Apple & Blackcurrant Yoghurt Pouch 70g",
        "price": 1,
        "unitPrice": "$1.43 / 100G"
    },
    {
        "category": "dairy-eggs-fridge",
        "href": "https://www.woolworths.com.au/shop/productdetails/550457/woolworths-delicious-nutritious-butter-chicken-with-whole-grain-rice",
        "imgName": "550457.jpg",
        "imgSrc": "https://cdn0.woolworths.media/content/wowproductimages/medium/550457.jpg",
        "name": "Woolworths Delicious Nutritious Butter Chicken With Whole Grain Rice 350g",
        "price": 7.99,
        "unitPrice": "$2.28 / 100G"
    },
    {
        "category": "dairy-eggs-fridge",
        "href": "https://www.woolworths.com.au/shop/productdetails/665847/raw-c-coconut-milk-vanilla",
        "imgName": "665847.jpg",
        "imgSrc": "https://cdn0.woolworths.media/content/wowproductimages/medium/665847.jpg",
        "name": "Raw C Coconut Milk Vanilla 300ml",
        "price": 3,
        "unitPrice": "$10.00 / 1L"
    },
    {
        "category": "dairy-eggs-fridge",
        "href": "https://www.woolworths.com.au/shop/productdetails/706275/danone-ultimate-greek-yoghurt-blueberry",
        "imgName": "706275.jpg",
        "imgSrc": "https://cdn0.woolworths.media/content/wowproductimages/medium/706275.jpg",
        "name": "Danone Ultimate Greek Yoghurt Blueberry 4x125g",
        "price": 4.4,
        "unitPrice": "$0.88 / 100G"
    },
    {
        "category": "dairy-eggs-fridge",
        "href": "https://www.woolworths.com.au/shop/productdetails/746738/farmers-own-full-cream-milk-unhomogenised",
        "imgName": "746738.jpg",
        "imgSrc": "https://cdn0.woolworths.media/content/wowproductimages/medium/746738.jpg",
        "name": "Farmers' Own Full Cream Milk Unhomogenised 2l",
        "price": 3,
        "unitPrice": "$1.50 / 1L"
    },
    {
        "category": "dairy-eggs-fridge",
        "href": "https://www.woolworths.com.au/shop/productdetails/706239/danone-ultimate-greek-yoghurt-strawberry",
        "imgName": "706239.jpg",
        "imgSrc": "https://cdn0.woolworths.media/content/wowproductimages/medium/706239.jpg",
        "name": "Danone Ultimate Greek Yoghurt Strawberry 4x125g",
        "price": 4.4,
        "unitPrice": "$0.88 / 100G"
    },
    {
        "category": "dairy-eggs-fridge",
        "href": "https://www.woolworths.com.au/shop/productdetails/744840/woolworths-fresh-chicken-corn-soup-asian-style",
        "imgName": "744840.jpg",
        "imgSrc": "https://cdn0.woolworths.media/content/wowproductimages/medium/744840.jpg",
        "name": "Woolworths Fresh Chicken & Corn Soup Asian Style 300g",
        "price": 3,
        "unitPrice": "$1.00 / 100G"
    },
    {
        "category": "dairy-eggs-fridge",
        "href": "https://www.woolworths.com.au/shop/productdetails/744853/woolworths-fresh-beef-vegetable-soup-low-fat",
        "imgName": "744853.jpg",
        "imgSrc": "https://cdn0.woolworths.media/content/wowproductimages/medium/744853.jpg",
        "name": "Woolworths Fresh Beef & Vegetable Soup Low Fat 300g",
        "price": 3,
        "unitPrice": "$1.00 / 100G"
    },
    {
        "category": "dairy-eggs-fridge",
        "href": "https://www.woolworths.com.au/shop/productdetails/751963/pauls-chocolate-custard",
        "imgName": "751963.jpg",
        "imgSrc": "https://cdn0.woolworths.media/content/wowproductimages/medium/751963.jpg",
        "name": "Pauls Chocolate Custard 70g",
        "price": 1.5,
        "unitPrice": "$2.14 / 100G"
    },
    {
        "category": "dairy-eggs-fridge",
        "href": "https://www.woolworths.com.au/shop/productdetails/768154/jalna-sweet-creamy-greek-yoghurt",
        "imgName": "768154.jpg",
        "imgSrc": "https://cdn0.woolworths.media/content/wowproductimages/medium/768154.jpg",
        "name": "Jalna Sweet & Creamy Greek Yoghurt 1kg",
        "price": 6.9,
        "unitPrice": "$0.69 / 100G"
    },
    {
        "category": "dairy-eggs-fridge",
        "href": "https://www.woolworths.com.au/shop/productdetails/744869/woolworths-fresh-lamb-barley-soup-low-fat",
        "imgName": "744869.jpg",
        "imgSrc": "https://cdn0.woolworths.media/content/wowproductimages/medium/744869.jpg",
        "name": "Woolworths Fresh Lamb & Barley Soup Low Fat 300g",
        "price": 3,
        "unitPrice": "$1.00 / 100G"
    },
    {
        "category": "dairy-eggs-fridge",
        "href": "https://www.woolworths.com.au/shop/productdetails/779260/woolworths-select-chicken-leek-risotto",
        "imgName": "779260.jpg",
        "imgSrc": "https://cdn0.woolworths.media/content/wowproductimages/medium/779260.jpg",
        "name": "Woolworths Select Chicken & Leek Risotto  300g",
        "price": 3.99,
        "unitPrice": "$1.33 / 100G"
    },
    {
        "category": "dairy-eggs-fridge",
        "href": "https://www.woolworths.com.au/shop/productdetails/827477/woolworths-new-york-pepper-steak",
        "imgName": "827477.jpg",
        "imgSrc": "https://cdn0.woolworths.media/content/wowproductimages/medium/827477.jpg",
        "name": "Woolworths New York Pepper Steak  400g",
        "price": 10.99,
        "unitPrice": "$2.75 / 100G"
    },
    {
        "category": "dairy-eggs-fridge",
        "href": "https://www.woolworths.com.au/shop/productdetails/827479/woolworths-grilled-pork-with-mash-apple-gravy",
        "imgName": "827479.jpg",
        "imgSrc": "https://cdn0.woolworths.media/content/wowproductimages/medium/827479.jpg",
        "name": "Woolworths Grilled Pork With Mash & Apple Gravy 400g",
        "price": 11.99,
        "unitPrice": "$3.00 / 100G"
    },
    {
        "category": "dairy-eggs-fridge",
        "href": "https://www.woolworths.com.au/shop/productdetails/790041/farmers-union-greek-yoghurt",
        "imgName": "790041.jpg",
        "imgSrc": "https://cdn0.woolworths.media/content/wowproductimages/medium/790041.jpg",
        "name": "Farmers Union Greek Yoghurt  4pk",
        "price": 5,
        "unitPrice": "$0.78 / 100G"
    },
    {
        "category": "dairy-eggs-fridge",
        "href": "https://www.woolworths.com.au/shop/productdetails/827223/woolworths-spaghetti-bolognaise",
        "imgName": "827223.jpg",
        "imgSrc": "https://cdn0.woolworths.media/content/wowproductimages/medium/827223.jpg",
        "name": "Woolworths Spaghetti Bolognaise  350g",
        "price": 7.49,
        "unitPrice": "$2.14 / 100G"
    },
    {
        "category": "dairy-eggs-fridge",
        "href": "https://www.woolworths.com.au/shop/productdetails/926530/chobani-strawberry-with-steel-cut-oats-yoghurt-pouch",
        "imgName": "926530.jpg",
        "imgSrc": "https://cdn0.woolworths.media/content/wowproductimages/medium/926530.jpg",
        "name": "Chobani Strawberry With Steel-cut Oats Yoghurt Pouch 140g",
        "price": 2.9,
        "unitPrice": "$2.07 / 100G"
    },
    {
        "category": "dairy-eggs-fridge",
        "href": "https://www.woolworths.com.au/shop/productdetails/922679/tamar-valley-greek-style-yoghurt",
        "imgName": "922679.jpg",
        "imgSrc": "https://cdn0.woolworths.media/content/wowproductimages/medium/922679.jpg",
        "name": "Tamar Valley Greek Style Yoghurt  500g",
        "price": 4,
        "unitPrice": "$0.80 / 100G"
    },
    {
        "category": "dairy-eggs-fridge",
        "href": "https://www.woolworths.com.au/shop/productdetails/622928/farmhouse-gold-pot-set-yoghurt-vanilla",
        "imgName": "622928.jpg",
        "imgSrc": "https://cdn0.woolworths.media/content/wowproductimages/medium/622928.jpg",
        "name": "Farmhouse Gold Pot Set Yoghurt Vanilla 700g",
        "price": 6.5,
        "unitPrice": "$0.93 / 100G"
    },
    {
        "category": "dairy-eggs-fridge",
        "href": "https://www.woolworths.com.au/shop/productdetails/649305/woolworths-skyr-no-fat-natural-yoghurt",
        "imgName": "649305.jpg",
        "imgSrc": "https://cdn0.woolworths.media/content/wowproductimages/medium/649305.jpg",
        "name": "Woolworths Skyr No Fat Natural Yoghurt 170g",
        "price": 2.8,
        "unitPrice": "$1.65 / 100G"
    },
    {
        "category": "dairy-eggs-fridge",
        "href": "https://www.woolworths.com.au/shop/productdetails/644996/picasso-kitchen-pizza-base-with-tomato-sauce",
        "imgName": "644996.jpg",
        "imgSrc": "https://cdn0.woolworths.media/content/wowproductimages/medium/644996.jpg",
        "name": "Picasso Kitchen Pizza Base With Tomato Sauce 260g",
        "price": 2.5,
        "unitPrice": "$0.96 / 100G"
    },
    {
        "category": "dairy-eggs-fridge",
        "href": "https://www.woolworths.com.au/shop/productdetails/535547/chobani-oats-yoghurt-blueberry",
        "imgName": "535547.jpg",
        "imgSrc": "https://cdn0.woolworths.media/content/wowproductimages/medium/535547.jpg",
        "name": "Chobani Oats Yoghurt Blueberry 140g",
        "price": 2.9,
        "unitPrice": "$2.07 / 100G"
    },
    {
        "category": "dairy-eggs-fridge",
        "href": "https://www.woolworths.com.au/shop/productdetails/660435/tamar-valley-dairy-kids-blueberry-yoghurt-pouch",
        "imgName": "660435.jpg",
        "imgSrc": "https://cdn0.woolworths.media/content/wowproductimages/medium/660435.jpg",
        "name": "Tamar Valley Dairy Kids Blueberry Yoghurt Pouch 110g",
        "price": 1.7,
        "unitPrice": "$1.55 / 100G"
    },
    {
        "category": "dairy-eggs-fridge",
        "href": "https://www.woolworths.com.au/shop/productdetails/620495/oak-plus-high-protein-flavoured-milk-vanilla",
        "imgName": "620495.jpg",
        "imgSrc": "https://cdn0.woolworths.media/content/wowproductimages/medium/620495.jpg",
        "name": "Oak Plus High Protein Flavoured Milk Vanilla 500ml",
        "price": 3.15,
        "unitPrice": "$6.30 / 1L"
    },
    {
        "category": "dairy-eggs-fridge",
        "href": "https://www.woolworths.com.au/shop/productdetails/649306/woolworths-skyr-vanilla-yoghurt",
        "imgName": "649306.jpg",
        "imgSrc": "https://cdn0.woolworths.media/content/wowproductimages/medium/649306.jpg",
        "name": "Woolworths Skyr Vanilla Yoghurt 170g",
        "price": 2.8,
        "unitPrice": "$1.65 / 100G"
    },
    {
        "category": "dairy-eggs-fridge",
        "href": "https://www.woolworths.com.au/shop/productdetails/608240/latina-fresh-ready-meals-chicken-vegetable-bake",
        "imgName": "608240.jpg",
        "imgSrc": "https://cdn0.woolworths.media/content/wowproductimages/medium/608240.jpg",
        "name": "Latina Fresh Ready Meals Chicken & Vegetable Bake 1.4kg",
        "price": 18.9,
        "unitPrice": "$1.35 / 100G"
    },
    {
        "category": "dairy-eggs-fridge",
        "href": "https://www.woolworths.com.au/shop/productdetails/666710/raguletto-lasagne-sheets",
        "imgName": "666710.jpg",
        "imgSrc": "https://cdn0.woolworths.media/content/wowproductimages/medium/666710.jpg",
        "name": "Raguletto Lasagne Sheets  375g",
        "price": 3,
        "unitPrice": "$0.80 / 100G"
    },
    {
        "category": "dairy-eggs-fridge",
        "href": "https://www.woolworths.com.au/shop/productdetails/537578/latina-fresh-ready-meals-ricotta-feta-spinach-cannelloni",
        "imgName": "537578.jpg",
        "imgSrc": "https://cdn0.woolworths.media/content/wowproductimages/medium/537578.jpg",
        "name": "Latina Fresh Ready Meals Ricotta Feta & Spinach Cannelloni 350g",
        "price": 7.5,
        "unitPrice": "$2.14 / 100G"
    },
    {
        "category": "dairy-eggs-fridge",
        "href": "https://www.woolworths.com.au/shop/productdetails/556119/oak-milk-iced-coffee",
        "imgName": "556119.jpg",
        "imgSrc": "https://cdn0.woolworths.media/content/wowproductimages/medium/556119.jpg",
        "name": "Oak Milk Iced Coffee 2l",
        "price": 4,
        "unitPrice": "$2.00 / 1L"
    },
    {
        "category": "dairy-eggs-fridge",
        "href": "https://www.woolworths.com.au/shop/productdetails/844412/leggos-agnolotti-with-spinach-ricotta",
        "imgName": "844412.jpg",
        "imgSrc": "https://cdn0.woolworths.media/content/wowproductimages/medium/844412.jpg",
        "name": "Leggos Agnolotti With Spinach & Ricotta 630g",
        "price": 7.6,
        "unitPrice": "$1.21 / 100G"
    },
    {
        "category": "dairy-eggs-fridge",
        "href": "https://www.woolworths.com.au/shop/productdetails/620873/wicked-sisters-creations-choc-profiterole-with-cream",
        "imgName": "620873.jpg",
        "imgSrc": "https://cdn0.woolworths.media/content/wowproductimages/medium/620873.jpg",
        "name": "Wicked Sisters Creations Choc Profiterole With Cream 90g",
        "price": 4,
        "unitPrice": "$4.44 / 100G"
    },
    {
        "category": "dairy-eggs-fridge",
        "href": "https://www.woolworths.com.au/shop/productdetails/662836/nutty-bruce-unsweetened-almond-milk",
        "imgName": "662836.jpg",
        "imgSrc": "https://cdn0.woolworths.media/content/wowproductimages/medium/662836.jpg",
        "name": "Nutty Bruce Unsweetened Almond Milk 1l",
        "price": 5.5,
        "unitPrice": "$5.50 / 1L"
    },
    {
        "category": "dairy-eggs-fridge",
        "href": "https://www.woolworths.com.au/shop/productdetails/661219/nudie-icelandic-blueberry-yoghurt",
        "imgName": "661219.jpg",
        "imgSrc": "https://cdn0.woolworths.media/content/wowproductimages/medium/661219.jpg",
        "name": "Nudie Icelandic Blueberry Yoghurt 170g",
        "price": 3,
        "unitPrice": "$1.76 / 100G"
    },
    {
        "category": "dairy-eggs-fridge",
        "href": "https://www.woolworths.com.au/shop/productdetails/619358/nakula-coconut-yoghurt-passionfruit",
        "imgName": "619358.jpg",
        "imgSrc": "https://cdn0.woolworths.media/content/wowproductimages/medium/619358.jpg",
        "name": "Nakula Coconut Yoghurt Passionfruit 500g",
        "price": 7,
        "unitPrice": "$1.40 / 100G"
    },
    {
        "category": "dairy-eggs-fridge",
        "href": "https://www.woolworths.com.au/shop/productdetails/516793/woolworths-beef-in-black-bean-sauce-with-rice",
        "imgName": "516793.jpg",
        "imgSrc": "https://cdn0.woolworths.media/content/wowproductimages/medium/516793.jpg",
        "name": "Woolworths Beef In Black Bean Sauce With Rice 350g",
        "price": 7.49,
        "unitPrice": "$2.14 / 100G"
    },
    {
        "category": "dairy-eggs-fridge",
        "href": "https://www.woolworths.com.au/shop/productdetails/505602/woolworths-bangers-mash",
        "imgName": "505602.jpg",
        "imgSrc": "https://cdn0.woolworths.media/content/wowproductimages/medium/505602.jpg",
        "name": "Woolworths Bangers & Mash  350g",
        "price": 7.49,
        "unitPrice": "$2.14 / 100G"
    },
    {
        "category": "dairy-eggs-fridge",
        "href": "https://www.woolworths.com.au/shop/productdetails/620871/wicked-sisters-creations-lamington-with-coconut",
        "imgName": "620871.jpg",
        "imgSrc": "https://cdn0.woolworths.media/content/wowproductimages/medium/620871.jpg",
        "name": "Wicked Sisters Creations Lamington With Coconut 80g",
        "price": 4,
        "unitPrice": "$5.00 / 100G"
    },
    {
        "category": "dairy-eggs-fridge",
        "href": "https://www.woolworths.com.au/shop/productdetails/530979/slogue-cocktail-tomato-feta-olive-quiche",
        "imgName": "530979.jpg",
        "imgSrc": "https://cdn0.woolworths.media/content/wowproductimages/medium/530979.jpg",
        "name": "Slogue Cocktail Tomato Feta & Olive Quiche 480g",
        "price": 13.99,
        "unitPrice": "$2.91 / 100G"
    },
    {
        "category": "dairy-eggs-fridge",
        "href": "https://www.woolworths.com.au/shop/productdetails/620774/chris-cheese-orange-poppy-seed-honey",
        "imgName": "620774.jpg",
        "imgSrc": "https://cdn0.woolworths.media/content/wowproductimages/medium/620774.jpg",
        "name": "Chris' Cheese Orange Poppy Seed & Honey 160g",
        "price": 7,
        "unitPrice": "$4.38 / 100G"
    },
    {
        "category": "dairy-eggs-fridge",
        "href": "https://www.woolworths.com.au/shop/productdetails/662852/nutty-bruce-hazelnut-milk",
        "imgName": "662852.jpg",
        "imgSrc": "https://cdn0.woolworths.media/content/wowproductimages/medium/662852.jpg",
        "name": "Nutty Bruce Hazelnut Milk 1l",
        "price": 5.5,
        "unitPrice": "$5.50 / 1L"
    },
    {
        "category": "dairy-eggs-fridge",
        "href": "https://www.woolworths.com.au/shop/productdetails/575962/zymil-lactose-free-milk",
        "imgName": "575962.jpg",
        "imgSrc": "https://cdn0.woolworths.media/content/wowproductimages/medium/575962.jpg",
        "name": "Zymil Lactose Free Milk  3pk 750ml",
        "price": 3.2,
        "unitPrice": "$4.27 / 1L"
    },
    {
        "category": "dairy-eggs-fridge",
        "href": "https://www.woolworths.com.au/shop/productdetails/621138/black-swan-grab-and-go-roasted-garlic-hommus",
        "imgName": "621138.jpg",
        "imgSrc": "https://cdn0.woolworths.media/content/wowproductimages/medium/621138.jpg",
        "name": "Black Swan Grab And Go Roasted Garlic Hommus 85g",
        "price": 3.5,
        "unitPrice": "$4.12 / 100G"
    },
    {
        "category": "dairy-eggs-fridge",
        "href": "https://www.woolworths.com.au/shop/productdetails/598186/bulla-pure-cream-pouring-style",
        "imgName": "598186.jpg",
        "imgSrc": "https://cdn0.woolworths.media/content/wowproductimages/medium/598186.jpg",
        "name": "Bulla Pure Cream Pouring Style 200ml",
        "price": 3.3,
        "unitPrice": "$1.65 / 100ML"
    },
    {
        "category": "dairy-eggs-fridge",
        "href": "https://www.woolworths.com.au/shop/productdetails/625150/3-grain-organic-stangrand-pappardelle",
        "imgName": "625150.jpg",
        "imgSrc": "https://cdn0.woolworths.media/content/wowproductimages/medium/625150.jpg",
        "name": "3 Grain Organic Stangrand Pappardelle 300g",
        "price": 6,
        "unitPrice": "$2.00 / 100G"
    },
    {
        "category": "dairy-eggs-fridge",
        "href": "https://www.woolworths.com.au/shop/productdetails/606728/follow-your-heart-original-vegenaise",
        "imgName": "606728.jpg",
        "imgSrc": "https://cdn0.woolworths.media/content/wowproductimages/medium/606728.jpg",
        "name": "Follow Your Heart Original Vegenaise 340g",
        "price": 6,
        "unitPrice": "$17.65 / 1KG"
    },
    {
        "category": "dairy-eggs-fridge",
        "href": "https://www.woolworths.com.au/shop/productdetails/572340/emma-and-tom-s-expresso-milk",
        "imgName": "572340.jpg",
        "imgSrc": "https://cdn0.woolworths.media/content/wowproductimages/medium/572340.jpg",
        "name": "Emma And Tom's Expresso Milk  350ml",
        "price": 3.65,
        "unitPrice": "$10.43 / 1L"
    },
    {
        "category": "dairy-eggs-fridge",
        "href": "https://www.woolworths.com.au/shop/productdetails/581335/little-bud-mega-fish-pie",
        "imgName": "581335.jpg",
        "imgSrc": "https://cdn0.woolworths.media/content/wowproductimages/medium/581335.jpg",
        "name": "Little Bud Mega Fish Pie  200g",
        "price": 5.99,
        "unitPrice": "$3.00 / 100G"
    },
    {
        "category": "dairy-eggs-fridge",
        "href": "https://www.woolworths.com.au/shop/productdetails/514472/woolworths-vegetable-dahl-curry",
        "imgName": "514472.jpg",
        "imgSrc": "https://cdn0.woolworths.media/content/wowproductimages/medium/514472.jpg",
        "name": "Woolworths Vegetable Dahl Curry  360g",
        "price": 8.49,
        "unitPrice": "$2.36 / 100G"
    },
    {
        "category": "dairy-eggs-fridge",
        "href": "https://www.woolworths.com.au/shop/productdetails/647417/the-norco-natural-cheese-co-parmesan-cheese",
        "imgName": "647417.jpg",
        "imgSrc": "https://cdn0.woolworths.media/content/wowproductimages/medium/647417.jpg",
        "name": "The Norco Natural Cheese Co. Parmesan Cheese  200g",
        "price": 6,
        "unitPrice": "$30.00 / 1KG"
    },
    {
        "category": "dairy-eggs-fridge",
        "href": "https://www.woolworths.com.au/shop/productdetails/662571/little-leggos-beef-vegetable-pasta-pillows",
        "imgName": "662571.jpg",
        "imgSrc": "https://cdn0.woolworths.media/content/wowproductimages/medium/662571.jpg",
        "name": "Little Leggos Beef & Vegetable Pasta Pillows 200g",
        "price": 4,
        "unitPrice": "$2.00 / 100G"
    },
    {
        "category": "dairy-eggs-fridge",
        "href": "https://www.woolworths.com.au/shop/productdetails/715942/belvita-fruit-fibre-breakfast-biscuits",
        "imgName": "715942.jpg",
        "imgSrc": "https://cdn0.woolworths.media/content/wowproductimages/medium/715942.jpg",
        "name": "Belvita Fruit & Fibre Breakfast Biscuits 300g",
        "price": 4,
        "unitPrice": "$1.33 / 100G"
    },
    {
        "category": "dairy-eggs-fridge",
        "href": "https://www.woolworths.com.au/shop/productdetails/611883/castello-traditional-fetta-cubes-in-brine",
        "imgName": "611883.jpg",
        "imgSrc": "https://cdn0.woolworths.media/content/wowproductimages/medium/611883.jpg",
        "name": "Castello Traditional Fetta Cubes In Brine 430g",
        "price": 5,
        "unitPrice": "$11.63 / 1KG"
    },
    {
        "category": "dairy-eggs-fridge",
        "href": "https://www.woolworths.com.au/shop/productdetails/724682/dairy-farmers-sour-cream",
        "imgName": "724682.jpg",
        "imgSrc": "https://cdn0.woolworths.media/content/wowproductimages/medium/724682.jpg",
        "name": "Dairy Farmers Sour Cream  250g",
        "price": 2.45,
        "unitPrice": "$0.98 / 100G"
    },
    {
        "category": "dairy-eggs-fridge",
        "href": "https://www.woolworths.com.au/shop/productdetails/962472/julieanne-s-kitchen-terrine-duck-orange",
        "imgName": "962472.jpg",
        "imgSrc": "https://cdn0.woolworths.media/content/wowproductimages/medium/962472.jpg",
        "name": "Julieanne's Kitchen Terrine Duck & Orange 130g",
        "price": 9.98,
        "unitPrice": "$7.68 / 100G"
    },
    {
        "category": "dairy-eggs-fridge",
        "href": "https://www.woolworths.com.au/shop/productdetails/962217/julieanne-s-kitchen-paste-apple-thyme",
        "imgName": "962217.jpg",
        "imgSrc": "https://cdn0.woolworths.media/content/wowproductimages/medium/962217.jpg",
        "name": "Julieanne's Kitchen Paste Apple & Thyme 100g",
        "price": 6.98,
        "unitPrice": "$6.98 / 100G"
    },
    {
        "category": "dairy-eggs-fridge",
        "href": "https://www.woolworths.com.au/shop/productdetails/627088/evergreen-hard-tofu",
        "imgName": "627088.jpg",
        "imgSrc": "https://cdn0.woolworths.media/content/wowproductimages/medium/627088.jpg",
        "name": "Evergreen Hard Tofu  300g",
        "price": 4,
        "unitPrice": "$13.33 / 1KG"
    },
    {
        "category": "dairy-eggs-fridge",
        "href": "https://www.woolworths.com.au/shop/productdetails/482024/oak-flavoured-milk-molten-caramel",
        "imgName": "482024.jpg",
        "imgSrc": "https://cdn0.woolworths.media/content/wowproductimages/medium/482024.jpg",
        "name": "Oak Flavoured Milk Molten Caramel 3x250ml",
        "price": 4.4,
        "unitPrice": "$5.87 / 1L"
    },
    {
        "category": "dairy-eggs-fridge",
        "href": "https://www.woolworths.com.au/shop/productdetails/144408/dairy-farmers-permeate-free-light-milk",
        "imgName": "144408.jpg",
        "imgSrc": "https://cdn0.woolworths.media/content/wowproductimages/medium/144408.jpg",
        "name": "Dairy Farmers Permeate Free Light Milk 1l",
        "price": 2.85,
        "unitPrice": "$2.85 / 1L"
    },
    {
        "category": "dairy-eggs-fridge",
        "href": "https://www.woolworths.com.au/shop/productdetails/248247/uncle-tobys-muesli-bars-yoghurt-strawberry",
        "imgName": "248247.jpg",
        "imgSrc": "https://cdn0.woolworths.media/content/wowproductimages/medium/248247.jpg",
        "name": "Uncle Tobys Muesli Bars Yoghurt & Strawberry 6pk 185g",
        "price": 4,
        "unitPrice": "$2.16 / 100G"
    },
    {
        "category": "dairy-eggs-fridge",
        "href": "https://www.woolworths.com.au/shop/productdetails/729836/nabisco-oreo-chocolate-wafers-biscuit",
        "imgName": "729836.jpg",
        "imgSrc": "https://cdn0.woolworths.media/content/wowproductimages/medium/729836.jpg",
        "name": "Nabisco Oreo Chocolate Wafers Biscuit 10pk 128g",
        "price": 2.4,
        "unitPrice": "$1.88 / 100G"
    },
    {
        "category": "dairy-eggs-fridge",
        "href": "https://www.woolworths.com.au/shop/productdetails/295443/babybel-mini-cheese-portions",
        "imgName": "295443.jpg",
        "imgSrc": "https://cdn0.woolworths.media/content/wowproductimages/medium/295443.jpg",
        "name": "Babybel Mini Cheese Portions 100g",
        "price": 4.2,
        "unitPrice": "$42.00 / 1KG"
    },
    {
        "category": "dairy-eggs-fridge",
        "href": "https://www.woolworths.com.au/shop/productdetails/501170/obela-wholegrain-mustard-spread",
        "imgName": "501170.jpg",
        "imgSrc": "https://cdn0.woolworths.media/content/wowproductimages/medium/501170.jpg",
        "name": "Obela Wholegrain Mustard Spread 375g",
        "price": 6,
        "unitPrice": "$1.60 / 100G"
    },
    {
        "category": "dairy-eggs-fridge",
        "href": "https://www.woolworths.com.au/shop/productdetails/97321/perfect-italiano-original-ricotta",
        "imgName": "097321.jpg",
        "imgSrc": "https://cdn0.woolworths.media/content/wowproductimages/medium/097321.jpg",
        "name": "Perfect Italiano Original Ricotta 250g",
        "price": 4.3,
        "unitPrice": "$17.20 / 1KG"
    },
    {
        "category": "dairy-eggs-fridge",
        "href": "https://www.woolworths.com.au/shop/productdetails/105914/nestle-sweetened-condensed-milk",
        "imgName": "105914.jpg",
        "imgSrc": "https://cdn0.woolworths.media/content/wowproductimages/medium/105914.jpg",
        "name": "Nestle Sweetened Condensed Milk  395g",
        "price": 3.2,
        "unitPrice": "$0.81 / 100G"
    },
    {
        "category": "dairy-eggs-fridge",
        "href": "https://www.woolworths.com.au/shop/productdetails/954528/bio-cheese-cheddar-slices",
        "imgName": "954528.jpg",
        "imgSrc": "https://cdn0.woolworths.media/content/wowproductimages/medium/954528.jpg",
        "name": "Bio Cheese Cheddar Slices  200g",
        "price": 8,
        "unitPrice": "$40.00 / 1KG"
    },
    {
        "category": "dairy-eggs-fridge",
        "href": "https://www.woolworths.com.au/shop/productdetails/453305/woolworths-processed-cheese-slices-smokey",
        "imgName": "453305.jpg",
        "imgSrc": "https://cdn0.woolworths.media/content/wowproductimages/medium/453305.jpg",
        "name": "Woolworths Processed Cheese Slices Smokey 250g",
        "price": 2.8,
        "unitPrice": "$11.20 / 1KG"
    },
    {
        "category": "dairy-eggs-fridge",
        "href": "https://www.woolworths.com.au/shop/productdetails/665632/perfect-italiano-ricotta-pasta-stir-through-four-cheese",
        "imgName": "665632.jpg",
        "imgSrc": "https://cdn0.woolworths.media/content/wowproductimages/medium/665632.jpg",
        "name": "Perfect Italiano Ricotta Pasta Stir Through Four Cheese 450g",
        "price": 6.2,
        "unitPrice": "$13.78 / 1KG"
    },
    {
        "category": "dairy-eggs-fridge",
        "href": "https://www.woolworths.com.au/shop/productdetails/611902/chobani-flip-greek-yoghurt-nutty-for-nana",
        "imgName": "611902.jpg",
        "imgSrc": "https://cdn0.woolworths.media/content/wowproductimages/medium/611902.jpg",
        "name": "Chobani Flip Greek Yoghurt Nutty For Nana 140g",
        "price": 3,
        "unitPrice": "$2.14 / 100G"
    },
    {
        "category": "dairy-eggs-fridge",
        "href": "https://www.woolworths.com.au/shop/productdetails/878734/oak-chocolate-flavoured-milk",
        "imgName": "878734.jpg",
        "imgSrc": "https://cdn0.woolworths.media/content/wowproductimages/medium/878734.jpg",
        "name": "Oak Chocolate Flavoured Milk 3x250ml",
        "price": 4.4,
        "unitPrice": "$5.87 / 1L"
    },
    {
        "category": "dairy-eggs-fridge",
        "href": "https://www.woolworths.com.au/shop/productdetails/769036/mil-lel-shredded-parmesan-extra-sharp-cheese",
        "imgName": "769036.jpg",
        "imgSrc": "https://cdn0.woolworths.media/content/wowproductimages/medium/769036.jpg",
        "name": "Mil Lel Shredded Parmesan Extra Sharp Cheese 250g",
        "price": 6,
        "unitPrice": "$24.00 / 1KG"
    },
    {
        "category": "dairy-eggs-fridge",
        "href": "https://www.woolworths.com.au/shop/productdetails/74050/mainland-extra-tasty-cheese",
        "imgName": "074050.jpg",
        "imgSrc": "https://cdn0.woolworths.media/content/wowproductimages/medium/074050.jpg",
        "name": "Mainland Extra Tasty Cheese 200g",
        "price": 5,
        "unitPrice": "$25.00 / 1KG"
    },
    {
        "category": "dairy-eggs-fridge",
        "href": "https://www.woolworths.com.au/shop/productdetails/619512/somerdale-red-leicester-cheese",
        "imgName": "619512.jpg",
        "imgSrc": "https://cdn0.woolworths.media/content/wowproductimages/medium/619512.jpg",
        "name": "Somerdale Red Leicester Cheese 150g",
        "price": 4,
        "unitPrice": "$26.67 / 1KG"
    },
    {
        "category": "dairy-eggs-fridge",
        "href": "https://www.woolworths.com.au/shop/productdetails/99065/bega-country-light-vintage-cheese",
        "imgName": "099065.jpg",
        "imgSrc": "https://cdn0.woolworths.media/content/wowproductimages/medium/099065.jpg",
        "name": "Bega Country Light Vintage Cheese 500g",
        "price": 8.7,
        "unitPrice": "$17.40 / 1KG"
    },
    {
        "category": "dairy-eggs-fridge",
        "href": "https://www.woolworths.com.au/shop/productdetails/932579/chris-dips-prince-harry-hommus",
        "imgName": "932579.jpg",
        "imgSrc": "https://cdn0.woolworths.media/content/wowproductimages/medium/932579.jpg",
        "name": "Chris' Dips Prince Harry Hommus 3x60g",
        "price": 2.8,
        "unitPrice": "$1.56 / 100G"
    },
    {
        "category": "dairy-eggs-fridge",
        "href": "https://www.woolworths.com.au/shop/productdetails/346535/bel-kiri-cream-cheese",
        "imgName": "346535.jpg",
        "imgSrc": "https://cdn0.woolworths.media/content/wowproductimages/medium/346535.jpg",
        "name": "Bel Kiri Cream Cheese  108g",
        "price": 3.25,
        "unitPrice": "$30.09 / 1KG"
    },
    {
        "category": "dairy-eggs-fridge",
        "href": "https://www.woolworths.com.au/shop/productdetails/788553/rokeby-farms-breakfast-smoothie-banana",
        "imgName": "788553.jpg",
        "imgSrc": "https://cdn0.woolworths.media/content/wowproductimages/medium/788553.jpg",
        "name": "Rokeby Farms Breakfast Smoothie Banana 425ml",
        "price": 4.15,
        "unitPrice": "$9.76 / 1L"
    },
    {
        "category": "dairy-eggs-fridge",
        "href": "https://www.woolworths.com.au/shop/productdetails/307201/black-swan-dip-crafted-baby-spinach-fetta",
        "imgName": "307201.jpg",
        "imgSrc": "https://cdn0.woolworths.media/content/wowproductimages/medium/307201.jpg",
        "name": "Black Swan Dip Crafted Baby Spinach & Fetta 200g",
        "price": 4,
        "unitPrice": "$2.00 / 100G"
    },
    {
        "category": "dairy-eggs-fridge",
        "href": "https://www.woolworths.com.au/shop/productdetails/325134/homebrand-parmesan-cheese",
        "imgName": "325134.jpg",
        "imgSrc": "https://cdn0.woolworths.media/content/wowproductimages/medium/325134.jpg",
        "name": "Homebrand Parmesan Cheese 100g",
        "price": 1.6,
        "unitPrice": "$16.00 / 1KG"
    },
    {
        "category": "dairy-eggs-fridge",
        "href": "https://www.woolworths.com.au/shop/productdetails/501168/obela-sweet-beetroot-spread",
        "imgName": "501168.jpg",
        "imgSrc": "https://cdn0.woolworths.media/content/wowproductimages/medium/501168.jpg",
        "name": "Obela Sweet Beetroot Spread 375g",
        "price": 6,
        "unitPrice": "$1.60 / 100G"
    },
    {
        "category": "dairy-eggs-fridge",
        "href": "https://www.woolworths.com.au/shop/productdetails/662572/leggo-s-fresh-carbonara-sauce",
        "imgName": "662572.jpg",
        "imgSrc": "https://cdn0.woolworths.media/content/wowproductimages/medium/662572.jpg",
        "name": "Leggo's Fresh Carbonara Sauce  450g",
        "price": 5,
        "unitPrice": "$1.11 / 100G"
    },
    {
        "category": "dairy-eggs-fridge",
        "href": "https://www.woolworths.com.au/shop/productdetails/769459/perfect-italiano-4-cheese-melt",
        "imgName": "769459.jpg",
        "imgSrc": "https://cdn0.woolworths.media/content/wowproductimages/medium/769459.jpg",
        "name": "Perfect Italiano 4 Cheese Melt  450g",
        "price": 7.5,
        "unitPrice": "$16.67 / 1KG"
    },
    {
        "category": "dairy-eggs-fridge",
        "href": "https://www.woolworths.com.au/shop/productdetails/769907/bega-tasty-grated-cheese",
        "imgName": "769907.jpg",
        "imgSrc": "https://cdn0.woolworths.media/content/wowproductimages/medium/769907.jpg",
        "name": "Bega Tasty Grated Cheese 500g",
        "price": 8.2,
        "unitPrice": "$16.40 / 1KG"
    },
    {
        "category": "dairy-eggs-fridge",
        "href": "https://www.woolworths.com.au/shop/productdetails/730684/macro-mild-curry-vegburger",
        "imgName": "730684.jpg",
        "imgSrc": "https://cdn0.woolworths.media/content/wowproductimages/medium/730684.jpg",
        "name": "Macro Mild Curry Vegburger  4pk 500g",
        "price": 4.3,
        "unitPrice": "$8.60 / 1KG"
    },
    {
        "category": "dairy-eggs-fridge",
        "href": "https://www.woolworths.com.au/shop/productdetails/296799/port-stephens-free-range-eggs-jumbo",
        "imgName": "296799.jpg",
        "imgSrc": "https://cdn0.woolworths.media/content/wowproductimages/medium/296799.jpg",
        "name": "Port Stephens Free Range Eggs Jumbo  12pk 800g",
        "price": 7,
        "unitPrice": "$0.88 / 100G"
    },
    {
        "category": "dairy-eggs-fridge",
        "href": "https://www.woolworths.com.au/shop/productdetails/665631/perfect-italiano-ricotta-pasta-stir-through-garlic-herb",
        "imgName": "665631.jpg",
        "imgSrc": "https://cdn0.woolworths.media/content/wowproductimages/medium/665631.jpg",
        "name": "Perfect Italiano Ricotta Pasta Stir Through Garlic & Herb 450g",
        "price": 6.2,
        "unitPrice": "$13.78 / 1KG"
    },
    {
        "category": "dairy-eggs-fridge",
        "href": "https://www.woolworths.com.au/shop/productdetails/729746/spc-kids-crush-ups-mixed-berries",
        "imgName": "729746.jpg",
        "imgSrc": "https://cdn0.woolworths.media/content/wowproductimages/medium/729746.jpg",
        "name": "Spc Kids Crush Ups Mixed Berries 90g",
        "price": 1.4,
        "unitPrice": "$15.56 / 1KG"
    },
    {
        "category": "dairy-eggs-fridge",
        "href": "https://www.woolworths.com.au/shop/productdetails/647408/the-norco-natural-cheese-co-elbo-style-cheese-slices",
        "imgName": "647408.jpg",
        "imgSrc": "https://cdn0.woolworths.media/content/wowproductimages/medium/647408.jpg",
        "name": "The Norco Natural Cheese Co. Elbo Style Cheese Slices 250g",
        "price": 6.6,
        "unitPrice": "$26.40 / 1KG"
    },
    {
        "category": "dairy-eggs-fridge",
        "href": "https://www.woolworths.com.au/shop/productdetails/740621/gippsland-dairy-twist-blueberry-yoghurt",
        "imgName": "740621.jpg",
        "imgSrc": "https://cdn0.woolworths.media/content/wowproductimages/medium/740621.jpg",
        "name": "Gippsland Dairy Twist Blueberry Yoghurt 160g",
        "price": 2.85,
        "unitPrice": "$1.78 / 100G"
    },
    {
        "category": "dairy-eggs-fridge",
        "href": "https://www.woolworths.com.au/shop/productdetails/226469/perfect-cheese-parmesan-extra-sharp",
        "imgName": "226469.jpg",
        "imgSrc": "https://cdn0.woolworths.media/content/wowproductimages/medium/226469.jpg",
        "name": "Perfect Cheese Parmesan Extra Sharp 200g",
        "price": 6.1,
        "unitPrice": "$30.50 / 1KG"
    },
    {
        "category": "dairy-eggs-fridge",
        "href": "https://www.woolworths.com.au/shop/productdetails/344197/pitango-organic-soup-spring-lamb",
        "imgName": "344197.jpg",
        "imgSrc": "https://cdn0.woolworths.media/content/wowproductimages/medium/344197.jpg",
        "name": "Pitango Organic Soup Spring Lamb 600g",
        "price": 7.5,
        "unitPrice": "$1.25 / 100G"
    },
    {
        "category": "dairy-eggs-fridge",
        "href": "https://www.woolworths.com.au/shop/productdetails/413070/rokeby-farms-breakfast-smoothie-salted-caramel",
        "imgName": "413070.jpg",
        "imgSrc": "https://cdn0.woolworths.media/content/wowproductimages/medium/413070.jpg",
        "name": "Rokeby Farms Breakfast Smoothie Salted Caramel 425ml",
        "price": 4.15
    },
    {
        "category": "dairy-eggs-fridge",
        "href": "https://www.woolworths.com.au/shop/productdetails/463668/gippsland-organic-natural-yoghurt",
        "imgName": "463668.jpg",
        "imgSrc": "https://cdn0.woolworths.media/content/wowproductimages/medium/463668.jpg",
        "name": "Gippsland Organic Natural Yoghurt  700g",
        "price": 7,
        "unitPrice": "$1.00 / 100G"
    },
    {
        "category": "dairy-eggs-fridge",
        "href": "https://www.woolworths.com.au/shop/productdetails/741513/black-swan-dip-crafted-crispy-bacon-caramelised-onion",
        "imgName": "741513.jpg",
        "imgSrc": "https://cdn0.woolworths.media/content/wowproductimages/medium/741513.jpg",
        "name": "Black Swan Dip Crafted Crispy Bacon & Caramelised Onion 200g",
        "price": 4,
        "unitPrice": "$2.00 / 100G"
    },
    {
        "category": "dairy-eggs-fridge",
        "href": "https://www.woolworths.com.au/shop/productdetails/754521/aeroplane-ready-to-eat-jelly-raspberry",
        "imgName": "754521.jpg",
        "imgSrc": "https://cdn0.woolworths.media/content/wowproductimages/medium/754521.jpg",
        "name": "Aeroplane Ready To Eat Jelly Raspberry 120g",
        "price": 1.45,
        "unitPrice": "$1.21 / 100G"
    },
    {
        "category": "dairy-eggs-fridge",
        "href": "https://www.woolworths.com.au/shop/productdetails/779293/woolworths-select-pumpkin-parmesan-risotto",
        "imgName": "779293.jpg",
        "imgSrc": "https://cdn0.woolworths.media/content/wowproductimages/medium/779293.jpg",
        "name": "Woolworths Select Pumpkin Parmesan Risotto  300g",
        "price": 3.99,
        "unitPrice": "$1.33 / 100G"
    },
    {
        "category": "dairy-eggs-fridge",
        "href": "https://www.woolworths.com.au/shop/productdetails/799811/woolworths-free-from-lactose-full-cream-milk",
        "imgName": "799811.jpg",
        "imgSrc": "https://cdn0.woolworths.media/content/wowproductimages/medium/799811.jpg",
        "name": "Woolworths Free From Lactose Full Cream Milk 1l",
        "price": 1.7,
        "unitPrice": "$1.70 / 1L"
    },
    {
        "category": "dairy-eggs-fridge",
        "href": "https://www.woolworths.com.au/shop/productdetails/825018/woolworths-fresh-chicken-corn-soup-asian-style",
        "imgName": "825018.jpg",
        "imgSrc": "https://cdn0.woolworths.media/content/wowproductimages/medium/825018.jpg",
        "name": "Woolworths Fresh Chicken & Corn Soup Asian Style 1l",
        "price": 8,
        "unitPrice": "$8.00 / 1KG"
    },
    {
        "category": "dairy-eggs-fridge",
        "href": "https://www.woolworths.com.au/shop/productdetails/935279/evia-raspberry-toasted-muesli-yoghurt-pods",
        "imgName": "935279.jpg",
        "imgSrc": "https://cdn0.woolworths.media/content/wowproductimages/medium/935279.jpg",
        "name": "Evia Raspberry & Toasted Muesli Yoghurt Pods 170g",
        "price": 2.7,
        "unitPrice": "$1.59 / 100G"
    },
    {
        "category": "dairy-eggs-fridge",
        "href": "https://www.woolworths.com.au/shop/productdetails/144000/pauls-zymil-light-lactose-free-milk",
        "imgName": "144000.jpg",
        "imgSrc": "https://cdn0.woolworths.media/content/wowproductimages/medium/144000.jpg",
        "name": "Pauls Zymil Light Lactose Free Milk 1l",
        "price": 2.7,
        "unitPrice": "$2.70 / 1L"
    },
    {
        "category": "dairy-eggs-fridge",
        "href": "https://www.woolworths.com.au/shop/productdetails/145537/dairy-farmers-shape-no-fat-high-in-calcium-milk",
        "imgName": "145537.jpg",
        "imgSrc": "https://cdn0.woolworths.media/content/wowproductimages/medium/145537.jpg",
        "name": "Dairy Farmers Shape No Fat High In Calcium Milk 1l",
        "price": 2.85,
        "unitPrice": "$2.85 / 1L"
    },
    {
        "category": "dairy-eggs-fridge",
        "href": "https://www.woolworths.com.au/shop/productdetails/361900/woolworths-beef-stroganoff-with-rice",
        "imgName": "361900.jpg",
        "imgSrc": "https://cdn0.woolworths.media/content/wowproductimages/medium/361900.jpg",
        "name": "Woolworths Beef Stroganoff With Rice 350g",
        "price": 8.49,
        "unitPrice": "$2.43 / 100G"
    },
    {
        "category": "dairy-eggs-fridge",
        "href": "https://www.woolworths.com.au/shop/productdetails/404980/pauls-farmhouse-gold-milk",
        "imgName": "404980.jpg",
        "imgSrc": "https://cdn0.woolworths.media/content/wowproductimages/medium/404980.jpg",
        "name": "Pauls Farmhouse Gold Milk 750ml",
        "price": 2,
        "unitPrice": "$2.67 / 1L"
    },
    {
        "category": "dairy-eggs-fridge",
        "href": "https://www.woolworths.com.au/shop/productdetails/665523/bulla-smooth-cottage-cheese-greek-feta",
        "imgName": "665523.jpg",
        "imgSrc": "https://cdn0.woolworths.media/content/wowproductimages/medium/665523.jpg",
        "name": "Bulla Smooth Cottage Cheese Greek Feta 200g",
        "price": 2.75,
        "unitPrice": "$13.75 / 1KG"
    },
    {
        "category": "dairy-eggs-fridge",
        "href": "https://www.woolworths.com.au/shop/productdetails/738684/dare-raw-milk",
        "imgName": "738684.jpg",
        "imgSrc": "https://cdn0.woolworths.media/content/wowproductimages/medium/738684.jpg",
        "name": "Dare Raw Milk 500ml",
        "price": 3.4,
        "unitPrice": "$6.80 / 1L"
    },
    {
        "category": "dairy-eggs-fridge",
        "href": "https://www.woolworths.com.au/shop/productdetails/751212/woolworths-select-bites-chicken-tikka",
        "imgName": "751212.jpg",
        "imgSrc": "https://cdn0.woolworths.media/content/wowproductimages/medium/751212.jpg",
        "name": "Woolworths Select Bites Chicken Tikka 200g",
        "price": 5.99,
        "unitPrice": "$3.00 / 100G"
    },
    {
        "category": "dairy-eggs-fridge",
        "href": "https://www.woolworths.com.au/shop/productdetails/77075/golden-pasta-gnocchi-potato",
        "imgName": "077075.jpg",
        "imgSrc": "https://cdn0.woolworths.media/content/wowproductimages/medium/077075.jpg",
        "name": "Golden Pasta Gnocchi Potato 500g",
        "price": 5,
        "unitPrice": "$1.00 / 100G"
    },
    {
        "category": "dairy-eggs-fridge",
        "href": "https://www.woolworths.com.au/shop/productdetails/77170/sunny-queen-free-range-eggs-extra-large",
        "imgName": "077170.jpg",
        "imgSrc": "https://cdn0.woolworths.media/content/wowproductimages/medium/077170.jpg",
        "name": "Sunny Queen Free Range Eggs Extra Large 12pk 700g",
        "price": 6.7,
        "unitPrice": "$0.96 / 100G"
    },
    {
        "category": "dairy-eggs-fridge",
        "href": "https://www.woolworths.com.au/shop/productdetails/786816/farmers-own-full-cream-milk",
        "imgName": "786816.jpg",
        "imgSrc": "https://cdn0.woolworths.media/content/wowproductimages/medium/786816.jpg",
        "name": "Farmers' Own Full Cream Milk 3l",
        "price": 4.5,
        "unitPrice": "$1.50 / 1L"
    },
    {
        "category": "dairy-eggs-fridge",
        "href": "https://www.woolworths.com.au/shop/productdetails/825020/woolworths-fresh-creamy-pumpkin-soup",
        "imgName": "825020.jpg",
        "imgSrc": "https://cdn0.woolworths.media/content/wowproductimages/medium/825020.jpg",
        "name": "Woolworths Fresh Creamy Pumpkin Soup  1l",
        "price": 8,
        "unitPrice": "$8.00 / 1KG"
    },
    {
        "category": "dairy-eggs-fridge",
        "href": "https://www.woolworths.com.au/shop/productdetails/827222/woolworths-macaroni-cheese",
        "imgName": "827222.jpg",
        "imgSrc": "https://cdn0.woolworths.media/content/wowproductimages/medium/827222.jpg",
        "name": "Woolworths Macaroni & Cheese  350g",
        "price": 6.99,
        "unitPrice": "$2.00 / 100G"
    },
    {
        "category": "dairy-eggs-fridge",
        "href": "https://www.woolworths.com.au/shop/productdetails/827225/woolworths-angus-beef-lasagne",
        "imgName": "827225.jpg",
        "imgSrc": "https://cdn0.woolworths.media/content/wowproductimages/medium/827225.jpg",
        "name": "Woolworths Angus Beef Lasagne 700g",
        "price": 9.99,
        "unitPrice": "$1.43 / 100G"
    },
    {
        "category": "dairy-eggs-fridge",
        "href": "https://www.woolworths.com.au/shop/productdetails/827476/woolworths-prosciutto-wrapped-chicken",
        "imgName": "827476.jpg",
        "imgSrc": "https://cdn0.woolworths.media/content/wowproductimages/medium/827476.jpg",
        "name": "Woolworths Prosciutto Wrapped Chicken 400g",
        "price": 11.99,
        "unitPrice": "$3.00 / 100G"
    },
    {
        "category": "dairy-eggs-fridge",
        "href": "https://www.woolworths.com.au/shop/productdetails/20015/yumi-s-smoked-trout-mousse-dip",
        "imgName": "020015.jpg",
        "imgSrc": "https://cdn0.woolworths.media/content/wowproductimages/medium/020015.jpg",
        "name": "Yumi's Smoked Trout Mousse Dip 200g",
        "price": 6,
        "unitPrice": "$3.00 / 100G"
    },
    {
        "category": "dairy-eggs-fridge",
        "href": "https://www.woolworths.com.au/shop/productdetails/45704/pauls-goats-milk",
        "imgName": "045704.jpg",
        "imgSrc": "https://cdn0.woolworths.media/content/wowproductimages/medium/045704.jpg",
        "name": "Pauls Goats Milk 1l",
        "price": 5,
        "unitPrice": "$5.00 / 1L"
    },
    {
        "category": "dairy-eggs-fridge",
        "href": "https://www.woolworths.com.au/shop/productdetails/57785/essentials-long-life-custard",
        "imgName": "057785.jpg",
        "imgSrc": "https://cdn0.woolworths.media/content/wowproductimages/medium/057785.jpg",
        "name": "Essentials Long Life Custard 1l",
        "price": 1.9,
        "unitPrice": "$0.19 / 100ML"
    },
    {
        "category": "dairy-eggs-fridge",
        "href": "https://www.woolworths.com.au/shop/productdetails/162881/hedy-s-quiche-leek-bacon",
        "imgName": "162881.jpg",
        "imgSrc": "https://cdn0.woolworths.media/content/wowproductimages/medium/162881.jpg",
        "name": "Hedy's Quiche Leek & Bacon 1.1kg",
        "price": 13.89,
        "unitPrice": "$1.26 / 100G"
    },
    {
        "category": "dairy-eggs-fridge",
        "href": "https://www.woolworths.com.au/shop/productdetails/162880/hedys-quiche-lorraine",
        "imgName": "162880.jpg",
        "imgSrc": "https://cdn0.woolworths.media/content/wowproductimages/medium/162880.jpg",
        "name": "Hedys Quiche Lorraine 1.1kg",
        "price": 13.89,
        "unitPrice": "$1.26 / 100G"
    },
    {
        "category": "dairy-eggs-fridge",
        "href": "https://www.woolworths.com.au/shop/productdetails/156293/yogo-choc-rock-dessert",
        "imgName": "156293.jpg",
        "imgSrc": "https://cdn0.woolworths.media/content/wowproductimages/medium/156293.jpg",
        "name": "Yogo Choc Rock Dessert 12x100g",
        "price": 7,
        "unitPrice": "$0.58 / 100G"
    },
    {
        "category": "dairy-eggs-fridge",
        "href": "https://www.woolworths.com.au/shop/productdetails/248207/uncle-tobys-le-snak-tasty-cheese-dip-crackers",
        "imgName": "248207.jpg",
        "imgSrc": "https://cdn0.woolworths.media/content/wowproductimages/medium/248207.jpg",
        "name": "Uncle Tobys Le Snak Tasty Cheese Dip & Crackers 6pk 132g",
        "price": 4.5,
        "unitPrice": "$3.41 / 100G"
    },
    {
        "category": "dairy-eggs-fridge",
        "href": "https://www.woolworths.com.au/shop/productdetails/314136/dairy-farmers-greek-yoghurt",
        "imgName": "314136.jpg",
        "imgSrc": "https://cdn0.woolworths.media/content/wowproductimages/medium/314136.jpg",
        "name": "Dairy Farmers Greek Yoghurt  1kg",
        "price": 6.6,
        "unitPrice": "$0.66 / 100G"
    },
    {
        "category": "dairy-eggs-fridge",
        "href": "https://www.woolworths.com.au/shop/productdetails/321815/leggo-s-tortellini-ricotta-roast-veg",
        "imgName": "321815.jpg",
        "imgSrc": "https://cdn0.woolworths.media/content/wowproductimages/medium/321815.jpg",
        "name": "Leggo's Tortellini Ricotta & Roast Veg 630g",
        "price": 7.6,
        "unitPrice": "$1.21 / 100G"
    },
    {
        "category": "dairy-eggs-fridge",
        "href": "https://www.woolworths.com.au/shop/productdetails/304103/latina-fresh-kids-mini-ravioli-cheese-vegetable",
        "imgName": "304103.jpg",
        "imgSrc": "https://cdn0.woolworths.media/content/wowproductimages/medium/304103.jpg",
        "name": "Latina Fresh Kids Mini Ravioli  Cheese & Vegetable 200g",
        "price": 4,
        "unitPrice": "$2.00 / 100G"
    },
    {
        "category": "dairy-eggs-fridge",
        "href": "https://www.woolworths.com.au/shop/productdetails/463018/jalna-sweet-creamy-yoghurt-strawberry",
        "imgName": "463018.jpg",
        "imgSrc": "https://cdn0.woolworths.media/content/wowproductimages/medium/463018.jpg",
        "name": "Jalna Sweet & Creamy Yoghurt Strawberry 1kg",
        "price": 7,
        "unitPrice": "$0.70 / 100G"
    },
    {
        "category": "dairy-eggs-fridge",
        "href": "https://www.woolworths.com.au/shop/productdetails/504799/woolworths-chicken-korma",
        "imgName": "504799.jpg",
        "imgSrc": "https://cdn0.woolworths.media/content/wowproductimages/medium/504799.jpg",
        "name": "Woolworths Chicken Korma  360g",
        "price": 8.49,
        "unitPrice": "$2.36 / 100G"
    },
    {
        "category": "dairy-eggs-fridge",
        "href": "https://www.woolworths.com.au/shop/productdetails/459309/nudie-yoghurt-coconut-vanilla",
        "imgName": "459309.jpg",
        "imgSrc": "https://cdn0.woolworths.media/content/wowproductimages/medium/459309.jpg",
        "name": "Nudie Yoghurt Coconut & Vanilla 500g",
        "price": 7,
        "unitPrice": "$1.40 / 100G"
    },
    {
        "category": "dairy-eggs-fridge",
        "href": "https://www.woolworths.com.au/shop/productdetails/504830/woolworths-lamb-rogan-josh",
        "imgName": "504830.jpg",
        "imgSrc": "https://cdn0.woolworths.media/content/wowproductimages/medium/504830.jpg",
        "name": "Woolworths Lamb Rogan Josh  360g",
        "price": 8.49,
        "unitPrice": "$2.36 / 100G"
    },
    {
        "category": "dairy-eggs-fridge",
        "href": "https://www.woolworths.com.au/shop/productdetails/509732/unibic-babies-gingerbread-biscuits-multipack",
        "imgName": "509732.jpg",
        "imgSrc": "https://cdn0.woolworths.media/content/wowproductimages/medium/509732.jpg",
        "name": "Unibic Babies Gingerbread Biscuits Multipack 200g",
        "price": 3,
        "unitPrice": "$1.50 / 100G"
    },
    {
        "category": "dairy-eggs-fridge",
        "href": "https://www.woolworths.com.au/shop/productdetails/432774/woolworths-spaghetti-meatballs",
        "imgName": "432774.jpg",
        "imgSrc": "https://cdn0.woolworths.media/content/wowproductimages/medium/432774.jpg",
        "name": "Woolworths Spaghetti & Meatballs  350g",
        "price": 7.49,
        "unitPrice": "$2.14 / 100G"
    },
    {
        "category": "dairy-eggs-fridge",
        "href": "https://www.woolworths.com.au/shop/productdetails/470294/creative-foods-garlic-bread",
        "imgName": "470294.jpg",
        "imgSrc": "https://cdn0.woolworths.media/content/wowproductimages/medium/470294.jpg",
        "name": "Creative Foods Garlic Bread  2pk 500g",
        "price": 4,
        "unitPrice": "$0.80 / 100G"
    },
    {
        "category": "dairy-eggs-fridge",
        "href": "https://www.woolworths.com.au/shop/productdetails/504796/woolworths-beef-madras-with-rice",
        "imgName": "504796.jpg",
        "imgSrc": "https://cdn0.woolworths.media/content/wowproductimages/medium/504796.jpg",
        "name": "Woolworths Beef Madras With Rice 350g",
        "price": 7.49,
        "unitPrice": "$2.14 / 100G"
    },
    {
        "category": "dairy-eggs-fridge",
        "href": "https://www.woolworths.com.au/shop/productdetails/625697/yumi-s-delights-vegetable-tomato-roasted-peppers-quinoa-falafel-bites",
        "imgName": "625697.jpg",
        "imgSrc": "https://cdn0.woolworths.media/content/wowproductimages/medium/625697.jpg",
        "name": "Yumi's Delights Vegetable Tomato, Roasted Peppers & Quinoa Falafel Bites 225g",
        "price": 5.5,
        "unitPrice": "$24.44 / 1KG"
    },
    {
        "category": "dairy-eggs-fridge",
        "href": "https://www.woolworths.com.au/shop/productdetails/625840/yumi-s-chickpeas-dhal-lentils-with-pumpkin-spinach-dip",
        "imgName": "625840.jpg",
        "imgSrc": "https://cdn0.woolworths.media/content/wowproductimages/medium/625840.jpg",
        "name": "Yumi's Chickpeas & Dhal Lentils With Pumpkin & Spinach Dip 375g",
        "price": 5.5,
        "unitPrice": "$14.67 / 1KG"
    },
    {
        "category": "dairy-eggs-fridge",
        "href": "https://www.woolworths.com.au/shop/productdetails/564472/vitasoy-protein-plus-unsweetened-soymilk",
        "imgName": "564472.jpg",
        "imgSrc": "https://cdn0.woolworths.media/content/wowproductimages/medium/564472.jpg",
        "name": "Vitasoy Protein Plus Unsweetened Soymilk 1l",
        "price": 3,
        "unitPrice": "$3.00 / 1L"
    },
    {
        "category": "dairy-eggs-fridge",
        "href": "https://www.woolworths.com.au/shop/productdetails/661667/old-el-paso-beef-soft-taco-meal-kit",
        "imgName": "661667.jpg",
        "imgSrc": "https://cdn0.woolworths.media/content/wowproductimages/medium/661667.jpg",
        "name": "Old El Paso Beef Soft Taco Meal Kit 325g",
        "price": 8,
        "unitPrice": "$2.46 / 100G"
    },
    {
        "category": "dairy-eggs-fridge",
        "href": "https://www.woolworths.com.au/shop/productdetails/624764/rokeby-farms-filmjolk-probiotic-milk-blueberry",
        "imgName": "624764.jpg",
        "imgSrc": "https://cdn0.woolworths.media/content/wowproductimages/medium/624764.jpg",
        "name": "Rokeby Farms Filmjolk Probiotic Milk Blueberry 750ml",
        "price": 5,
        "unitPrice": "$6.67 / 1L"
    },
    {
        "category": "dairy-eggs-fridge",
        "href": "https://www.woolworths.com.au/shop/productdetails/617104/woolworths-beef-burrito-ready-meal",
        "imgName": "617104.jpg",
        "imgSrc": "https://cdn0.woolworths.media/content/wowproductimages/medium/617104.jpg",
        "name": "Woolworths Beef Burrito Ready Meal 370g",
        "price": 7.5,
        "unitPrice": "$2.14 / 100G"
    },
    {
        "category": "dairy-eggs-fridge",
        "href": "https://www.woolworths.com.au/shop/productdetails/641537/arnott-s-tiny-teddy-variety",
        "imgName": "641537.jpg",
        "imgSrc": "https://cdn0.woolworths.media/content/wowproductimages/medium/641537.jpg",
        "name": "Arnott's Tiny Teddy Variety 15pk 375g",
        "price": 6,
        "unitPrice": "$1.60 / 100G"
    },
    {
        "category": "dairy-eggs-fridge",
        "href": "https://www.woolworths.com.au/shop/productdetails/756108/riverina-soft-haloumi-cheese",
        "imgName": "756108.jpg",
        "imgSrc": "https://cdn0.woolworths.media/content/wowproductimages/medium/756108.jpg",
        "name": "Riverina Soft Haloumi Cheese 180g",
        "price": 5,
        "unitPrice": "$27.78 / 1KG"
    },
    {
        "category": "dairy-eggs-fridge",
        "href": "https://www.woolworths.com.au/shop/productdetails/720715/vaalia-my-first-yoghurt-pouch-vanilla-strawberry",
        "imgName": "720715.jpg",
        "imgSrc": "https://cdn0.woolworths.media/content/wowproductimages/medium/720715.jpg",
        "name": "Vaalia My First Yoghurt Pouch Vanilla Strawberry 6x90g",
        "price": 4.6,
        "unitPrice": "$0.85 / 100G"
    },
    {
        "category": "dairy-eggs-fridge",
        "href": "https://www.woolworths.com.au/shop/productdetails/717682/yoplait-classics-berry-punnet-yoghurt",
        "imgName": "717682.jpg",
        "imgSrc": "https://cdn0.woolworths.media/content/wowproductimages/medium/717682.jpg",
        "name": "Yoplait Classics Berry Punnet Yoghurt 12x100g",
        "price": 8,
        "unitPrice": "$0.67 / 100G"
    },
    {
        "category": "dairy-eggs-fridge",
        "href": "https://www.woolworths.com.au/shop/productdetails/744858/woolworths-sweet-potato-pumpkin-soup-low-fat",
        "imgName": "744858.jpg",
        "imgSrc": "https://cdn0.woolworths.media/content/wowproductimages/medium/744858.jpg",
        "name": "Woolworths Sweet Potato & Pumpkin Soup Low Fat 300g",
        "price": 3,
        "unitPrice": "$1.00 / 100G"
    },
    {
        "category": "dairy-eggs-fridge",
        "href": "https://www.woolworths.com.au/shop/productdetails/765218/obela-hommus-smooth-classic",
        "imgName": "765218.jpg",
        "imgSrc": "https://cdn0.woolworths.media/content/wowproductimages/medium/765218.jpg",
        "name": "Obela Hommus Smooth Classic 220g",
        "price": 4,
        "unitPrice": "$1.82 / 100G"
    },
    {
        "category": "dairy-eggs-fridge",
        "href": "https://www.woolworths.com.au/shop/productdetails/761487/woolworths-organic-singapore-noodles",
        "imgName": "761487.jpg",
        "imgSrc": "https://cdn0.woolworths.media/content/wowproductimages/medium/761487.jpg",
        "name": "Woolworths Organic Singapore Noodles 375g",
        "price": 2,
        "unitPrice": "$0.53 / 100G"
    },
    {
        "category": "dairy-eggs-fridge",
        "href": "https://www.woolworths.com.au/shop/productdetails/827475/woolworths-rump-steak-with-mushroom-sauce",
        "imgName": "827475.jpg",
        "imgSrc": "https://cdn0.woolworths.media/content/wowproductimages/medium/827475.jpg",
        "name": "Woolworths Rump Steak With Mushroom Sauce 400g",
        "price": 11.99,
        "unitPrice": "$3.00 / 100G"
    },
    {
        "category": "dairy-eggs-fridge",
        "href": "https://www.woolworths.com.au/shop/productdetails/793013/wicked-sister-vanilla-bean-rice-pudding",
        "imgName": "793013.jpg",
        "imgSrc": "https://cdn0.woolworths.media/content/wowproductimages/medium/793013.jpg",
        "name": "Wicked Sister Vanilla Bean Rice Pudding  2x170g",
        "price": 4,
        "unitPrice": "$1.18 / 100G"
    },
    {
        "category": "dairy-eggs-fridge",
        "href": "https://www.woolworths.com.au/shop/productdetails/771258/rokeby-farms-breakfast-smoothie-dutch-chocolate",
        "imgName": "771258.jpg",
        "imgSrc": "https://cdn0.woolworths.media/content/wowproductimages/medium/771258.jpg",
        "name": "Rokeby Farms Breakfast Smoothie Dutch Chocolate 425ml",
        "price": 4.15,
        "unitPrice": "$9.76 / 1L"
    },
    {
        "category": "dairy-eggs-fridge",
        "href": "https://www.woolworths.com.au/shop/productdetails/830498/woolworths-chicken-tikka-masala-with-basmati-rice",
        "imgName": "830498.jpg",
        "imgSrc": "https://cdn0.woolworths.media/content/wowproductimages/medium/830498.jpg",
        "name": "Woolworths Chicken Tikka Masala With Basmati Rice 350g",
        "price": 7.49,
        "unitPrice": "$2.14 / 100G"
    },
    {
        "category": "dairy-eggs-fridge",
        "href": "https://www.woolworths.com.au/shop/productdetails/830500/woolworths-lamb-rogan-josh-with-basmati-rice",
        "imgName": "830500.jpg",
        "imgSrc": "https://cdn0.woolworths.media/content/wowproductimages/medium/830500.jpg",
        "name": "Woolworths Lamb Rogan Josh With Basmati Rice 350g",
        "price": 7.49,
        "unitPrice": "$2.14 / 100G"
    },
    {
        "category": "dairy-eggs-fridge",
        "href": "https://www.woolworths.com.au/shop/productdetails/845631/latina-fresh-gluten-free-beef-ravioli",
        "imgName": "845631.jpg",
        "imgSrc": "https://cdn0.woolworths.media/content/wowproductimages/medium/845631.jpg",
        "name": "Latina Fresh Gluten Free Beef Ravioli 280g",
        "price": 7.55,
        "unitPrice": "$2.70 / 100G"
    },
    {
        "category": "dairy-eggs-fridge",
        "href": "https://www.woolworths.com.au/shop/productdetails/840657/willow-farm-hommus-dip-hommus",
        "imgName": "840657.jpg",
        "imgSrc": "https://cdn0.woolworths.media/content/wowproductimages/medium/840657.jpg",
        "name": "Willow Farm Hommus Dip Hommus 1kg",
        "price": 6,
        "unitPrice": "$0.60 / 100G"
    },
    {
        "category": "dairy-eggs-fridge",
        "href": "https://www.woolworths.com.au/shop/productdetails/558943/latina-fresh-ready-meals-beef-tortellini-in-napoli-sauce",
        "imgName": "558943.jpg",
        "imgSrc": "https://cdn0.woolworths.media/content/wowproductimages/medium/558943.jpg",
        "name": "Latina Fresh Ready Meals Beef Tortellini In Napoli Sauce 350g",
        "price": 7.5,
        "unitPrice": "$2.14 / 100G"
    },
    {
        "category": "dairy-eggs-fridge",
        "href": "https://www.woolworths.com.au/shop/productdetails/657076/a2-no-fat-milk",
        "imgName": "657076.jpg",
        "imgSrc": "https://cdn0.woolworths.media/content/wowproductimages/medium/657076.jpg",
        "name": "A2 No Fat Milk 1l",
        "price": 2.9,
        "unitPrice": "$2.90 / 1L"
    },
    {
        "category": "dairy-eggs-fridge",
        "href": "https://www.woolworths.com.au/shop/productdetails/505607/woolworths-slow-cooked-pork",
        "imgName": "505607.jpg",
        "imgSrc": "https://cdn0.woolworths.media/content/wowproductimages/medium/505607.jpg",
        "name": "Woolworths Slow Cooked Pork  360g",
        "price": 8.49,
        "unitPrice": "$2.36 / 100G"
    },
    {
        "category": "dairy-eggs-fridge",
        "href": "https://www.woolworths.com.au/shop/productdetails/637441/picasso-kitchen-pizza-base",
        "imgName": "637441.jpg",
        "imgSrc": "https://cdn0.woolworths.media/content/wowproductimages/medium/637441.jpg",
        "name": "Picasso Kitchen Pizza Base  220g",
        "price": 2,
        "unitPrice": "$0.77 / 100G"
    },
    {
        "category": "dairy-eggs-fridge",
        "href": "https://www.woolworths.com.au/shop/productdetails/578420/woolworths-fried-rice",
        "imgName": "578420.jpg",
        "imgSrc": "https://cdn0.woolworths.media/content/wowproductimages/medium/578420.jpg",
        "name": "Woolworths Fried Rice  750g",
        "price": 10,
        "unitPrice": "$1.33 / 100G"
    },
    {
        "category": "dairy-eggs-fridge",
        "href": "https://www.woolworths.com.au/shop/productdetails/535549/chobani-oats-yoghurt-mixed-berry",
        "imgName": "535549.jpg",
        "imgSrc": "https://cdn0.woolworths.media/content/wowproductimages/medium/535549.jpg",
        "name": "Chobani Oats Yoghurt Mixed Berry 140g",
        "price": 2.9,
        "unitPrice": "$2.07 / 100G"
    },
    {
        "category": "dairy-eggs-fridge",
        "href": "https://www.woolworths.com.au/shop/productdetails/830595/pauls-spaceboy-vanilla-strawberry-banana-yoghurt",
        "imgName": "830595.jpg",
        "imgSrc": "https://cdn0.woolworths.media/content/wowproductimages/medium/830595.jpg",
        "name": "Pauls Spaceboy Vanilla Strawberry Banana Yoghurt 12x90g",
        "price": 5,
        "unitPrice": "$0.46 / 100G"
    },
    {
        "category": "dairy-eggs-fridge",
        "href": "https://www.woolworths.com.au/shop/productdetails/554897/cor-de-coco-coconut-vanilla-latte",
        "imgName": "554897.jpg",
        "imgSrc": "https://cdn0.woolworths.media/content/wowproductimages/medium/554897.jpg",
        "name": "Cor De Coco Coconut Vanilla Latte  280ml",
        "price": 3.8,
        "unitPrice": "$13.57 / 1L"
    },
    {
        "category": "dairy-eggs-fridge",
        "href": "https://www.woolworths.com.au/shop/productdetails/620874/wicked-sisters-creations-mousse-choc-mud",
        "imgName": "620874.jpg",
        "imgSrc": "https://cdn0.woolworths.media/content/wowproductimages/medium/620874.jpg",
        "name": "Wicked Sisters Creations Mousse Choc Mud 80g",
        "price": 4,
        "unitPrice": "$5.00 / 100G"
    },
    {
        "category": "dairy-eggs-fridge",
        "href": "https://www.woolworths.com.au/shop/productdetails/582565/healthy-everyday-green-curry",
        "imgName": "582565.jpg",
        "imgSrc": "https://cdn0.woolworths.media/content/wowproductimages/medium/582565.jpg",
        "name": "Healthy Everyday Green Curry  400g",
        "price": 13.5,
        "unitPrice": "$3.38 / 100G"
    },
    {
        "category": "dairy-eggs-fridge",
        "href": "https://www.woolworths.com.au/shop/productdetails/572118/emma-and-tom-s-salted-caramel-milk",
        "imgName": "572118.jpg",
        "imgSrc": "https://cdn0.woolworths.media/content/wowproductimages/medium/572118.jpg",
        "name": "Emma And Tom's Salted Caramel Milk  350ml",
        "price": 3.65,
        "unitPrice": "$10.43 / 1L"
    },
    {
        "category": "dairy-eggs-fridge",
        "href": "https://www.woolworths.com.au/shop/productdetails/608325/kraft-mac-cheese-cheesy-bolognese",
        "imgName": "608325.jpg",
        "imgSrc": "https://cdn0.woolworths.media/content/wowproductimages/medium/608325.jpg",
        "name": "Kraft Mac & Cheese Cheesy Bolognese 400g",
        "price": 5,
        "unitPrice": "$1.25 / 100G"
    },
    {
        "category": "dairy-eggs-fridge",
        "href": "https://www.woolworths.com.au/shop/productdetails/582563/healthy-everyday-cottage-pie",
        "imgName": "582563.jpg",
        "imgSrc": "https://cdn0.woolworths.media/content/wowproductimages/medium/582563.jpg",
        "name": "Healthy Everyday Cottage Pie  400g",
        "price": 13.5,
        "unitPrice": "$3.38 / 100G"
    },
    {
        "category": "dairy-eggs-fridge",
        "href": "https://www.woolworths.com.au/shop/productdetails/607245/naked-kitchen-thai-jungle-curry-sauce",
        "imgName": "607245.jpg",
        "imgSrc": "https://cdn0.woolworths.media/content/wowproductimages/medium/607245.jpg",
        "name": "Naked Kitchen Thai Jungle Curry Sauce 300g",
        "price": 5,
        "unitPrice": "$16.67 / 1KG"
    },
    {
        "category": "dairy-eggs-fridge",
        "href": "https://www.woolworths.com.au/shop/productdetails/666559/raguletto-beef-ravioli",
        "imgName": "666559.jpg",
        "imgSrc": "https://cdn0.woolworths.media/content/wowproductimages/medium/666559.jpg",
        "name": "Raguletto Beef Ravioli  600g",
        "price": 4,
        "unitPrice": "$0.67 / 100G"
    },
    {
        "category": "dairy-eggs-fridge",
        "href": "https://www.woolworths.com.au/shop/productdetails/574601/woolworths-macaroni-cheese-chilled-meal",
        "imgName": "574601.jpg",
        "imgSrc": "https://cdn0.woolworths.media/content/wowproductimages/medium/574601.jpg",
        "name": "Woolworths Macaroni Cheese Chilled Meal 1.1kg",
        "price": 12,
        "unitPrice": "$1.09 / 100G"
    },
    {
        "category": "dairy-eggs-fridge",
        "href": "https://www.woolworths.com.au/shop/productdetails/842224/farmers-own-reduced-fat-milk",
        "imgName": "842224.jpg",
        "imgSrc": "https://cdn0.woolworths.media/content/wowproductimages/medium/842224.jpg",
        "name": "Farmers Own Reduced Fat Milk 1l",
        "price": 2,
        "unitPrice": "$2.00 / 1L"
    },
    {
        "category": "dairy-eggs-fridge",
        "href": "https://www.woolworths.com.au/shop/productdetails/664967/latina-pumpkin-feta-agnolotti",
        "imgName": "664967.jpg",
        "imgSrc": "https://cdn0.woolworths.media/content/wowproductimages/medium/664967.jpg",
        "name": "Latina Pumpkin & Feta Agnolotti 375g",
        "price": 6,
        "unitPrice": "$1.60 / 100G"
    },
    {
        "category": "dairy-eggs-fridge",
        "href": "https://www.woolworths.com.au/shop/productdetails/572265/woolworths-zucchini-slice-chilled-meal",
        "imgName": "572265.jpg",
        "imgSrc": "https://cdn0.woolworths.media/content/wowproductimages/medium/572265.jpg",
        "name": "Woolworths Zucchini Slice Chilled Meal 700g",
        "price": 12.49,
        "unitPrice": "$1.78 / 100G"
    },
    {
        "category": "dairy-eggs-fridge",
        "href": "https://www.woolworths.com.au/shop/productdetails/622935/tamar-valley-greek-yoghurt-natural",
        "imgName": "622935.jpg",
        "imgSrc": "https://cdn0.woolworths.media/content/wowproductimages/medium/622935.jpg",
        "name": "Tamar Valley Greek Yoghurt Natural 1kg",
        "price": 6,
        "unitPrice": "$0.60 / 100G"
    },
    {
        "category": "dairy-eggs-fridge",
        "href": "https://www.woolworths.com.au/shop/productdetails/606729/follow-your-heart-roasted-garlic-dipping-sauce-spread",
        "imgName": "606729.jpg",
        "imgSrc": "https://cdn0.woolworths.media/content/wowproductimages/medium/606729.jpg",
        "name": "Follow Your Heart Roasted Garlic Dipping Sauce & Spread 227g",
        "price": 6,
        "unitPrice": "$26.43 / 1KG"
    },
    {
        "category": "dairy-eggs-fridge",
        "href": "https://www.woolworths.com.au/shop/productdetails/505604/woolworths-rissole-mash",
        "imgName": "505604.jpg",
        "imgSrc": "https://cdn0.woolworths.media/content/wowproductimages/medium/505604.jpg",
        "name": "Woolworths Rissole & Mash  350g",
        "price": 7.49,
        "unitPrice": "$2.14 / 100G"
    },
    {
        "category": "dairy-eggs-fridge",
        "href": "https://www.woolworths.com.au/shop/productdetails/620356/oak-plus-iced-coffee-high-protein",
        "imgName": "620356.jpg",
        "imgSrc": "https://cdn0.woolworths.media/content/wowproductimages/medium/620356.jpg",
        "name": "Oak Plus Iced Coffee High Protein 500ml",
        "price": 3.15,
        "unitPrice": "$6.30 / 1L"
    },
    {
        "category": "dairy-eggs-fridge",
        "href": "https://www.woolworths.com.au/shop/productdetails/535630/chobani-oats-yoghurt-peach-mango",
        "imgName": "535630.jpg",
        "imgSrc": "https://cdn0.woolworths.media/content/wowproductimages/medium/535630.jpg",
        "name": "Chobani Oats Yoghurt Peach & Mango 140g",
        "price": 2.9,
        "unitPrice": "$2.07 / 100G"
    },
    {
        "category": "dairy-eggs-fridge",
        "href": "https://www.woolworths.com.au/shop/productdetails/503142/woolworths-kids-bangers-mash",
        "imgName": "503142.jpg",
        "imgSrc": "https://cdn0.woolworths.media/content/wowproductimages/medium/503142.jpg",
        "name": "Woolworths Kids Bangers & Mash  220g",
        "price": 5,
        "unitPrice": "$2.27 / 100G"
    },
    {
        "category": "dairy-eggs-fridge",
        "href": "https://www.woolworths.com.au/shop/productdetails/554891/nakula-coconut-yoghurt-natural",
        "imgName": "554891.jpg",
        "imgSrc": "https://cdn0.woolworths.media/content/wowproductimages/medium/554891.jpg",
        "name": "Nakula Coconut Yoghurt Natural 500g",
        "price": 7,
        "unitPrice": "$1.40 / 100G"
    },
    {
        "category": "dairy-eggs-fridge",
        "href": "https://www.woolworths.com.au/shop/productdetails/623659/nestle-milo-pouch",
        "imgName": "623659.jpg",
        "imgSrc": "https://cdn0.woolworths.media/content/wowproductimages/medium/623659.jpg",
        "name": "Nestle Milo Pouch  150g",
        "price": 2,
        "unitPrice": "$1.33 / 100G"
    },
    {
        "category": "dairy-eggs-fridge",
        "href": "https://www.woolworths.com.au/shop/productdetails/620739/wicked-sisters-classic-tiramisu",
        "imgName": "620739.jpg",
        "imgSrc": "https://cdn0.woolworths.media/content/wowproductimages/medium/620739.jpg",
        "name": "Wicked Sisters Classic Tiramisu  2x90g",
        "price": 4,
        "unitPrice": "$2.22 / 100G"
    },
    {
        "category": "dairy-eggs-fridge",
        "href": "https://www.woolworths.com.au/shop/productdetails/620772/chris-heritage-espresso-salted-caramel-mocha",
        "imgName": "620772.jpg",
        "imgSrc": "https://cdn0.woolworths.media/content/wowproductimages/medium/620772.jpg",
        "name": "Chris' Heritage Espresso Salted Caramel Mocha 160g",
        "price": 7,
        "unitPrice": "$4.38 / 100G"
    },
    {
        "category": "dairy-eggs-fridge",
        "href": "https://www.woolworths.com.au/shop/productdetails/662568/little-leggos-vegetable-cheese-pasta-pillows",
        "imgName": "662568.jpg",
        "imgSrc": "https://cdn0.woolworths.media/content/wowproductimages/medium/662568.jpg",
        "name": "Little Leggos Vegetable & Cheese Pasta Pillows 200g",
        "price": 4,
        "unitPrice": "$2.00 / 100G"
    },
    {
        "category": "dairy-eggs-fridge",
        "href": "https://www.woolworths.com.au/shop/productdetails/503143/woolworths-kids-spaghetti-bolognese",
        "imgName": "503143.jpg",
        "imgSrc": "https://cdn0.woolworths.media/content/wowproductimages/medium/503143.jpg",
        "name": "Woolworths Kids Spaghetti Bolognese  220g",
        "price": 5,
        "unitPrice": "$2.27 / 100G"
    },
    {
        "category": "dairy-eggs-fridge",
        "href": "https://www.woolworths.com.au/shop/productdetails/622959/farmhouse-gold-chocolate-custard",
        "imgName": "622959.jpg",
        "imgSrc": "https://cdn0.woolworths.media/content/wowproductimages/medium/622959.jpg",
        "name": "Farmhouse Gold Chocolate Custard  800g",
        "price": 5,
        "unitPrice": "$0.63 / 100G"
    },
    {
        "category": "dairy-eggs-fridge",
        "href": "https://www.woolworths.com.au/shop/productdetails/859721/perfect-italiano-romano-cheese-block",
        "imgName": "859721.jpg",
        "imgSrc": "https://cdn0.woolworths.media/content/wowproductimages/medium/859721.jpg",
        "name": "Perfect Italiano Romano Cheese Block 200g",
        "price": 6.3,
        "unitPrice": "$31.50 / 1KG"
    },
    {
        "category": "dairy-eggs-fridge",
        "href": "https://www.woolworths.com.au/shop/productdetails/621149/obela-classic-tzatziki-to-go-dip",
        "imgName": "621149.jpg",
        "imgSrc": "https://cdn0.woolworths.media/content/wowproductimages/medium/621149.jpg",
        "name": "Obela Classic Tzatziki To Go Dip 125g",
        "price": 3,
        "unitPrice": "$2.40 / 100G"
    },
    {
        "category": "dairy-eggs-fridge",
        "href": "https://www.woolworths.com.au/shop/productdetails/258538/flora-proactiv-ultra-light-margarine",
        "imgName": "258538.jpg",
        "imgSrc": "https://cdn0.woolworths.media/content/wowproductimages/medium/258538.jpg",
        "name": "Flora Proactiv Ultra Light Margarine 500g",
        "price": 8,
        "unitPrice": "$1.60 / 100G"
    },
    {
        "category": "dairy-eggs-fridge",
        "href": "https://www.woolworths.com.au/shop/productdetails/531194/yumis-delights-zuchini-lentil",
        "imgName": "531194.jpg",
        "imgSrc": "https://cdn0.woolworths.media/content/wowproductimages/medium/531194.jpg",
        "name": "Yumis Delights Zuchini & Lentil  225g",
        "price": 5.5,
        "unitPrice": "$24.44 / 1KG"
    },
    {
        "category": "dairy-eggs-fridge",
        "href": "https://www.woolworths.com.au/shop/productdetails/248258/uncle-tobys-muesli-bars-yoghurt-raspberry",
        "imgName": "248258.jpg",
        "imgSrc": "https://cdn0.woolworths.media/content/wowproductimages/medium/248258.jpg",
        "name": "Uncle Tobys Muesli Bars Yoghurt & Raspberry 6pk 185g",
        "price": 4,
        "unitPrice": "$2.16 / 100G"
    },
    {
        "category": "dairy-eggs-fridge",
        "href": "https://www.woolworths.com.au/shop/productdetails/572297/emma-and-tom-s-chocolate-milk",
        "imgName": "572297.jpg",
        "imgSrc": "https://cdn0.woolworths.media/content/wowproductimages/medium/572297.jpg",
        "name": "Emma And Tom's Chocolate Milk  350ml",
        "price": 3.65,
        "unitPrice": "$10.43 / 1L"
    },
    {
        "category": "dairy-eggs-fridge",
        "href": "https://www.woolworths.com.au/shop/productdetails/297703/pauls-thickened-cream-dollop-2pk-x-160ml-",
        "imgName": "297703.jpg",
        "imgSrc": "https://cdn0.woolworths.media/content/wowproductimages/medium/297703.jpg",
        "name": "Pauls Thickened Cream Dollop (2pk X 160ml) 320ml",
        "price": 3,
        "unitPrice": "$0.94 / 100ML"
    },
    {
        "category": "dairy-eggs-fridge",
        "href": "https://www.woolworths.com.au/shop/productdetails/526704/alternative-meat-co-chicken-free-strips",
        "imgName": "526704.jpg",
        "imgSrc": "https://cdn0.woolworths.media/content/wowproductimages/medium/526704.jpg",
        "name": "Alternative Meat Co Chicken Free Strips  200g",
        "price": 7.5,
        "unitPrice": "$37.50 / 1KG"
    },
    {
        "category": "dairy-eggs-fridge",
        "href": "https://www.woolworths.com.au/shop/productdetails/48824/castello-blue-cheese",
        "imgName": "048824.jpg",
        "imgSrc": "https://cdn0.woolworths.media/content/wowproductimages/medium/048824.jpg",
        "name": "Castello Blue Cheese 150g",
        "price": 7.4,
        "unitPrice": "$49.33 / 1KG"
    },
    {
        "category": "dairy-eggs-fridge",
        "href": "https://www.woolworths.com.au/shop/productdetails/382065/julianne-kitchen-caramlised-onion",
        "imgName": "382065.jpg",
        "imgSrc": "https://cdn0.woolworths.media/content/wowproductimages/medium/382065.jpg",
        "name": "Julianne Kitchen Caramlised Onion  150ml",
        "price": 8.98,
        "unitPrice": "$59.87 / 1L"
    },
    {
        "category": "dairy-eggs-fridge",
        "href": "https://www.woolworths.com.au/shop/productdetails/581142/ballantyne-rolled-butter-unsalted",
        "imgName": "581142.jpg",
        "imgSrc": "https://cdn0.woolworths.media/content/wowproductimages/medium/581142.jpg",
        "name": "Ballantyne Rolled Butter Unsalted 250g",
        "price": 5.5,
        "unitPrice": "$2.20 / 100G"
    },
    {
        "category": "dairy-eggs-fridge",
        "href": "https://www.woolworths.com.au/shop/productdetails/382059/julianne-kitchen-paste-pear-cinnamon",
        "imgName": "382059.jpg",
        "imgSrc": "https://cdn0.woolworths.media/content/wowproductimages/medium/382059.jpg",
        "name": "Julianne Kitchen Paste Pear Cinnamon 100g",
        "price": 6.98,
        "unitPrice": "$69.80 / 1KG"
    },
    {
        "category": "dairy-eggs-fridge",
        "href": "https://www.woolworths.com.au/shop/productdetails/526716/alternative-meat-co-beef-free-strips",
        "imgName": "526716.jpg",
        "imgSrc": "https://cdn0.woolworths.media/content/wowproductimages/medium/526716.jpg",
        "name": "Alternative Meat Co Beef Free Strips  200g",
        "price": 7.5,
        "unitPrice": "$37.50 / 1KG"
    },
    {
        "category": "dairy-eggs-fridge",
        "href": "https://www.woolworths.com.au/shop/productdetails/660407/mainland-pure-butter-sea-salt",
        "imgName": "660407.jpg",
        "imgSrc": "https://cdn0.woolworths.media/content/wowproductimages/medium/660407.jpg",
        "name": "Mainland Pure Butter Sea Salt 250g",
        "price": 5,
        "unitPrice": "$2.00 / 100G"
    },
    {
        "category": "dairy-eggs-fridge",
        "href": "https://www.woolworths.com.au/shop/productdetails/624121/oliana-foods-dairy-free-parmesan",
        "imgName": "624121.jpg",
        "imgSrc": "https://cdn0.woolworths.media/content/wowproductimages/medium/624121.jpg",
        "name": "Oliana Foods Dairy Free Parmesan 125g",
        "price": 5.5,
        "unitPrice": "$44.00 / 1KG"
    },
    {
        "category": "dairy-eggs-fridge",
        "href": "https://www.woolworths.com.au/shop/productdetails/2817/western-star-salt-reduced-butter-block",
        "imgName": "002817.jpg",
        "imgSrc": "https://cdn0.woolworths.media/content/wowproductimages/medium/002817.jpg",
        "name": "Western Star Salt Reduced Butter Block 250g",
        "price": 3.2,
        "unitPrice": "$1.28 / 100G"
    },
    {
        "category": "dairy-eggs-fridge",
        "href": "https://www.woolworths.com.au/shop/productdetails/891325/woolworths-tasty-cheese-block",
        "imgName": "891325.jpg",
        "imgSrc": "https://cdn0.woolworths.media/content/wowproductimages/medium/891325.jpg",
        "name": "Woolworths Tasty Cheese Block  1kg",
        "price": 7.5,
        "unitPrice": "$7.50 / 1KG"
    },
    {
        "category": "dairy-eggs-fridge",
        "href": "https://www.woolworths.com.au/shop/productdetails/487761/mainland-cheddar-smoked-cheese",
        "imgName": "487761.jpg",
        "imgSrc": "https://cdn0.woolworths.media/content/wowproductimages/medium/487761.jpg",
        "name": "Mainland Cheddar & Smoked Cheese 125g",
        "price": 4,
        "unitPrice": "$32.00 / 1KG"
    },
    {
        "category": "dairy-eggs-fridge",
        "href": "https://www.woolworths.com.au/shop/productdetails/201344/paradise-kidz-kids-uglies-snack-pack-10pk",
        "imgName": "201344.jpg",
        "imgSrc": "https://cdn0.woolworths.media/content/wowproductimages/medium/201344.jpg",
        "name": "Paradise Kidz Kids Uglies Snack Pack 10pk 250g",
        "price": 5,
        "unitPrice": "$2.00 / 100G"
    },
    {
        "category": "dairy-eggs-fridge",
        "href": "https://www.woolworths.com.au/shop/productdetails/48518/mainland-colby-cheese",
        "imgName": "048518.jpg",
        "imgSrc": "https://cdn0.woolworths.media/content/wowproductimages/medium/048518.jpg",
        "name": "Mainland Colby Cheese 500g",
        "price": 9,
        "unitPrice": "$18.00 / 1KG"
    },
    {
        "category": "dairy-eggs-fridge",
        "href": "https://www.woolworths.com.au/shop/productdetails/792174/pauls-full-cream-milk",
        "imgName": "792174.jpg",
        "imgSrc": "https://cdn0.woolworths.media/content/wowproductimages/medium/792174.jpg",
        "name": "Pauls Full Cream Milk 300ml",
        "price": 1,
        "unitPrice": "$3.33 / 1L"
    },
    {
        "category": "dairy-eggs-fridge",
        "href": "https://www.woolworths.com.au/shop/productdetails/89926/dairy-farmers-permeate-free-skim-milk",
        "imgName": "089926.jpg",
        "imgSrc": "https://cdn0.woolworths.media/content/wowproductimages/medium/089926.jpg",
        "name": "Dairy Farmers Permeate Free Skim Milk 2l",
        "price": 4,
        "unitPrice": "$2.00 / 1L"
    },
    {
        "category": "dairy-eggs-fridge",
        "href": "https://www.woolworths.com.au/shop/productdetails/706273/danone-activia-yoghurt-strawberry",
        "imgName": "706273.jpg",
        "imgSrc": "https://cdn0.woolworths.media/content/wowproductimages/medium/706273.jpg",
        "name": "Danone Activia Yoghurt Strawberry 4x125g",
        "price": 4.4,
        "unitPrice": "$0.88 / 100G"
    },
    {
        "category": "dairy-eggs-fridge",
        "href": "https://www.woolworths.com.au/shop/productdetails/706265/danone-activia-yoghurt-vanilla",
        "imgName": "706265.jpg",
        "imgSrc": "https://cdn0.woolworths.media/content/wowproductimages/medium/706265.jpg",
        "name": "Danone Activia Yoghurt Vanilla 4x125g",
        "price": 4.4,
        "unitPrice": "$0.88 / 100G"
    },
    {
        "category": "dairy-eggs-fridge",
        "href": "https://www.woolworths.com.au/shop/productdetails/94712/dairy-farmers-thickened-cream",
        "imgName": "094712.jpg",
        "imgSrc": "https://cdn0.woolworths.media/content/wowproductimages/medium/094712.jpg",
        "name": "Dairy Farmers Thickened Cream  300ml",
        "price": 2.7,
        "unitPrice": "$0.90 / 100ML"
    },
    {
        "category": "dairy-eggs-fridge",
        "href": "https://www.woolworths.com.au/shop/productdetails/302105/mersey-valley-original-vintage-cheese",
        "imgName": "302105.jpg",
        "imgSrc": "https://cdn0.woolworths.media/content/wowproductimages/medium/302105.jpg",
        "name": "Mersey Valley Original Vintage Cheese 180g",
        "price": 6,
        "unitPrice": "$33.33 / 1KG"
    },
    {
        "category": "dairy-eggs-fridge",
        "href": "https://www.woolworths.com.au/shop/productdetails/721918/nature-valley-crunchy-maple-bars",
        "imgName": "721918.jpg",
        "imgSrc": "https://cdn0.woolworths.media/content/wowproductimages/medium/721918.jpg",
        "name": "Nature Valley Crunchy Maple Bars 5pk 210g",
        "price": 4.7,
        "unitPrice": "$2.24 / 100G"
    },
    {
        "category": "dairy-eggs-fridge",
        "href": "https://www.woolworths.com.au/shop/productdetails/345054/nature-valley-crunchy-bars",
        "imgName": "345054.jpg",
        "imgSrc": "https://cdn0.woolworths.media/content/wowproductimages/medium/345054.jpg",
        "name": "Nature Valley Crunchy Bars 5pk 210g",
        "price": 4.7,
        "unitPrice": "$2.24 / 100G"
    },
    {
        "category": "dairy-eggs-fridge",
        "href": "https://www.woolworths.com.au/shop/productdetails/715921/belvita-milk-cereal-breakfast-biscuits",
        "imgName": "715921.jpg",
        "imgSrc": "https://cdn0.woolworths.media/content/wowproductimages/medium/715921.jpg",
        "name": "Belvita Milk & Cereal Breakfast Biscuits 300g",
        "price": 4,
        "unitPrice": "$1.33 / 100G"
    },
    {
        "category": "dairy-eggs-fridge",
        "href": "https://www.woolworths.com.au/shop/productdetails/860798/simmone-logue-angus-chunky-beef-pie-2pk",
        "imgName": "860798.jpg",
        "imgSrc": "https://cdn0.woolworths.media/content/wowproductimages/medium/860798.jpg",
        "name": "Simmone Logue Angus Chunky Beef Pie 2pk 400g",
        "price": 9.99,
        "unitPrice": "$2.27 / 100G"
    },
    {
        "category": "dairy-eggs-fridge",
        "href": "https://www.woolworths.com.au/shop/productdetails/223865/lurpak-salted-blend-butter",
        "imgName": "223865.jpg",
        "imgSrc": "https://cdn0.woolworths.media/content/wowproductimages/medium/223865.jpg",
        "name": "Lurpak Salted Blend Butter 250g",
        "price": 6,
        "unitPrice": "$2.40 / 100G"
    },
    {
        "category": "dairy-eggs-fridge",
        "href": "https://www.woolworths.com.au/shop/productdetails/309412/lurpak-butter-with-crushed-garlic",
        "imgName": "309412.jpg",
        "imgSrc": "https://cdn0.woolworths.media/content/wowproductimages/medium/309412.jpg",
        "name": "Lurpak Butter With Crushed Garlic 125g",
        "price": 3.5,
        "unitPrice": "$2.80 / 100G"
    },
    {
        "category": "dairy-eggs-fridge",
        "href": "https://www.woolworths.com.au/shop/productdetails/369108/julianne-kitchen-paste-quince",
        "imgName": "369108.jpg",
        "imgSrc": "https://cdn0.woolworths.media/content/wowproductimages/medium/369108.jpg",
        "name": "Julianne Kitchen Paste Quince 100g",
        "price": 6.98,
        "unitPrice": "$69.80 / 1KG"
    },
    {
        "category": "dairy-eggs-fridge",
        "href": "https://www.woolworths.com.au/shop/productdetails/3138/soyco-tofu-japan-teriyaki",
        "imgName": "003138.jpg",
        "imgSrc": "https://cdn0.woolworths.media/content/wowproductimages/medium/003138.jpg",
        "name": "Soyco Tofu Japan Teriyaki 200g",
        "price": 4.4,
        "unitPrice": "$22.00 / 1KG"
    },
    {
        "category": "dairy-eggs-fridge",
        "href": "https://www.woolworths.com.au/shop/productdetails/524163/latina-fresh-creamy-sun-dried-tomato-pasta-sauce",
        "imgName": "524163.jpg",
        "imgSrc": "https://cdn0.woolworths.media/content/wowproductimages/medium/524163.jpg",
        "name": "Latina Fresh Creamy Sun Dried Tomato Pasta Sauce 650g",
        "price": 7,
        "unitPrice": "$1.08 / 100G"
    },
    {
        "category": "dairy-eggs-fridge",
        "href": "https://www.woolworths.com.au/shop/productdetails/641528/arnott-s-tiny-teddy-spotty-the-dog",
        "imgName": "641528.jpg",
        "imgSrc": "https://cdn0.woolworths.media/content/wowproductimages/medium/641528.jpg",
        "name": "Arnott's Tiny Teddy & Spotty The Dog 8pk 184g",
        "price": 4,
        "unitPrice": "$2.17 / 100G"
    },
    {
        "category": "dairy-eggs-fridge",
        "href": "https://www.woolworths.com.au/shop/productdetails/647416/the-norco-natural-cheese-co-elbo-style-cheese-block",
        "imgName": "647416.jpg",
        "imgSrc": "https://cdn0.woolworths.media/content/wowproductimages/medium/647416.jpg",
        "name": "The Norco Natural Cheese Co. Elbo Style Cheese Block 500g",
        "price": 10,
        "unitPrice": "$20.00 / 1KG"
    },
    {
        "category": "dairy-eggs-fridge",
        "href": "https://www.woolworths.com.au/shop/productdetails/730682/macro-moroccan-veggeburger",
        "imgName": "730682.jpg",
        "imgSrc": "https://cdn0.woolworths.media/content/wowproductimages/medium/730682.jpg",
        "name": "Macro Moroccan Veggeburger  4pk 500g",
        "price": 4.3,
        "unitPrice": "$8.60 / 1KG"
    },
    {
        "category": "dairy-eggs-fridge",
        "href": "https://www.woolworths.com.au/shop/productdetails/646067/sunbites-crackers-with-quinoa-cheddar-chives",
        "imgName": "646067.jpg",
        "imgSrc": "https://cdn0.woolworths.media/content/wowproductimages/medium/646067.jpg",
        "name": "Sunbites Crackers With Quinoa Cheddar & Chives 5pk 120g",
        "price": 3.5,
        "unitPrice": "$2.92 / 100G"
    },
    {
        "category": "dairy-eggs-fridge",
        "href": "https://www.woolworths.com.au/shop/productdetails/90000575/dinner-for-2-ricotta-roast-veggie-tortellini-garlic-bread-bundle",
        "imgName": "90000575.jpg",
        "imgSrc": "https://cdn0.woolworths.media/content/wowproductimages/medium/90000575.jpg",
        "name": "Dinner For 2, Ricotta & Roast Veggie Tortellini & Garlic Bread Bundle",
        "price": 11
    },
    {
        "category": "dairy-eggs-fridge",
        "href": "https://www.woolworths.com.au/shop/productdetails/658124/chobani-flip-greek-yoghurt-mango-passion-tango",
        "imgName": "658124.jpg",
        "imgSrc": "https://cdn0.woolworths.media/content/wowproductimages/medium/658124.jpg",
        "name": "Chobani Flip Greek Yoghurt Mango Passion Tango 140g",
        "price": 3,
        "unitPrice": "$2.14 / 100G"
    },
    {
        "category": "dairy-eggs-fridge",
        "href": "https://www.woolworths.com.au/shop/productdetails/501165/obela-classic-hommus-spread",
        "imgName": "501165.jpg",
        "imgSrc": "https://cdn0.woolworths.media/content/wowproductimages/medium/501165.jpg",
        "name": "Obela Classic Hommus Spread 375g",
        "price": 6,
        "unitPrice": "$1.60 / 100G"
    },
    {
        "category": "dairy-eggs-fridge",
        "href": "https://www.woolworths.com.au/shop/productdetails/35617/vitasoy-original-soy-milk",
        "imgName": "035617.jpg",
        "imgSrc": "https://cdn0.woolworths.media/content/wowproductimages/medium/035617.jpg",
        "name": "Vitasoy Original Soy Milk 1l",
        "price": 3,
        "unitPrice": "$3.00 / 1L"
    },
    {
        "category": "dairy-eggs-fridge",
        "href": "https://www.woolworths.com.au/shop/productdetails/93530/essentials-table-spread-soft-and-spreadable",
        "imgName": "093530.jpg",
        "imgSrc": "https://cdn0.woolworths.media/content/wowproductimages/medium/093530.jpg",
        "name": "Essentials Table Spread Soft And Spreadable 500g",
        "price": 1.4,
        "unitPrice": "$0.28 / 100G"
    },
    {
        "category": "dairy-eggs-fridge",
        "href": "https://www.woolworths.com.au/shop/productdetails/300025/bean-supreme-vegitarian-sausages-rosemary-sage-parsley",
        "imgName": "300025.jpg",
        "imgSrc": "https://cdn0.woolworths.media/content/wowproductimages/medium/300025.jpg",
        "name": "Bean Supreme Vegitarian Sausages Rosemary Sage & Parsley 300g",
        "price": 7.5,
        "unitPrice": "$25.00 / 1KG"
    },
    {
        "category": "dairy-eggs-fridge",
        "href": "https://www.woolworths.com.au/shop/productdetails/794705/yorkfoods-lard",
        "imgName": "794705.jpg",
        "imgSrc": "https://cdn0.woolworths.media/content/wowproductimages/medium/794705.jpg",
        "name": "Yorkfoods Lard  250g",
        "price": 4.5,
        "unitPrice": "$1.80 / 100G"
    },
    {
        "category": "dairy-eggs-fridge",
        "href": "https://www.woolworths.com.au/shop/productdetails/706257/danone-ultimate-greek-yoghurt-black-cherry",
        "imgName": "706257.jpg",
        "imgSrc": "https://cdn0.woolworths.media/content/wowproductimages/medium/706257.jpg",
        "name": "Danone Ultimate Greek Yoghurt Black Cherry 4x125g",
        "price": 4.4,
        "unitPrice": "$0.88 / 100G"
    },
    {
        "category": "dairy-eggs-fridge",
        "href": "https://www.woolworths.com.au/shop/productdetails/205663/woolworths-lite-sour-cream",
        "imgName": "205663.jpg",
        "imgSrc": "https://cdn0.woolworths.media/content/wowproductimages/medium/205663.jpg",
        "name": "Woolworths Lite Sour Cream 300ml",
        "price": 1.5,
        "unitPrice": "$0.50 / 100ML"
    },
    {
        "category": "dairy-eggs-fridge",
        "href": "https://www.woolworths.com.au/shop/productdetails/99451/sunny-queen-caged-eggs-extra-large",
        "imgName": "099451.jpg",
        "imgSrc": "https://cdn0.woolworths.media/content/wowproductimages/medium/099451.jpg",
        "name": "Sunny Queen Caged Eggs Extra Large 12pk 700g",
        "price": 4.55,
        "unitPrice": "$0.65 / 100G"
    },
    {
        "category": "dairy-eggs-fridge",
        "href": "https://www.woolworths.com.au/shop/productdetails/40471/bega-tasty-cheese",
        "imgName": "040471.jpg",
        "imgSrc": "https://cdn0.woolworths.media/content/wowproductimages/medium/040471.jpg",
        "name": "Bega Tasty Cheese 500g",
        "price": 8.6,
        "unitPrice": "$17.20 / 1KG"
    },
    {
        "category": "dairy-eggs-fridge",
        "href": "https://www.woolworths.com.au/shop/productdetails/258617/yoplait-le-rice-pudding-classic-vanilla",
        "imgName": "258617.jpg",
        "imgSrc": "https://cdn0.woolworths.media/content/wowproductimages/medium/258617.jpg",
        "name": "Yoplait Le Rice Pudding Classic Vanilla 2x150g",
        "price": 3.3,
        "unitPrice": "$1.10 / 100G"
    },
    {
        "category": "dairy-eggs-fridge",
        "href": "https://www.woolworths.com.au/shop/productdetails/376231/carman-s-traditional-variety-bars",
        "imgName": "376231.jpg",
        "imgSrc": "https://cdn0.woolworths.media/content/wowproductimages/medium/376231.jpg",
        "name": "Carman's Traditional Variety Bars  12pk 540g",
        "price": 10,
        "unitPrice": "$1.85 / 100G"
    },
    {
        "category": "dairy-eggs-fridge",
        "href": "https://www.woolworths.com.au/shop/productdetails/622954/tamar-valley-light-greek-style-yoghurt-natural",
        "imgName": "622954.jpg",
        "imgSrc": "https://cdn0.woolworths.media/content/wowproductimages/medium/622954.jpg",
        "name": "Tamar Valley Light Greek Style Yoghurt Natural 1kg",
        "price": 6,
        "unitPrice": "$0.60 / 100G"
    },
    {
        "category": "dairy-eggs-fridge",
        "href": "https://www.woolworths.com.au/shop/productdetails/549555/mainland-on-the-go-snack-tomato",
        "imgName": "549555.jpg",
        "imgSrc": "https://cdn0.woolworths.media/content/wowproductimages/medium/549555.jpg",
        "name": "Mainland On The Go Snack Tomato 110g",
        "price": 5,
        "unitPrice": "$45.45 / 1KG"
    },
    {
        "category": "dairy-eggs-fridge",
        "href": "https://www.woolworths.com.au/shop/productdetails/618612/leggo-s-fresh-pasta-sauce-bolognese",
        "imgName": "618612.jpg",
        "imgSrc": "https://cdn0.woolworths.media/content/wowproductimages/medium/618612.jpg",
        "name": "Leggo's Fresh Pasta Sauce Bolognese 450g",
        "price": 5,
        "unitPrice": "$1.11 / 100G"
    },
    {
        "category": "dairy-eggs-fridge",
        "href": "https://www.woolworths.com.au/shop/productdetails/782656/latina-fresh-aged-prosciutto-ricotta-basil-capelletti",
        "imgName": "782656.jpg",
        "imgSrc": "https://cdn0.woolworths.media/content/wowproductimages/medium/782656.jpg",
        "name": "Latina Fresh Aged Prosciutto Ricotta & Basil Capelletti 280g",
        "price": 6.3,
        "unitPrice": "$2.25 / 100G"
    },
    {
        "category": "dairy-eggs-fridge",
        "href": "https://www.woolworths.com.au/shop/productdetails/765451/leggo-s-ravioli-roasted-pumpkin-feta",
        "imgName": "765451.jpg",
        "imgSrc": "https://cdn0.woolworths.media/content/wowproductimages/medium/765451.jpg",
        "name": "Leggo's Ravioli Roasted Pumpkin & Feta 630g",
        "price": 7.6,
        "unitPrice": "$1.21 / 100G"
    },
    {
        "category": "dairy-eggs-fridge",
        "href": "https://www.woolworths.com.au/shop/productdetails/932572/chris-dips-lil-christos-corn-relish",
        "imgName": "932572.jpg",
        "imgSrc": "https://cdn0.woolworths.media/content/wowproductimages/medium/932572.jpg",
        "name": "Chris' Dips Lil Christos Corn Relish 3x60g",
        "price": 3,
        "unitPrice": "$1.67 / 100G"
    },
    {
        "category": "dairy-eggs-fridge",
        "href": "https://www.woolworths.com.au/shop/productdetails/958891/simmone-logue-lentil-veg-pie-2pk",
        "imgName": "958891.jpg",
        "imgSrc": "https://cdn0.woolworths.media/content/wowproductimages/medium/958891.jpg",
        "name": "Simmone Logue Lentil & Veg Pie 2pk 440g",
        "price": 9.99,
        "unitPrice": "$2.27 / 100G"
    },
    {
        "category": "dairy-eggs-fridge",
        "href": "https://www.woolworths.com.au/shop/productdetails/9178/latina-fresh-pasta-sauce-cheese-bacon-mushroom",
        "imgName": "009178.jpg",
        "imgSrc": "https://cdn0.woolworths.media/content/wowproductimages/medium/009178.jpg",
        "name": "Latina Fresh Pasta Sauce Cheese Bacon Mushroom 425g",
        "price": 5.79,
        "unitPrice": "$1.36 / 100G"
    },
    {
        "category": "dairy-eggs-fridge",
        "href": "https://www.woolworths.com.au/shop/productdetails/22081/latina-egg-fettuccine",
        "imgName": "022081.jpg",
        "imgSrc": "https://cdn0.woolworths.media/content/wowproductimages/medium/022081.jpg",
        "name": "Latina Egg Fettuccine  375g",
        "price": 4.2,
        "unitPrice": "$1.12 / 100G"
    },
    {
        "category": "dairy-eggs-fridge",
        "href": "https://www.woolworths.com.au/shop/productdetails/145567/fantastic-fresh-noodles-thin-hokkien",
        "imgName": "145567.jpg",
        "imgSrc": "https://cdn0.woolworths.media/content/wowproductimages/medium/145567.jpg",
        "name": "Fantastic Fresh Noodles Thin Hokkien 450g",
        "price": 2.7,
        "unitPrice": "$0.60 / 100G"
    },
    {
        "category": "dairy-eggs-fridge",
        "href": "https://www.woolworths.com.au/shop/productdetails/223868/lurpak-unsalted-butter",
        "imgName": "223868.jpg",
        "imgSrc": "https://cdn0.woolworths.media/content/wowproductimages/medium/223868.jpg",
        "name": "Lurpak Unsalted Butter 250g",
        "price": 6,
        "unitPrice": "$2.40 / 100G"
    },
    {
        "category": "dairy-eggs-fridge",
        "href": "https://www.woolworths.com.au/shop/productdetails/312417/bulla-thick-cream-cup",
        "imgName": "312417.jpg",
        "imgSrc": "https://cdn0.woolworths.media/content/wowproductimages/medium/312417.jpg",
        "name": "Bulla Thick Cream Cup  200ml",
        "price": 2.4,
        "unitPrice": "$1.20 / 100ML"
    },
    {
        "category": "dairy-eggs-fridge",
        "href": "https://www.woolworths.com.au/shop/productdetails/624195/woolworths-cream-cheese-block",
        "imgName": "624195.jpg",
        "imgSrc": "https://cdn0.woolworths.media/content/wowproductimages/medium/624195.jpg",
        "name": "Woolworths Cream Cheese Block 225g",
        "price": 3.5,
        "unitPrice": "$15.56 / 1KG"
    },
    {
        "category": "dairy-eggs-fridge",
        "href": "https://www.woolworths.com.au/shop/productdetails/769526/bega-cheese-so-light-grated",
        "imgName": "769526.jpg",
        "imgSrc": "https://cdn0.woolworths.media/content/wowproductimages/medium/769526.jpg",
        "name": "Bega Cheese So Light Grated 500g",
        "price": 8.2,
        "unitPrice": "$16.40 / 1KG"
    },
    {
        "category": "dairy-eggs-fridge",
        "href": "https://www.woolworths.com.au/shop/productdetails/768053/dairy-farmers-lemon-cream-yoghurt",
        "imgName": "768053.jpg",
        "imgSrc": "https://cdn0.woolworths.media/content/wowproductimages/medium/768053.jpg",
        "name": "Dairy Farmers Lemon Cream Yoghurt 150g",
        "price": 2.1,
        "unitPrice": "$1.40 / 100G"
    },
    {
        "category": "dairy-eggs-fridge",
        "href": "https://www.woolworths.com.au/shop/productdetails/793015/wicked-sister-vanilla-bean-creme-caramel",
        "imgName": "793015.jpg",
        "imgSrc": "https://cdn0.woolworths.media/content/wowproductimages/medium/793015.jpg",
        "name": "Wicked Sister Vanilla Bean Creme Caramel 2x150g",
        "price": 4,
        "unitPrice": "$1.33 / 100G"
    },
    {
        "category": "dairy-eggs-fridge",
        "href": "https://www.woolworths.com.au/shop/productdetails/549579/mainland-on-the-go-snack-caramelised-onion",
        "imgName": "549579.jpg",
        "imgSrc": "https://cdn0.woolworths.media/content/wowproductimages/medium/549579.jpg",
        "name": "Mainland On The Go Snack Caramelised Onion 110g",
        "price": 5,
        "unitPrice": "$45.45 / 1KG"
    },
    {
        "category": "dairy-eggs-fridge",
        "href": "https://www.woolworths.com.au/shop/productdetails/930997/jarlsberg-original-cheese-slices-sliced-cheese",
        "imgName": "930997.jpg",
        "imgSrc": "https://cdn0.woolworths.media/content/wowproductimages/medium/930997.jpg",
        "name": "Jarlsberg Original Cheese Slices Sliced Cheese 150g",
        "price": 6.65,
        "unitPrice": "$44.33 / 1KG"
    },
    {
        "category": "dairy-eggs-fridge",
        "href": "https://www.woolworths.com.au/shop/productdetails/964777/castello-mellow-black",
        "imgName": "964777.jpg",
        "imgSrc": "https://cdn0.woolworths.media/content/wowproductimages/medium/964777.jpg",
        "name": "Castello Mellow Black 150g",
        "price": 7.5,
        "unitPrice": "$50.00 / 1KG"
    },
    {
        "category": "dairy-eggs-fridge",
        "href": "https://www.woolworths.com.au/shop/productdetails/878752/oak-strawberry-flavoured-milk-3x250ml-",
        "imgName": "878752.jpg",
        "imgSrc": "https://cdn0.woolworths.media/content/wowproductimages/medium/878752.jpg",
        "name": "Oak Strawberry Flavoured Milk (3x250ml) 750ml",
        "price": 4.4,
        "unitPrice": "$5.87 / 1L"
    },
    {
        "category": "dairy-eggs-fridge",
        "href": "https://www.woolworths.com.au/shop/productdetails/29016/essentials-table-spread-soft-and-spreadable",
        "imgName": "029016.jpg",
        "imgSrc": "https://cdn0.woolworths.media/content/wowproductimages/medium/029016.jpg",
        "name": "Essentials Table Spread Soft And Spreadable 1kg",
        "price": 1.6,
        "unitPrice": "$0.16 / 100G"
    },
    {
        "category": "dairy-eggs-fridge",
        "href": "https://www.woolworths.com.au/shop/productdetails/306053/vitasoy-calcium-enriched-rice-milk",
        "imgName": "306053.jpg",
        "imgSrc": "https://cdn0.woolworths.media/content/wowproductimages/medium/306053.jpg",
        "name": "Vitasoy Calcium Enriched Rice Milk 1l",
        "price": 3,
        "unitPrice": "$3.00 / 1L"
    },
    {
        "category": "dairy-eggs-fridge",
        "href": "https://www.woolworths.com.au/shop/productdetails/330937/dairy-farmers-new-reduced-fat-light-milk-permeate-free",
        "imgName": "330937.jpg",
        "imgSrc": "https://cdn0.woolworths.media/content/wowproductimages/medium/330937.jpg",
        "name": "Dairy Farmers New Reduced Fat Light Milk Permeate Free 2l",
        "price": 3,
        "unitPrice": "$1.50 / 1L"
    },
    {
        "category": "dairy-eggs-fridge",
        "href": "https://www.woolworths.com.au/shop/productdetails/365567/macro-organic-low-fat-milk",
        "imgName": "365567.jpg",
        "imgSrc": "https://cdn0.woolworths.media/content/wowproductimages/medium/365567.jpg",
        "name": "Macro Organic Low Fat Milk 1l",
        "price": 2.2,
        "unitPrice": "$2.20 / 1L"
    },
    {
        "category": "dairy-eggs-fridge",
        "href": "https://www.woolworths.com.au/shop/productdetails/404981/pauls-farmhouse-gold-full-cream-milk-unhomogenised",
        "imgName": "404981.jpg",
        "imgSrc": "https://cdn0.woolworths.media/content/wowproductimages/medium/404981.jpg",
        "name": "Pauls Farmhouse Gold Full Cream Milk Unhomogenised 750ml",
        "price": 2,
        "unitPrice": "$2.67 / 1L"
    },
    {
        "category": "dairy-eggs-fridge",
        "href": "https://www.woolworths.com.au/shop/productdetails/426358/latina-angus-beef-lagagne",
        "imgName": "426358.jpg",
        "imgSrc": "https://cdn0.woolworths.media/content/wowproductimages/medium/426358.jpg",
        "name": "Latina Angus Beef Lagagne 350g",
        "price": 7.5,
        "unitPrice": "$2.14 / 100G"
    },
    {
        "category": "dairy-eggs-fridge",
        "href": "https://www.woolworths.com.au/shop/productdetails/5033/latina-lasagne-sheets",
        "imgName": "005033.jpg",
        "imgSrc": "https://cdn0.woolworths.media/content/wowproductimages/medium/005033.jpg",
        "name": "Latina Lasagne Sheets 375g",
        "price": 4.7,
        "unitPrice": "$1.25 / 100G"
    },
    {
        "category": "dairy-eggs-fridge",
        "href": "https://www.woolworths.com.au/shop/productdetails/641532/arnott-s-shapes-variety",
        "imgName": "641532.jpg",
        "imgSrc": "https://cdn0.woolworths.media/content/wowproductimages/medium/641532.jpg",
        "name": "Arnott's Shapes Variety 15pk 375g",
        "price": 6,
        "unitPrice": "$1.60 / 100G"
    },
    {
        "category": "dairy-eggs-fridge",
        "href": "https://www.woolworths.com.au/shop/productdetails/77777/farmers-union-pure-cream",
        "imgName": "077777.jpg",
        "imgSrc": "https://cdn0.woolworths.media/content/wowproductimages/medium/077777.jpg",
        "name": "Farmers Union Pure Cream  300ml",
        "price": 2.4,
        "unitPrice": "$0.80 / 100ML"
    },
    {
        "category": "dairy-eggs-fridge",
        "href": "https://www.woolworths.com.au/shop/productdetails/778726/woolworths-fresh-creamy-mushroom-soup",
        "imgName": "778726.jpg",
        "imgSrc": "https://cdn0.woolworths.media/content/wowproductimages/medium/778726.jpg",
        "name": "Woolworths Fresh Creamy Mushroom Soup  300g",
        "price": 3,
        "unitPrice": "$1.00 / 100G"
    },
    {
        "category": "dairy-eggs-fridge",
        "href": "https://www.woolworths.com.au/shop/productdetails/830497/woolworths-butter-chicken-with-basmati-rice",
        "imgName": "830497.jpg",
        "imgSrc": "https://cdn0.woolworths.media/content/wowproductimages/medium/830497.jpg",
        "name": "Woolworths Butter Chicken With Basmati Rice 350g",
        "price": 7.49,
        "unitPrice": "$2.14 / 100G"
    },
    {
        "category": "dairy-eggs-fridge",
        "href": "https://www.woolworths.com.au/shop/productdetails/830499/woolworths-chicken-korma-with-basmati-rice",
        "imgName": "830499.jpg",
        "imgSrc": "https://cdn0.woolworths.media/content/wowproductimages/medium/830499.jpg",
        "name": "Woolworths Chicken Korma With Basmati Rice 350g",
        "price": 7.49,
        "unitPrice": "$2.14 / 100G"
    },
    {
        "category": "dairy-eggs-fridge",
        "href": "https://www.woolworths.com.au/shop/productdetails/90922/antoniou-pastry-filo",
        "imgName": "090922.jpg",
        "imgSrc": "https://cdn0.woolworths.media/content/wowproductimages/medium/090922.jpg",
        "name": "Antoniou Pastry Filo 375g",
        "price": 3.8,
        "unitPrice": "$1.01 / 100G"
    },
    {
        "category": "dairy-eggs-fridge",
        "href": "https://www.woolworths.com.au/shop/productdetails/926531/chobani-vanilla-yoghurt-pouch",
        "imgName": "926531.jpg",
        "imgSrc": "https://cdn0.woolworths.media/content/wowproductimages/medium/926531.jpg",
        "name": "Chobani Vanilla Yoghurt Pouch 140g",
        "price": 2.25,
        "unitPrice": "$1.61 / 100G"
    },
    {
        "category": "dairy-eggs-fridge",
        "href": "https://www.woolworths.com.au/shop/productdetails/952441/rafferty-s-garden-yoghurt-pouch-blueberry-banana-apple",
        "imgName": "952441.jpg",
        "imgSrc": "https://cdn0.woolworths.media/content/wowproductimages/medium/952441.jpg",
        "name": "Rafferty's Garden Yoghurt Pouch Blueberry Banana & Apple 90g",
        "price": 1.7,
        "unitPrice": "$1.89 / 100G"
    },
    {
        "category": "dairy-eggs-fridge",
        "href": "https://www.woolworths.com.au/shop/productdetails/85423/la-famiglia-herb-bread-pan-style-slices",
        "imgName": "085423.jpg",
        "imgSrc": "https://cdn0.woolworths.media/content/wowproductimages/medium/085423.jpg",
        "name": "La Famiglia Herb Bread Pan Style Slices 6 slices 450g",
        "price": 5.35,
        "unitPrice": "$1.19 / 100G"
    },
    {
        "category": "dairy-eggs-fridge",
        "href": "https://www.woolworths.com.au/shop/productdetails/208818/diploma-full-cream-long-life-milk-powder",
        "imgName": "208818.jpg",
        "imgSrc": "https://cdn0.woolworths.media/content/wowproductimages/medium/208818.jpg",
        "name": "Diploma Full Cream Long Life Milk Powder 400g",
        "price": 6,
        "unitPrice": "$1.50 / 100G"
    },
    {
        "category": "dairy-eggs-fridge",
        "href": "https://www.woolworths.com.au/shop/productdetails/296507/woolworths-cream-cheese",
        "imgName": "296507.jpg",
        "imgSrc": "https://cdn0.woolworths.media/content/wowproductimages/medium/296507.jpg",
        "name": "Woolworths Cream Cheese  250g",
        "price": 2.75,
        "unitPrice": "$11.00 / 1KG"
    },
    {
        "category": "dairy-eggs-fridge",
        "href": "https://www.woolworths.com.au/shop/productdetails/319049/sunny-queen-barn-laid-natural-grain-cage-free-eggs",
        "imgName": "319049.jpg",
        "imgSrc": "https://cdn0.woolworths.media/content/wowproductimages/medium/319049.jpg",
        "name": "Sunny Queen Barn Laid Natural Grain Cage Free Eggs 12pk 700g",
        "price": 5.5,
        "unitPrice": "$0.79 / 100G"
    },
    {
        "category": "dairy-eggs-fridge",
        "href": "https://www.woolworths.com.au/shop/productdetails/373846/evia-natural-yoghurt-no-added-sugar",
        "imgName": "373846.jpg",
        "imgSrc": "https://cdn0.woolworths.media/content/wowproductimages/medium/373846.jpg",
        "name": "Evia Natural Yoghurt No Added Sugar 700g",
        "price": 5.5,
        "unitPrice": "$0.79 / 100G"
    },
    {
        "category": "dairy-eggs-fridge",
        "href": "https://www.woolworths.com.au/shop/productdetails/436518/pauls-custard-vanilla",
        "imgName": "436518.jpg",
        "imgSrc": "https://cdn0.woolworths.media/content/wowproductimages/medium/436518.jpg",
        "name": "Pauls Custard Vanilla 140g",
        "price": 2,
        "unitPrice": "$1.43 / 100G"
    },
    {
        "category": "dairy-eggs-fridge",
        "href": "https://www.woolworths.com.au/shop/productdetails/434623/connoisseur-chocolate-mousse-with-peppermint",
        "imgName": "434623.jpg",
        "imgSrc": "https://cdn0.woolworths.media/content/wowproductimages/medium/434623.jpg",
        "name": "Connoisseur Chocolate Mousse With Peppermint 2x90g",
        "price": 4,
        "unitPrice": "$2.50 / 100G"
    },
    {
        "category": "dairy-eggs-fridge",
        "href": "https://www.woolworths.com.au/shop/productdetails/425303/woolworths-chicken-chow-mein",
        "imgName": "425303.jpg",
        "imgSrc": "https://cdn0.woolworths.media/content/wowproductimages/medium/425303.jpg",
        "name": "Woolworths Chicken Chow Mein  350g",
        "price": 7.49,
        "unitPrice": "$2.14 / 100G"
    },
    {
        "category": "dairy-eggs-fridge",
        "href": "https://www.woolworths.com.au/shop/productdetails/441899/old-el-paso-chilli-con-carne-and-rice",
        "imgName": "441899.jpg",
        "imgSrc": "https://cdn0.woolworths.media/content/wowproductimages/medium/441899.jpg",
        "name": "Old El Paso Chilli Con Carne And Rice  350g",
        "price": 7.99,
        "unitPrice": "$2.28 / 100G"
    },
    {
        "category": "dairy-eggs-fridge",
        "href": "https://www.woolworths.com.au/shop/productdetails/504798/woolworths-chicken-tikka-masala",
        "imgName": "504798.jpg",
        "imgSrc": "https://cdn0.woolworths.media/content/wowproductimages/medium/504798.jpg",
        "name": "Woolworths Chicken Tikka Masala  360g",
        "price": 8.49,
        "unitPrice": "$2.36 / 100G"
    },
    {
        "category": "dairy-eggs-fridge",
        "href": "https://www.woolworths.com.au/shop/productdetails/550458/woolworths-delicious-nutritious-peri-peri-style-chicken-rice",
        "imgName": "550458.jpg",
        "imgSrc": "https://cdn0.woolworths.media/content/wowproductimages/medium/550458.jpg",
        "name": "Woolworths Delicious Nutritious Peri Peri Style Chicken Rice 350g",
        "price": 7.99,
        "unitPrice": "$2.28 / 100G"
    },
    {
        "category": "dairy-eggs-fridge",
        "href": "https://www.woolworths.com.au/shop/productdetails/477734/alpine-natural-yoghurt-coconut",
        "imgName": "477734.jpg",
        "imgSrc": "https://cdn0.woolworths.media/content/wowproductimages/medium/477734.jpg",
        "name": "Alpine Natural Yoghurt Coconut 400g",
        "price": 6,
        "unitPrice": "$1.50 / 100G"
    },
    {
        "category": "dairy-eggs-fridge",
        "href": "https://www.woolworths.com.au/shop/productdetails/617103/woolworths-pulled-pork-burrito-ready-meal",
        "imgName": "617103.jpg",
        "imgSrc": "https://cdn0.woolworths.media/content/wowproductimages/medium/617103.jpg",
        "name": "Woolworths Pulled Pork Burrito Ready Meal 370g",
        "price": 7.5,
        "unitPrice": "$2.14 / 100G"
    },
    {
        "category": "dairy-eggs-fridge",
        "href": "https://www.woolworths.com.au/shop/productdetails/617105/woolworths-nachos-ready-meal",
        "imgName": "617105.jpg",
        "imgSrc": "https://cdn0.woolworths.media/content/wowproductimages/medium/617105.jpg",
        "name": "Woolworths Nachos Ready Meal 300g",
        "price": 7.5,
        "unitPrice": "$2.14 / 100G"
    },
    {
        "category": "dairy-eggs-fridge",
        "href": "https://www.woolworths.com.au/shop/productdetails/651556/signature-triple-cream-brie-cheese-wedge",
        "imgName": "651556.jpg",
        "imgSrc": "https://cdn0.woolworths.media/content/wowproductimages/medium/651556.jpg",
        "name": "Signature Triple Cream Brie Cheese Wedge 100g",
        "price": 4.5,
        "unitPrice": "$45.00 / 1KG"
    },
    {
        "category": "dairy-eggs-fridge",
        "href": "https://www.woolworths.com.au/shop/productdetails/558548/hillview-cheese-slices-full-fat",
        "imgName": "558548.jpg",
        "imgSrc": "https://cdn0.woolworths.media/content/wowproductimages/medium/558548.jpg",
        "name": "Hillview Cheese Slices Full Fat 500g",
        "price": 3.5,
        "unitPrice": "$7.00 / 1KG"
    },
    {
        "category": "dairy-eggs-fridge",
        "href": "https://www.woolworths.com.au/shop/productdetails/549184/woolworths-italian-cuisine-beef-ravioli",
        "imgName": "549184.jpg",
        "imgSrc": "https://cdn0.woolworths.media/content/wowproductimages/medium/549184.jpg",
        "name": "Woolworths Italian Cuisine Beef Ravioli 350g",
        "price": 6.99,
        "unitPrice": "$2.00 / 100G"
    },
    {
        "category": "dairy-eggs-fridge",
        "href": "https://www.woolworths.com.au/shop/productdetails/581055/home-chef-quiche-spinach-feta",
        "imgName": "581055.jpg",
        "imgSrc": "https://cdn0.woolworths.media/content/wowproductimages/medium/581055.jpg",
        "name": "Home Chef Quiche Spinach & Feta  200g",
        "price": 4,
        "unitPrice": "$2.00 / 100G"
    },
    {
        "category": "dairy-eggs-fridge",
        "href": "https://www.woolworths.com.au/shop/productdetails/541269/chobani-meze-dip-beetroot-dill",
        "imgName": "541269.jpg",
        "imgSrc": "https://cdn0.woolworths.media/content/wowproductimages/medium/541269.jpg",
        "name": "Chobani Meze Dip Beetroot & Dill 150g",
        "price": 4,
        "unitPrice": "$2.67 / 100G"
    },
    {
        "category": "dairy-eggs-fridge",
        "href": "https://www.woolworths.com.au/shop/productdetails/621142/black-swan-grab-and-go-beetroot-tzatziki",
        "imgName": "621142.jpg",
        "imgSrc": "https://cdn0.woolworths.media/content/wowproductimages/medium/621142.jpg",
        "name": "Black Swan Grab And Go Beetroot Tzatziki 85g",
        "price": 3.5,
        "unitPrice": "$4.12 / 100G"
    },
    {
        "category": "dairy-eggs-fridge",
        "href": "https://www.woolworths.com.au/shop/productdetails/575569/woolworths-triple-cream-brie",
        "imgName": "575569.jpg",
        "imgSrc": "https://cdn0.woolworths.media/content/wowproductimages/medium/575569.jpg",
        "name": "Woolworths Triple Cream Brie 125g",
        "price": 3.5,
        "unitPrice": "$28.00 / 1KG"
    },
    {
        "category": "dairy-eggs-fridge",
        "href": "https://www.woolworths.com.au/shop/productdetails/662573/leggo-s-fresh-matriciana-sauce",
        "imgName": "662573.jpg",
        "imgSrc": "https://cdn0.woolworths.media/content/wowproductimages/medium/662573.jpg",
        "name": "Leggo's Fresh Matriciana Sauce  450g",
        "price": 5,
        "unitPrice": "$1.11 / 100G"
    },
    {
        "category": "dairy-eggs-fridge",
        "href": "https://www.woolworths.com.au/shop/productdetails/665788/raw-c-coconut-milk-chocolate",
        "imgName": "665788.jpg",
        "imgSrc": "https://cdn0.woolworths.media/content/wowproductimages/medium/665788.jpg",
        "name": "Raw C Coconut Milk Chocolate 300ml",
        "price": 3,
        "unitPrice": "$10.00 / 1L"
    },
    {
        "category": "dairy-eggs-fridge",
        "href": "https://www.woolworths.com.au/shop/productdetails/660247/blue-diamond-almond-breeze-original-almond-milk",
        "imgName": "660247.jpg",
        "imgSrc": "https://cdn0.woolworths.media/content/wowproductimages/medium/660247.jpg",
        "name": "Blue Diamond Almond Breeze Original Almond Milk 1l",
        "price": 2.5,
        "unitPrice": "$2.50 / 1L"
    },
    {
        "category": "dairy-eggs-fridge",
        "href": "https://www.woolworths.com.au/shop/productdetails/727161/oak-chocolate-milk",
        "imgName": "727161.jpg",
        "imgSrc": "https://cdn0.woolworths.media/content/wowproductimages/medium/727161.jpg",
        "name": "Oak Chocolate Milk",
        "price": 3.3,
        "unitPrice": "$4.40 / 1L"
    },
    {
        "category": "dairy-eggs-fridge",
        "href": "https://www.woolworths.com.au/shop/productdetails/753916/woolworths-meat-pie-family-chunky-beef",
        "imgName": "753916.jpg",
        "imgSrc": "https://cdn0.woolworths.media/content/wowproductimages/medium/753916.jpg",
        "name": "Woolworths Meat Pie Family Chunky Beef 500g",
        "price": 5.29,
        "unitPrice": "$1.06 / 100G"
    },
    {
        "category": "dairy-eggs-fridge",
        "href": "https://www.woolworths.com.au/shop/productdetails/757826/farmers-own-full-cream-homogenised",
        "imgName": "757826.jpg",
        "imgSrc": "https://cdn0.woolworths.media/content/wowproductimages/medium/757826.jpg",
        "name": "Farmers' Own Full Cream Homogenised 2l",
        "price": 3,
        "unitPrice": "$1.50 / 1L"
    },
    {
        "category": "dairy-eggs-fridge",
        "href": "https://www.woolworths.com.au/shop/productdetails/765177/obela-hommus-savoury-garlic",
        "imgName": "765177.jpg",
        "imgSrc": "https://cdn0.woolworths.media/content/wowproductimages/medium/765177.jpg",
        "name": "Obela Hommus Savoury Garlic 220g",
        "price": 4,
        "unitPrice": "$1.82 / 100G"
    },
    {
        "category": "dairy-eggs-fridge",
        "href": "https://www.woolworths.com.au/shop/productdetails/770443/fresh-banquet-lasagne",
        "imgName": "770443.jpg",
        "imgSrc": "https://cdn0.woolworths.media/content/wowproductimages/medium/770443.jpg",
        "name": "Fresh Banquet Lasagne  2kg",
        "price": 16,
        "unitPrice": "$0.80 / 100G"
    },
    {
        "category": "dairy-eggs-fridge",
        "href": "https://www.woolworths.com.au/shop/productdetails/799693/liddells-lactose-free-cream-cheese",
        "imgName": "799693.jpg",
        "imgSrc": "https://cdn0.woolworths.media/content/wowproductimages/medium/799693.jpg",
        "name": "Liddells Lactose Free Cream Cheese 250g",
        "price": 4.4,
        "unitPrice": "$17.60 / 1KG"
    },
    {
        "category": "dairy-eggs-fridge",
        "href": "https://www.woolworths.com.au/shop/productdetails/768123/chobani-no-fat-strawberry-yoghurt-pouch",
        "imgName": "768123.jpg",
        "imgSrc": "https://cdn0.woolworths.media/content/wowproductimages/medium/768123.jpg",
        "name": "Chobani No Fat Strawberry Yoghurt Pouch 140g",
        "price": 2.25,
        "unitPrice": "$1.61 / 100G"
    },
    {
        "category": "dairy-eggs-fridge",
        "href": "https://www.woolworths.com.au/shop/productdetails/795069/chobani-no-fat-raspberry-yoghurt-pouch",
        "imgName": "795069.jpg",
        "imgSrc": "https://cdn0.woolworths.media/content/wowproductimages/medium/795069.jpg",
        "name": "Chobani No Fat Raspberry Yoghurt Pouch 140g",
        "price": 2.25,
        "unitPrice": "$1.61 / 100G"
    },
    {
        "category": "dairy-eggs-fridge",
        "href": "https://www.woolworths.com.au/shop/productdetails/778327/woolworths-fresh-pea-ham-soup",
        "imgName": "778327.jpg",
        "imgSrc": "https://cdn0.woolworths.media/content/wowproductimages/medium/778327.jpg",
        "name": "Woolworths Fresh Pea & Ham Soup  300g",
        "price": 3,
        "unitPrice": "$1.00 / 100G"
    },
    {
        "category": "dairy-eggs-fridge",
        "href": "https://www.woolworths.com.au/shop/productdetails/971514/tear-n-share-garlic-bread",
        "imgName": "971514.jpg",
        "imgSrc": "https://cdn0.woolworths.media/content/wowproductimages/medium/971514.jpg",
        "name": "Tear N Share Garlic Bread  300g",
        "price": 4,
        "unitPrice": "$1.33 / 100G"
    },
    {
        "category": "dairy-eggs-fridge",
        "href": "https://www.woolworths.com.au/shop/productdetails/845773/latina-fresh-ricotta-spinach-ravioli-gluten-free",
        "imgName": "845773.jpg",
        "imgSrc": "https://cdn0.woolworths.media/content/wowproductimages/medium/845773.jpg",
        "name": "Latina Fresh Ricotta & Spinach Ravioli Gluten Free 280g",
        "price": 7.55,
        "unitPrice": "$2.70 / 100G"
    },
    {
        "category": "dairy-eggs-fridge",
        "href": "https://www.woolworths.com.au/shop/productdetails/926885/vitasoy-almond-milk-unsweetened",
        "imgName": "926885.jpg",
        "imgSrc": "https://cdn0.woolworths.media/content/wowproductimages/medium/926885.jpg",
        "name": "Vitasoy Almond Milk Unsweetened 1l",
        "price": 3.8,
        "unitPrice": "$3.80 / 1L"
    },
    {
        "category": "dairy-eggs-fridge",
        "href": "https://www.woolworths.com.au/shop/productdetails/948485/home-chef-quiche-lorraine",
        "imgName": "948485.jpg",
        "imgSrc": "https://cdn0.woolworths.media/content/wowproductimages/medium/948485.jpg",
        "name": "Home Chef Quiche Lorraine  700g",
        "price": 8,
        "unitPrice": "$1.14 / 100G"
    },
    {
        "category": "dairy-eggs-fridge",
        "href": "https://www.woolworths.com.au/shop/productdetails/952438/rafferty-s-garden-yoghurt-pouch-watermelon-strawberry-apple",
        "imgName": "952438.jpg",
        "imgSrc": "https://cdn0.woolworths.media/content/wowproductimages/medium/952438.jpg",
        "name": "Rafferty's Garden Yoghurt Pouch Watermelon Strawberry & Apple 90g",
        "price": 1.7,
        "unitPrice": "$1.89 / 100G"
    },
    {
        "category": "dairy-eggs-fridge",
        "href": "https://www.woolworths.com.au/shop/productdetails/957121/dare-milk-espresso",
        "imgName": "957121.jpg",
        "imgSrc": "https://cdn0.woolworths.media/content/wowproductimages/medium/957121.jpg",
        "name": "Dare Milk Espresso 275ml",
        "price": 2.15,
        "unitPrice": "$7.82 / 1L"
    },
    {
        "category": "dairy-eggs-fridge",
        "href": "https://www.woolworths.com.au/shop/productdetails/505606/woolworths-slow-cooked-beef",
        "imgName": "505606.jpg",
        "imgSrc": "https://cdn0.woolworths.media/content/wowproductimages/medium/505606.jpg",
        "name": "Woolworths Slow Cooked Beef  360g",
        "price": 8.49,
        "unitPrice": "$2.36 / 100G"
    },
    {
        "category": "dairy-eggs-fridge",
        "href": "https://www.woolworths.com.au/shop/productdetails/496525/vegie-delights-roast",
        "imgName": "496525.jpg",
        "imgSrc": "https://cdn0.woolworths.media/content/wowproductimages/medium/496525.jpg",
        "name": "Vegie Delights Roast  480g",
        "price": 8,
        "unitPrice": "$16.67 / 1KG"
    },
    {
        "category": "dairy-eggs-fridge",
        "href": "https://www.woolworths.com.au/shop/productdetails/667998/farmhouse-gold-brandy-custard",
        "imgName": "667998.jpg",
        "imgSrc": "https://cdn0.woolworths.media/content/wowproductimages/medium/667998.jpg",
        "name": "Farmhouse Gold Brandy Custard 1.6kg",
        "price": 9,
        "unitPrice": "$0.56 / 100G"
    },
    {
        "category": "dairy-eggs-fridge",
        "href": "https://www.woolworths.com.au/shop/productdetails/581054/home-chef-quiche-lorraine",
        "imgName": "581054.jpg",
        "imgSrc": "https://cdn0.woolworths.media/content/wowproductimages/medium/581054.jpg",
        "name": "Home Chef Quiche Lorraine  200g",
        "price": 4,
        "unitPrice": "$2.00 / 100G"
    },
    {
        "category": "dairy-eggs-fridge",
        "href": "https://www.woolworths.com.au/shop/productdetails/620775/chris-snack-pack-hommus",
        "imgName": "620775.jpg",
        "imgSrc": "https://cdn0.woolworths.media/content/wowproductimages/medium/620775.jpg",
        "name": "Chris' Snack Pack Hommus 65g",
        "price": 3,
        "unitPrice": "$4.62 / 100G"
    },
    {
        "category": "dairy-eggs-fridge",
        "href": "https://www.woolworths.com.au/shop/productdetails/622933/farmhouse-gold-pot-set-yoghurt-strawberry",
        "imgName": "622933.jpg",
        "imgSrc": "https://cdn0.woolworths.media/content/wowproductimages/medium/622933.jpg",
        "name": "Farmhouse Gold Pot Set Yoghurt Strawberry 700g",
        "price": 6.5,
        "unitPrice": "$0.93 / 100G"
    },
    {
        "category": "dairy-eggs-fridge",
        "href": "https://www.woolworths.com.au/shop/productdetails/619422/somerdale-mature-english-cheddar",
        "imgName": "619422.jpg",
        "imgSrc": "https://cdn0.woolworths.media/content/wowproductimages/medium/619422.jpg",
        "name": "Somerdale Mature English Cheddar  150g",
        "price": 4,
        "unitPrice": "$26.67 / 1KG"
    },
    {
        "category": "dairy-eggs-fridge",
        "href": "https://www.woolworths.com.au/shop/productdetails/652560/devondale-unsalted-butter",
        "imgName": "652560.jpg",
        "imgSrc": "https://cdn0.woolworths.media/content/wowproductimages/medium/652560.jpg",
        "name": "Devondale Unsalted Butter  250g",
        "price": 3.8,
        "unitPrice": "$1.52 / 100G"
    },
    {
        "category": "dairy-eggs-fridge",
        "href": "https://www.woolworths.com.au/shop/productdetails/534016/rafferty-s-garden-yoghurt-pouch-strawberry-apple-beetroot",
        "imgName": "534016.jpg",
        "imgSrc": "https://cdn0.woolworths.media/content/wowproductimages/medium/534016.jpg",
        "name": "Rafferty's Garden Yoghurt Pouch Strawberry Apple & Beetroot 90g",
        "price": 1.7,
        "unitPrice": "$1.89 / 100G"
    },
    {
        "category": "dairy-eggs-fridge",
        "href": "https://www.woolworths.com.au/shop/productdetails/621261/obela-beetroot-veggie-to-go-dip",
        "imgName": "621261.jpg",
        "imgSrc": "https://cdn0.woolworths.media/content/wowproductimages/medium/621261.jpg",
        "name": "Obela Beetroot Veggie To Go Dip 100g",
        "price": 3,
        "unitPrice": "$3.00 / 100G"
    },
    {
        "category": "dairy-eggs-fridge",
        "href": "https://www.woolworths.com.au/shop/productdetails/608322/kraft-mac-cheese-cracked-pepper-parmesan",
        "imgName": "608322.jpg",
        "imgSrc": "https://cdn0.woolworths.media/content/wowproductimages/medium/608322.jpg",
        "name": "Kraft Mac & Cheese Cracked Pepper & Parmesan 400g",
        "price": 5,
        "unitPrice": "$1.25 / 100G"
    },
    {
        "category": "dairy-eggs-fridge",
        "href": "https://www.woolworths.com.au/shop/productdetails/617253/the-culture-co-probiotic-kefir-natural",
        "imgName": "617253.jpg",
        "imgSrc": "https://cdn0.woolworths.media/content/wowproductimages/medium/617253.jpg",
        "name": "The Culture Co. Probiotic Kefir Natural 1kg",
        "price": 6.8,
        "unitPrice": "$0.68 / 100G"
    },
    {
        "category": "dairy-eggs-fridge",
        "href": "https://www.woolworths.com.au/shop/productdetails/505608/woolworths-chicken-napolitana",
        "imgName": "505608.jpg",
        "imgSrc": "https://cdn0.woolworths.media/content/wowproductimages/medium/505608.jpg",
        "name": "Woolworths Chicken Napolitana  360g",
        "price": 8.49,
        "unitPrice": "$2.36 / 100G"
    },
    {
        "category": "dairy-eggs-fridge",
        "href": "https://www.woolworths.com.au/shop/productdetails/581345/little-bud-mighty-meatballs",
        "imgName": "581345.jpg",
        "imgSrc": "https://cdn0.woolworths.media/content/wowproductimages/medium/581345.jpg",
        "name": "Little Bud Mighty Meatballs  200g",
        "price": 5.99,
        "unitPrice": "$3.00 / 100G"
    },
    {
        "category": "dairy-eggs-fridge",
        "href": "https://www.woolworths.com.au/shop/productdetails/625151/grand-italian-king-island-beef-ragu",
        "imgName": "625151.jpg",
        "imgSrc": "https://cdn0.woolworths.media/content/wowproductimages/medium/625151.jpg",
        "name": "Grand Italian King Island Beef Ragu 250g",
        "price": 6.5,
        "unitPrice": "$2.60 / 100G"
    },
    {
        "category": "dairy-eggs-fridge",
        "href": "https://www.woolworths.com.au/shop/productdetails/619376/nakula-coconut-yoghurt-mango",
        "imgName": "619376.jpg",
        "imgSrc": "https://cdn0.woolworths.media/content/wowproductimages/medium/619376.jpg",
        "name": "Nakula Coconut Yoghurt Mango 500g",
        "price": 7,
        "unitPrice": "$1.40 / 100G"
    },
    {
        "category": "dairy-eggs-fridge",
        "href": "https://www.woolworths.com.au/shop/productdetails/622047/so-good-almond-milk-dark-chocolate",
        "imgName": "622047.jpg",
        "imgSrc": "https://cdn0.woolworths.media/content/wowproductimages/medium/622047.jpg",
        "name": "So Good Almond Milk Dark Chocolate 375ml",
        "price": 3.65,
        "unitPrice": "$9.73 / 1L"
    },
    {
        "category": "dairy-eggs-fridge",
        "href": "https://www.woolworths.com.au/shop/productdetails/477678/simmone-logue-gourmet-sausage-rolls",
        "imgName": "477678.jpg",
        "imgSrc": "https://cdn0.woolworths.media/content/wowproductimages/medium/477678.jpg",
        "name": "Simmone Logue Gourmet Sausage Rolls 12pk 600g",
        "price": 15.99,
        "unitPrice": "$2.67 / 100G"
    },
    {
        "category": "dairy-eggs-fridge",
        "href": "https://www.woolworths.com.au/shop/productdetails/620737/chris-heritage-mascarpone-espresso-creme-amaretti",
        "imgName": "620737.jpg",
        "imgSrc": "https://cdn0.woolworths.media/content/wowproductimages/medium/620737.jpg",
        "name": "Chris' Heritage Mascarpone Espresso Creme Amaretti 160g",
        "price": 7,
        "unitPrice": "$4.38 / 100G"
    },
    {
        "category": "dairy-eggs-fridge",
        "href": "https://www.woolworths.com.au/shop/productdetails/618571/leggo-s-fresh-napoli-sauce",
        "imgName": "618571.jpg",
        "imgSrc": "https://cdn0.woolworths.media/content/wowproductimages/medium/618571.jpg",
        "name": "Leggo's Fresh Napoli Sauce 450g",
        "price": 5,
        "unitPrice": "$1.11 / 100G"
    },
    {
        "category": "dairy-eggs-fridge",
        "href": "https://www.woolworths.com.au/shop/productdetails/622048/so-good-almond-milk-vanilla-coconut",
        "imgName": "622048.jpg",
        "imgSrc": "https://cdn0.woolworths.media/content/wowproductimages/medium/622048.jpg",
        "name": "So Good Almond Milk Vanilla Coconut 375ml",
        "price": 3.65,
        "unitPrice": "$9.73 / 1L"
    },
    {
        "category": "dairy-eggs-fridge",
        "href": "https://www.woolworths.com.au/shop/productdetails/655429/natural-living-free-range-eggs",
        "imgName": "655429.jpg",
        "imgSrc": "https://cdn0.woolworths.media/content/wowproductimages/medium/655429.jpg",
        "name": "Natural Living Free Range Eggs 18x900g",
        "price": 9,
        "unitPrice": "$1.00 / 100G"
    },
    {
        "category": "dairy-eggs-fridge",
        "href": "https://www.woolworths.com.au/shop/productdetails/624120/oliana-foods-dairy-free-fetta",
        "imgName": "624120.jpg",
        "imgSrc": "https://cdn0.woolworths.media/content/wowproductimages/medium/624120.jpg",
        "name": "Oliana Foods Dairy Free Fetta 200g",
        "price": 7.5,
        "unitPrice": "$37.50 / 1KG"
    },
    {
        "category": "dairy-eggs-fridge",
        "href": "https://www.woolworths.com.au/shop/productdetails/799667/liddells-lactose-free-colby-cheese-slices",
        "imgName": "799667.jpg",
        "imgSrc": "https://cdn0.woolworths.media/content/wowproductimages/medium/799667.jpg",
        "name": "Liddells Lactose Free Colby Cheese Slices 200g",
        "price": 5,
        "unitPrice": "$25.00 / 1KG"
    },
    {
        "category": "dairy-eggs-fridge",
        "href": "https://www.woolworths.com.au/shop/productdetails/794932/vitasoy-unsweetened-coconut-milk",
        "imgName": "794932.jpg",
        "imgSrc": "https://cdn0.woolworths.media/content/wowproductimages/medium/794932.jpg",
        "name": "Vitasoy Unsweetened Coconut Milk 1l",
        "price": 3.8,
        "unitPrice": "$3.80 / 1L"
    },
    {
        "category": "dairy-eggs-fridge",
        "href": "https://www.woolworths.com.au/shop/productdetails/369093/julianne-kitchen-pate-duck-with-currant-port-jelly",
        "imgName": "369093.jpg",
        "imgSrc": "https://cdn0.woolworths.media/content/wowproductimages/medium/369093.jpg",
        "name": "Julianne Kitchen Pate Duck With Currant & Port Jelly 140g",
        "price": 8.98,
        "unitPrice": "$6.41 / 100G"
    },
    {
        "category": "dairy-eggs-fridge",
        "href": "https://www.woolworths.com.au/shop/productdetails/57855/vege-chips-multi-12-pack",
        "imgName": "057855.jpg",
        "imgSrc": "https://cdn0.woolworths.media/content/wowproductimages/medium/057855.jpg",
        "name": "Vege Chips Multi 12 Pack 250g",
        "price": 7.99,
        "unitPrice": "$3.20 / 100G"
    },
    {
        "category": "dairy-eggs-fridge",
        "href": "https://www.woolworths.com.au/shop/productdetails/487760/mainland-cheddar-chilli-cheese",
        "imgName": "487760.jpg",
        "imgSrc": "https://cdn0.woolworths.media/content/wowproductimages/medium/487760.jpg",
        "name": "Mainland Cheddar & Chilli Cheese 125g",
        "price": 4,
        "unitPrice": "$32.00 / 1KG"
    },
    {
        "category": "dairy-eggs-fridge",
        "href": "https://www.woolworths.com.au/shop/productdetails/14102/mainland-tasty-cheese-slices",
        "imgName": "014102.jpg",
        "imgSrc": "https://cdn0.woolworths.media/content/wowproductimages/medium/014102.jpg",
        "name": "Mainland Tasty Cheese Slices 10pk 210g",
        "price": 5,
        "unitPrice": "$23.81 / 1KG"
    },
    {
        "category": "dairy-eggs-fridge",
        "href": "https://www.woolworths.com.au/shop/productdetails/620734/chobani-meze-capsicum-dip",
        "imgName": "620734.jpg",
        "imgSrc": "https://cdn0.woolworths.media/content/wowproductimages/medium/620734.jpg",
        "name": "Chobani Meze Capsicum Dip 150g",
        "price": 4,
        "unitPrice": "$2.67 / 100G"
    },
    {
        "category": "dairy-eggs-fridge",
        "href": "https://www.woolworths.com.au/shop/productdetails/620773/chris-goats-cheese-fig-pistachio-honey",
        "imgName": "620773.jpg",
        "imgSrc": "https://cdn0.woolworths.media/content/wowproductimages/medium/620773.jpg",
        "name": "Chris' Goats Cheese Fig Pistachio & Honey 160g",
        "price": 7,
        "unitPrice": "$4.38 / 100G"
    },
    {
        "category": "dairy-eggs-fridge",
        "href": "https://www.woolworths.com.au/shop/productdetails/223867/lurpak-danish-slightly-salted-butter",
        "imgName": "223867.jpg",
        "imgSrc": "https://cdn0.woolworths.media/content/wowproductimages/medium/223867.jpg",
        "name": "Lurpak Danish Slightly Salted Butter 250g",
        "price": 6,
        "unitPrice": "$2.40 / 100G"
    },
    {
        "category": "dairy-eggs-fridge",
        "href": "https://www.woolworths.com.au/shop/productdetails/369091/julianne-kitchen-pate-chicken-with-maderia",
        "imgName": "369091.jpg",
        "imgSrc": "https://cdn0.woolworths.media/content/wowproductimages/medium/369091.jpg",
        "name": "Julianne Kitchen Pate Chicken With Maderia 140g",
        "price": 8.98,
        "unitPrice": "$6.41 / 100G"
    },
    {
        "category": "dairy-eggs-fridge",
        "href": "https://www.woolworths.com.au/shop/productdetails/756899/belvita-cranberry-breakfast-biscuits",
        "imgName": "756899.jpg",
        "imgSrc": "https://cdn0.woolworths.media/content/wowproductimages/medium/756899.jpg",
        "name": "Belvita Cranberry Breakfast Biscuits 300g",
        "price": 4,
        "unitPrice": "$1.33 / 100G"
    },
    {
        "category": "dairy-eggs-fridge",
        "href": "https://www.woolworths.com.au/shop/productdetails/899789/nuttelex-table-spread-with-coconut-oil",
        "imgName": "899789.jpg",
        "imgSrc": "https://cdn0.woolworths.media/content/wowproductimages/medium/899789.jpg",
        "name": "Nuttelex Table Spread With Coconut Oil 375g",
        "price": 3,
        "unitPrice": "$0.80 / 100G"
    },
    {
        "category": "dairy-eggs-fridge",
        "href": "https://www.woolworths.com.au/shop/productdetails/580705/kerrygold-butter-pat-salted",
        "imgName": "580705.jpg",
        "imgSrc": "https://cdn0.woolworths.media/content/wowproductimages/medium/580705.jpg",
        "name": "Kerrygold Butter Pat Salted 250g",
        "price": 6,
        "unitPrice": "$2.40 / 100G"
    },
    {
        "category": "dairy-eggs-fridge",
        "href": "https://www.woolworths.com.au/shop/productdetails/647959/woolworths-soft-spreadable",
        "imgName": "647959.jpg",
        "imgSrc": "https://cdn0.woolworths.media/content/wowproductimages/medium/647959.jpg",
        "name": "Woolworths Soft & Spreadable  500g",
        "price": 3.8,
        "unitPrice": "$0.76 / 100G"
    },
    {
        "category": "dairy-eggs-fridge",
        "href": "https://www.woolworths.com.au/shop/productdetails/582360/woolworths-free-range-eggs",
        "imgName": "582360.jpg",
        "imgSrc": "https://cdn0.woolworths.media/content/wowproductimages/medium/582360.jpg",
        "name": "Woolworths Free Range Eggs 12pk 700g",
        "price": 4.2,
        "unitPrice": "$0.60 / 100G"
    },
    {
        "category": "dairy-eggs-fridge",
        "href": "https://www.woolworths.com.au/shop/productdetails/611905/castello-fetta-cubes-herb-garlic",
        "imgName": "611905.jpg",
        "imgSrc": "https://cdn0.woolworths.media/content/wowproductimages/medium/611905.jpg",
        "name": "Castello Fetta Cubes Herb & Garlic 100g",
        "price": 3,
        "unitPrice": "$30.00 / 1KG"
    },
    {
        "category": "dairy-eggs-fridge",
        "href": "https://www.woolworths.com.au/shop/productdetails/363392/manning-valley-free-range-egg-tray",
        "imgName": "363392.jpg",
        "imgSrc": "https://cdn0.woolworths.media/content/wowproductimages/medium/363392.jpg",
        "name": "Manning Valley Free Range Egg Tray 12pk 800g",
        "price": 7,
        "unitPrice": "$0.88 / 100G"
    },
    {
        "category": "dairy-eggs-fridge",
        "href": "https://www.woolworths.com.au/shop/productdetails/610346/meander-valley-double-cream",
        "imgName": "610346.jpg",
        "imgSrc": "https://cdn0.woolworths.media/content/wowproductimages/medium/610346.jpg",
        "name": "Meander Valley Double Cream  200ml",
        "price": 4.3,
        "unitPrice": "$2.15 / 100ML"
    },
    {
        "category": "dairy-eggs-fridge",
        "href": "https://www.woolworths.com.au/shop/productdetails/15791/devondale-extra-soft-blend-spread",
        "imgName": "015791.jpg",
        "imgSrc": "https://cdn0.woolworths.media/content/wowproductimages/medium/015791.jpg",
        "name": "Devondale Extra Soft Blend Spread 500g",
        "price": 5,
        "unitPrice": "$1.00 / 100G"
    },
    {
        "category": "dairy-eggs-fridge",
        "href": "https://www.woolworths.com.au/shop/productdetails/921260/nestle-sweetened-condensed-milk-reduced-sugar",
        "imgName": "921260.jpg",
        "imgSrc": "https://cdn0.woolworths.media/content/wowproductimages/medium/921260.jpg",
        "name": "Nestle Sweetened Condensed Milk Reduced Sugar 397g",
        "price": 3.2,
        "unitPrice": "$0.81 / 100G"
    },
    {
        "category": "dairy-eggs-fridge",
        "href": "https://www.woolworths.com.au/shop/productdetails/3878/gold-n-canola-margarine",
        "imgName": "003878.jpg",
        "imgSrc": "https://cdn0.woolworths.media/content/wowproductimages/medium/003878.jpg",
        "name": "Gold N Canola Margarine  500g",
        "price": 3,
        "unitPrice": "$0.60 / 100G"
    },
    {
        "category": "dairy-eggs-fridge",
        "href": "https://www.woolworths.com.au/shop/productdetails/660430/mainland-pure-butter-unsalted",
        "imgName": "660430.jpg",
        "imgSrc": "https://cdn0.woolworths.media/content/wowproductimages/medium/660430.jpg",
        "name": "Mainland Pure Butter Unsalted 250g",
        "price": 5,
        "unitPrice": "$2.00 / 100G"
    },
    {
        "category": "dairy-eggs-fridge",
        "href": "https://www.woolworths.com.au/shop/productdetails/665841/perfect-italiano-ricotta-pasta-stir-through-sundried-tomato",
        "imgName": "665841.jpg",
        "imgSrc": "https://cdn0.woolworths.media/content/wowproductimages/medium/665841.jpg",
        "name": "Perfect Italiano Ricotta Pasta Stir Through Sundried Tomato 250g",
        "price": 4.3,
        "unitPrice": "$17.20 / 1KG"
    },
    {
        "category": "dairy-eggs-fridge",
        "href": "https://www.woolworths.com.au/shop/productdetails/701667/macro-organic-rice-milk",
        "imgName": "701667.jpg",
        "imgSrc": "https://cdn0.woolworths.media/content/wowproductimages/medium/701667.jpg",
        "name": "Macro Organic Rice Milk 1l",
        "price": 2.29,
        "unitPrice": "$2.29 / 1L"
    },
    {
        "category": "dairy-eggs-fridge",
        "href": "https://www.woolworths.com.au/shop/productdetails/10384/oak-chocolate-milk",
        "imgName": "010384.jpg",
        "imgSrc": "https://cdn0.woolworths.media/content/wowproductimages/medium/010384.jpg",
        "name": "Oak Chocolate Milk 2l",
        "price": 4,
        "unitPrice": "$2.00 / 1L"
    },
    {
        "category": "dairy-eggs-fridge",
        "href": "https://www.woolworths.com.au/shop/productdetails/40284/dare-espresso-iced-coffee",
        "imgName": "040284.jpg",
        "imgSrc": "https://cdn0.woolworths.media/content/wowproductimages/medium/040284.jpg",
        "name": "Dare Espresso Iced Coffee 500ml",
        "price": 3.4,
        "unitPrice": "$6.80 / 1L"
    },
    {
        "category": "dairy-eggs-fridge",
        "href": "https://www.woolworths.com.au/shop/productdetails/145536/dairy-farmers-permeate-free-full-cream-milk",
        "imgName": "145536.jpg",
        "imgSrc": "https://cdn0.woolworths.media/content/wowproductimages/medium/145536.jpg",
        "name": "Dairy Farmers Permeate Free Full Cream Milk 1l",
        "price": 2.15,
        "unitPrice": "$2.15 / 1L"
    },
    {
        "category": "dairy-eggs-fridge",
        "href": "https://www.woolworths.com.au/shop/productdetails/190520/moove-chocolate-milk",
        "imgName": "190520.jpg",
        "imgSrc": "https://cdn0.woolworths.media/content/wowproductimages/medium/190520.jpg",
        "name": "Moove Chocolate Milk 300ml",
        "price": 1.65,
        "unitPrice": "$5.50 / 1L"
    },
    {
        "category": "dairy-eggs-fridge",
        "href": "https://www.woolworths.com.au/shop/productdetails/700426/woolworths-free-range-eggs",
        "imgName": "700426.jpg",
        "imgSrc": "https://cdn0.woolworths.media/content/wowproductimages/medium/700426.jpg",
        "name": "Woolworths Free Range Eggs 6pk 350g",
        "price": 3.4,
        "unitPrice": "$0.97 / 100G"
    },
    {
        "category": "dairy-eggs-fridge",
        "href": "https://www.woolworths.com.au/shop/productdetails/113887/riverina-full-cream-milk",
        "imgName": "113887.jpg",
        "imgSrc": "https://cdn0.woolworths.media/content/wowproductimages/medium/113887.jpg",
        "name": "Riverina Full Cream Milk 2l",
        "price": 3,
        "unitPrice": "$1.50 / 1L"
    },
    {
        "category": "dairy-eggs-fridge",
        "href": "https://www.woolworths.com.au/shop/productdetails/253891/mainland-on-the-go-light-cheese-and-crackers",
        "imgName": "253891.jpg",
        "imgSrc": "https://cdn0.woolworths.media/content/wowproductimages/medium/253891.jpg",
        "name": "Mainland On The Go Light Cheese And Crackers 4pk 120g",
        "price": 6,
        "unitPrice": "$50.00 / 1KG"
    },
    {
        "category": "dairy-eggs-fridge",
        "href": "https://www.woolworths.com.au/shop/productdetails/717324/arnott-s-wagon-wheels-multipack",
        "imgName": "717324.jpg",
        "imgSrc": "https://cdn0.woolworths.media/content/wowproductimages/medium/717324.jpg",
        "name": "Arnott's Wagon Wheels Multipack 190g",
        "price": 3.72,
        "unitPrice": "$1.96 / 100G"
    },
    {
        "category": "dairy-eggs-fridge",
        "href": "https://www.woolworths.com.au/shop/productdetails/79005/essentials-garlic-bread",
        "imgName": "079005.jpg",
        "imgSrc": "https://cdn0.woolworths.media/content/wowproductimages/medium/079005.jpg",
        "name": "Essentials Garlic Bread  450g",
        "price": 1.9,
        "unitPrice": "$0.42 / 100G"
    },
    {
        "category": "dairy-eggs-fridge",
        "href": "https://www.woolworths.com.au/shop/productdetails/932570/chris-dips-princess-tiffany-tzatziki",
        "imgName": "932570.jpg",
        "imgSrc": "https://cdn0.woolworths.media/content/wowproductimages/medium/932570.jpg",
        "name": "Chris' Dips Princess Tiffany Tzatziki 3x60g",
        "price": 2.8,
        "unitPrice": "$1.56 / 100G"
    },
    {
        "category": "dairy-eggs-fridge",
        "href": "https://www.woolworths.com.au/shop/productdetails/549556/mainland-on-the-go-snack-chilli-cream-cheese",
        "imgName": "549556.jpg",
        "imgSrc": "https://cdn0.woolworths.media/content/wowproductimages/medium/549556.jpg",
        "name": "Mainland On The Go Snack Chilli Cream Cheese 55g",
        "price": 3,
        "unitPrice": "$54.55 / 1KG"
    },
    {
        "category": "dairy-eggs-fridge",
        "href": "https://www.woolworths.com.au/shop/productdetails/771237/sunny-queen-free-range-eggs-large",
        "imgName": "771237.jpg",
        "imgSrc": "https://cdn0.woolworths.media/content/wowproductimages/medium/771237.jpg",
        "name": "Sunny Queen Free Range Eggs Large 18pk 900g",
        "price": 9,
        "unitPrice": "$1.00 / 100G"
    },
    {
        "category": "dairy-eggs-fridge",
        "href": "https://www.woolworths.com.au/shop/productdetails/57222/mainland-buttersoft-pure-salt-reduced-butter",
        "imgName": "057222.jpg",
        "imgSrc": "https://cdn0.woolworths.media/content/wowproductimages/medium/057222.jpg",
        "name": "Mainland Buttersoft Pure Salt Reduced Butter 375g",
        "price": 6.7,
        "unitPrice": "$1.79 / 100G"
    },
    {
        "category": "dairy-eggs-fridge",
        "href": "https://www.woolworths.com.au/shop/productdetails/748943/macro-tofu-thai",
        "imgName": "748943.jpg",
        "imgSrc": "https://cdn0.woolworths.media/content/wowproductimages/medium/748943.jpg",
        "name": "Macro Tofu Thai 200g",
        "price": 4,
        "unitPrice": "$20.00 / 1KG"
    },
    {
        "category": "dairy-eggs-fridge",
        "href": "https://www.woolworths.com.au/shop/productdetails/899791/mainland-organic-spreadable-butter",
        "imgName": "899791.jpg",
        "imgSrc": "https://cdn0.woolworths.media/content/wowproductimages/medium/899791.jpg",
        "name": "Mainland Organic Spreadable Butter 250g",
        "price": 5.95,
        "unitPrice": "$2.38 / 100G"
    },
    {
        "category": "dairy-eggs-fridge",
        "href": "https://www.woolworths.com.au/shop/productdetails/702391/the-laughing-cow-cheez-dippers",
        "imgName": "702391.jpg",
        "imgSrc": "https://cdn0.woolworths.media/content/wowproductimages/medium/702391.jpg",
        "name": "The Laughing Cow Cheez Dippers  140g",
        "price": 4,
        "unitPrice": "$28.57 / 1KG"
    },
    {
        "category": "dairy-eggs-fridge",
        "href": "https://www.woolworths.com.au/shop/productdetails/209424/vitasoy-rice-milk",
        "imgName": "209424.jpg",
        "imgSrc": "https://cdn0.woolworths.media/content/wowproductimages/medium/209424.jpg",
        "name": "Vitasoy Rice Milk 1l",
        "price": 3,
        "unitPrice": "$3.00 / 1L"
    },
    {
        "category": "dairy-eggs-fridge",
        "href": "https://www.woolworths.com.au/shop/productdetails/346546/laughing-cow-light-cheese",
        "imgName": "346546.jpg",
        "imgSrc": "https://cdn0.woolworths.media/content/wowproductimages/medium/346546.jpg",
        "name": "Laughing Cow Light Cheese 8pk 128g",
        "price": 3.35,
        "unitPrice": "$26.17 / 1KG"
    },
    {
        "category": "dairy-eggs-fridge",
        "href": "https://www.woolworths.com.au/shop/productdetails/748945/macro-tofu-malaysian-vegetarian",
        "imgName": "748945.jpg",
        "imgSrc": "https://cdn0.woolworths.media/content/wowproductimages/medium/748945.jpg",
        "name": "Macro Tofu Malaysian Vegetarian 200g",
        "price": 4,
        "unitPrice": "$20.00 / 1KG"
    },
    {
        "category": "dairy-eggs-fridge",
        "href": "https://www.woolworths.com.au/shop/productdetails/658106/chobani-flip-apple-crisp-twist",
        "imgName": "658106.jpg",
        "imgSrc": "https://cdn0.woolworths.media/content/wowproductimages/medium/658106.jpg",
        "name": "Chobani Flip Apple Crisp Twist 140g",
        "price": 3,
        "unitPrice": "$2.14 / 100G"
    },
    {
        "category": "dairy-eggs-fridge",
        "href": "https://www.woolworths.com.au/shop/productdetails/704022/veggs-for-families-free-range-eggs",
        "imgName": "704022.jpg",
        "imgSrc": "https://cdn0.woolworths.media/content/wowproductimages/medium/704022.jpg",
        "name": "Veggs For Families Free Range Eggs 12pk 700g",
        "price": 6.5,
        "unitPrice": "$0.93 / 100G"
    },
    {
        "category": "dairy-eggs-fridge",
        "href": "https://www.woolworths.com.au/shop/productdetails/945065/chobani-meze-dip-tzatiki",
        "imgName": "945065.jpg",
        "imgSrc": "https://cdn0.woolworths.media/content/wowproductimages/medium/945065.jpg",
        "name": "Chobani Meze Dip Tzatiki 150g",
        "price": 4,
        "unitPrice": "$2.67 / 100G"
    },
    {
        "category": "dairy-eggs-fridge",
        "href": "https://www.woolworths.com.au/shop/productdetails/780861/jase-s-kitchen-pizza-base",
        "imgName": "780861.jpg",
        "imgSrc": "https://cdn0.woolworths.media/content/wowproductimages/medium/780861.jpg",
        "name": "Jase's Kitchen Pizza Base  2pk 600g",
        "price": 4,
        "unitPrice": "$0.67 / 100G"
    },
    {
        "category": "dairy-eggs-fridge",
        "href": "https://www.woolworths.com.au/shop/productdetails/878749/oak-iced-coffee",
        "imgName": "878749.jpg",
        "imgSrc": "https://cdn0.woolworths.media/content/wowproductimages/medium/878749.jpg",
        "name": "Oak Iced Coffee  3x250ml",
        "price": 4.4,
        "unitPrice": "$5.87 / 1L"
    },
    {
        "category": "dairy-eggs-fridge",
        "href": "https://www.woolworths.com.au/shop/productdetails/773805/evia-toasted-muesli-yoghurt-pods",
        "imgName": "773805.jpg",
        "imgSrc": "https://cdn0.woolworths.media/content/wowproductimages/medium/773805.jpg",
        "name": "Evia Toasted Muesli Yoghurt Pods 170g",
        "price": 2.7,
        "unitPrice": "$1.59 / 100G"
    },
    {
        "category": "dairy-eggs-fridge",
        "href": "https://www.woolworths.com.au/shop/productdetails/248250/uncle-tobys-muesli-bars-chewy-apricot",
        "imgName": "248250.jpg",
        "imgSrc": "https://cdn0.woolworths.media/content/wowproductimages/medium/248250.jpg",
        "name": "Uncle Tobys Muesli Bars Chewy Apricot 6pk 185g",
        "price": 4,
        "unitPrice": "$2.16 / 100G"
    },
    {
        "category": "dairy-eggs-fridge",
        "href": "https://www.woolworths.com.au/shop/productdetails/92940/pace-farm-caged-eggs-extra-large-59g",
        "imgName": "092940.jpg",
        "imgSrc": "https://cdn0.woolworths.media/content/wowproductimages/medium/092940.jpg",
        "name": "Pace Farm Caged Eggs Extra Large 59g 12pk 700g",
        "price": 3.5,
        "unitPrice": "$0.50 / 100G"
    },
    {
        "category": "dairy-eggs-fridge",
        "href": "https://www.woolworths.com.au/shop/productdetails/1613/homebrand-custard-powder",
        "imgName": "001613.jpg",
        "imgSrc": "https://cdn0.woolworths.media/content/wowproductimages/medium/001613.jpg",
        "name": "Homebrand Custard Powder 350g",
        "price": 1,
        "unitPrice": "$0.29 / 100G"
    },
    {
        "category": "dairy-eggs-fridge",
        "href": "https://www.woolworths.com.au/shop/productdetails/256106/yakult-probiotic-drink-light",
        "imgName": "256106.jpg",
        "imgSrc": "https://cdn0.woolworths.media/content/wowproductimages/medium/256106.jpg",
        "name": "Yakult Probiotic Drink Light 5x65ml",
        "price": 4,
        "unitPrice": "$12.31 / 1L"
    },
    {
        "category": "dairy-eggs-fridge",
        "href": "https://www.woolworths.com.au/shop/productdetails/90000572/dinner-for-2-cheesy-spinach-ricotta-agnolotti-garlic-bread-bundle",
        "imgName": "90000572.jpg",
        "imgSrc": "https://cdn0.woolworths.media/content/wowproductimages/medium/90000572.jpg",
        "name": "Dinner For 2, Cheesy Spinach Ricotta Agnolotti & Garlic Bread Bundle",
        "price": 11
    },
    {
        "category": "dairy-eggs-fridge",
        "href": "https://www.woolworths.com.au/shop/productdetails/624763/rokeby-farms-filmjolk-probiotic-milk-natural",
        "imgName": "624763.jpg",
        "imgSrc": "https://cdn0.woolworths.media/content/wowproductimages/medium/624763.jpg",
        "name": "Rokeby Farms Filmjolk Probiotic Milk Natural 750ml",
        "price": 5,
        "unitPrice": "$6.67 / 1L"
    },
    {
        "category": "dairy-eggs-fridge",
        "href": "https://www.woolworths.com.au/shop/productdetails/717359/danone-ultimate-greek-yoghurt-natural-sweet",
        "imgName": "717359.jpg",
        "imgSrc": "https://cdn0.woolworths.media/content/wowproductimages/medium/717359.jpg",
        "name": "Danone Ultimate Greek Yoghurt Natural & Sweet 850g",
        "price": 5.8,
        "unitPrice": "$0.68 / 100G"
    },
    {
        "category": "dairy-eggs-fridge",
        "href": "https://www.woolworths.com.au/shop/productdetails/310202/pitango-organic-minestrone-soup",
        "imgName": "310202.jpg",
        "imgSrc": "https://cdn0.woolworths.media/content/wowproductimages/medium/310202.jpg",
        "name": "Pitango Organic Minestrone Soup 600g",
        "price": 7.5,
        "unitPrice": "$1.25 / 100G"
    },
    {
        "category": "dairy-eggs-fridge",
        "href": "https://www.woolworths.com.au/shop/productdetails/352638/pitango-risotto-pumpkin-leek",
        "imgName": "352638.jpg",
        "imgSrc": "https://cdn0.woolworths.media/content/wowproductimages/medium/352638.jpg",
        "name": "Pitango Risotto Pumpkin Leek 500g",
        "price": 8.59,
        "unitPrice": "$1.72 / 100G"
    },
    {
        "category": "dairy-eggs-fridge",
        "href": "https://www.woolworths.com.au/shop/productdetails/484383/liberty-barn-laid-eggs",
        "imgName": "484383.jpg",
        "imgSrc": "https://cdn0.woolworths.media/content/wowproductimages/medium/484383.jpg",
        "name": "Liberty Barn Laid Eggs  12pk 800g",
        "price": 5.8,
        "unitPrice": "$0.73 / 100G"
    },
    {
        "category": "dairy-eggs-fridge",
        "href": "https://www.woolworths.com.au/shop/productdetails/701985/pace-farm-caged-eggs",
        "imgName": "701985.jpg",
        "imgSrc": "https://cdn0.woolworths.media/content/wowproductimages/medium/701985.jpg",
        "name": "Pace Farm Caged Eggs 30pk 1.5kg",
        "price": 10,
        "unitPrice": "$0.67 / 100G"
    },
    {
        "category": "dairy-eggs-fridge",
        "href": "https://www.woolworths.com.au/shop/productdetails/756114/liddells-lactose-free-plain-yoghurt",
        "imgName": "756114.jpg",
        "imgSrc": "https://cdn0.woolworths.media/content/wowproductimages/medium/756114.jpg",
        "name": "Liddells Lactose Free Plain Yoghurt 4x140g",
        "price": 5.35,
        "unitPrice": "$0.96 / 100G"
    },
    {
        "category": "dairy-eggs-fridge",
        "href": "https://www.woolworths.com.au/shop/productdetails/741994/danone-ultimate-greek-yoghurt-honey",
        "imgName": "741994.jpg",
        "imgSrc": "https://cdn0.woolworths.media/content/wowproductimages/medium/741994.jpg",
        "name": "Danone Ultimate Greek Yoghurt Honey 4x125g",
        "price": 4.4,
        "unitPrice": "$0.88 / 100G"
    },
    {
        "category": "dairy-eggs-fridge",
        "href": "https://www.woolworths.com.au/shop/productdetails/741042/liddells-lactose-free-shredded-cheese",
        "imgName": "741042.jpg",
        "imgSrc": "https://cdn0.woolworths.media/content/wowproductimages/medium/741042.jpg",
        "name": "Liddells Lactose Free Shredded Cheese 250g",
        "price": 5.25,
        "unitPrice": "$21.00 / 1KG"
    },
    {
        "category": "dairy-eggs-fridge",
        "href": "https://www.woolworths.com.au/shop/productdetails/769584/perfect-italiano-pizza-plus-cheese",
        "imgName": "769584.jpg",
        "imgSrc": "https://cdn0.woolworths.media/content/wowproductimages/medium/769584.jpg",
        "name": "Perfect Italiano Pizza Plus Cheese 450g",
        "price": 7.5,
        "unitPrice": "$16.67 / 1KG"
    },
    {
        "category": "dairy-eggs-fridge",
        "href": "https://www.woolworths.com.au/shop/productdetails/637451/picasso-kitchen-wholemeal-pizza-base-with-tomato-sauce",
        "imgName": "637451.jpg",
        "imgSrc": "https://cdn0.woolworths.media/content/wowproductimages/medium/637451.jpg",
        "name": "Picasso Kitchen Wholemeal Pizza Base With Tomato Sauce 260g",
        "price": 2.5,
        "unitPrice": "$0.96 / 100G"
    },
    {
        "category": "dairy-eggs-fridge",
        "href": "https://www.woolworths.com.au/shop/productdetails/756110/liddells-lactose-free-strawberry-yoghurt",
        "imgName": "756110.jpg",
        "imgSrc": "https://cdn0.woolworths.media/content/wowproductimages/medium/756110.jpg",
        "name": "Liddells Lactose Free Strawberry Yoghurt 4x140g",
        "price": 5.35,
        "unitPrice": "$0.96 / 100G"
    },
    {
        "category": "dairy-eggs-fridge",
        "href": "https://www.woolworths.com.au/shop/productdetails/768112/dairy-farmers-thick-creamy-yellow-box-honey-yoghurt",
        "imgName": "768112.jpg",
        "imgSrc": "https://cdn0.woolworths.media/content/wowproductimages/medium/768112.jpg",
        "name": "Dairy Farmers Thick & Creamy Yellow Box Honey Yoghurt 150g",
        "price": 2.1,
        "unitPrice": "$1.40 / 100G"
    },
    {
        "category": "dairy-eggs-fridge",
        "href": "https://www.woolworths.com.au/shop/productdetails/830496/woolworths-basmati-rice",
        "imgName": "830496.jpg",
        "imgSrc": "https://cdn0.woolworths.media/content/wowproductimages/medium/830496.jpg",
        "name": "Woolworths Basmati Rice  300g",
        "price": 2.99,
        "unitPrice": "$1.00 / 100G"
    },
    {
        "category": "dairy-eggs-fridge",
        "href": "https://www.woolworths.com.au/shop/productdetails/9741/latina-fresh-beef-bolognese-pasta-sauce",
        "imgName": "009741.jpg",
        "imgSrc": "https://cdn0.woolworths.media/content/wowproductimages/medium/009741.jpg",
        "name": "Latina Fresh Beef Bolognese Pasta Sauce 425g",
        "price": 5.79,
        "unitPrice": "$1.36 / 100G"
    },
    {
        "category": "dairy-eggs-fridge",
        "href": "https://www.woolworths.com.au/shop/productdetails/48007/fairy-cooking-margarine",
        "imgName": "048007.jpg",
        "imgSrc": "https://cdn0.woolworths.media/content/wowproductimages/medium/048007.jpg",
        "name": "Fairy Cooking Margarine 250g",
        "price": 1.95,
        "unitPrice": "$0.78 / 100G"
    },
    {
        "category": "dairy-eggs-fridge",
        "href": "https://www.woolworths.com.au/shop/productdetails/310736/pace-farm-liberty-barn-laid-eggs",
        "imgName": "310736.jpg",
        "imgSrc": "https://cdn0.woolworths.media/content/wowproductimages/medium/310736.jpg",
        "name": "Pace Farm Liberty Barn Laid Eggs 12pk 600g",
        "price": 4.8,
        "unitPrice": "$0.80 / 100G"
    },
    {
        "category": "dairy-eggs-fridge",
        "href": "https://www.woolworths.com.au/shop/productdetails/345464/riverina-skim-milk",
        "imgName": "345464.jpg",
        "imgSrc": "https://cdn0.woolworths.media/content/wowproductimages/medium/345464.jpg",
        "name": "Riverina Skim Milk 2l"
    },
    {
        "category": "dairy-eggs-fridge",
        "href": "https://www.woolworths.com.au/shop/productdetails/611783/chobani-flip-greek-yoghurt-almond-coco-loco",
        "imgName": "611783.jpg",
        "imgSrc": "https://cdn0.woolworths.media/content/wowproductimages/medium/611783.jpg",
        "name": "Chobani Flip Greek Yoghurt Almond Coco Loco 140g",
        "price": 3,
        "unitPrice": "$2.14 / 100G"
    },
    {
        "category": "dairy-eggs-fridge",
        "href": "https://www.woolworths.com.au/shop/productdetails/661678/old-el-paso-chicken-fajitas-meal-kit",
        "imgName": "661678.jpg",
        "imgSrc": "https://cdn0.woolworths.media/content/wowproductimages/medium/661678.jpg",
        "name": "Old El Paso Chicken Fajitas Meal Kit 325g",
        "price": 8,
        "unitPrice": "$2.46 / 100G"
    },
    {
        "category": "dairy-eggs-fridge",
        "href": "https://www.woolworths.com.au/shop/productdetails/827205/woolworths-beef-tortellini-with-creamy-mushroom-sauce",
        "imgName": "827205.jpg",
        "imgSrc": "https://cdn0.woolworths.media/content/wowproductimages/medium/827205.jpg",
        "name": "Woolworths Beef Tortellini With Creamy Mushroom Sauce 350g",
        "price": 7.99,
        "unitPrice": "$2.28 / 100G"
    },
    {
        "category": "dairy-eggs-fridge",
        "href": "https://www.woolworths.com.au/shop/productdetails/791219/barista-bros-iced-chocolate",
        "imgName": "791219.jpg",
        "imgSrc": "https://cdn0.woolworths.media/content/wowproductimages/medium/791219.jpg",
        "name": "Barista Bros Iced Chocolate  500ml",
        "price": 3.15,
        "unitPrice": "$6.30 / 1L"
    },
    {
        "category": "dairy-eggs-fridge",
        "href": "https://www.woolworths.com.au/shop/productdetails/841234/ancient-fire-garlic-naan-bread",
        "imgName": "841234.jpg",
        "imgSrc": "https://cdn0.woolworths.media/content/wowproductimages/medium/841234.jpg",
        "name": "Ancient Fire Garlic Naan Bread  250g",
        "price": 3.5,
        "unitPrice": "$1.40 / 100G"
    },
    {
        "category": "dairy-eggs-fridge",
        "href": "https://www.woolworths.com.au/shop/productdetails/717672/yoplait-classics-yoghurt",
        "imgName": "717672.jpg",
        "imgSrc": "https://cdn0.woolworths.media/content/wowproductimages/medium/717672.jpg",
        "name": "Yoplait Classics Yoghurt 12x100g",
        "price": 8,
        "unitPrice": "$0.67 / 100G"
    },
    {
        "category": "dairy-eggs-fridge",
        "href": "https://www.woolworths.com.au/shop/productdetails/279909/calci-yum-kids-strawberry-apricot-banana-yoghurt",
        "imgName": "279909.jpg",
        "imgSrc": "https://cdn0.woolworths.media/content/wowproductimages/medium/279909.jpg",
        "name": "Calci Yum Kids Strawberry Apricot & Banana Yoghurt 12x95g",
        "price": 4.8,
        "unitPrice": "$0.42 / 100G"
    },
    {
        "category": "dairy-eggs-fridge",
        "href": "https://www.woolworths.com.au/shop/productdetails/335284/pauls-zymil-low-fat-milk",
        "imgName": "335284.jpg",
        "imgSrc": "https://cdn0.woolworths.media/content/wowproductimages/medium/335284.jpg",
        "name": "Pauls Zymil Low Fat Milk 2l",
        "price": 4.95,
        "unitPrice": "$2.48 / 1L"
    },
    {
        "category": "dairy-eggs-fridge",
        "href": "https://www.woolworths.com.au/shop/productdetails/425228/woolworths-sweet-sour-chicken",
        "imgName": "425228.jpg",
        "imgSrc": "https://cdn0.woolworths.media/content/wowproductimages/medium/425228.jpg",
        "name": "Woolworths Sweet & Sour Chicken  350g",
        "price": 7.49,
        "unitPrice": "$2.14 / 100G"
    },
    {
        "category": "dairy-eggs-fridge",
        "href": "https://www.woolworths.com.au/shop/productdetails/539081/chris-dips-avocado",
        "imgName": "539081.jpg",
        "imgSrc": "https://cdn0.woolworths.media/content/wowproductimages/medium/539081.jpg",
        "name": "Chris' Dips Avocado  100g",
        "price": 2.3,
        "unitPrice": "$2.30 / 100G"
    },
    {
        "category": "dairy-eggs-fridge",
        "href": "https://www.woolworths.com.au/shop/productdetails/553910/pauls-smarter-white-protein",
        "imgName": "553910.jpg",
        "imgSrc": "https://cdn0.woolworths.media/content/wowproductimages/medium/553910.jpg",
        "name": "Pauls Smarter White Protein  2l",
        "price": 3.65,
        "unitPrice": "$1.83 / 1L"
    },
    {
        "category": "dairy-eggs-fridge",
        "href": "https://www.woolworths.com.au/shop/productdetails/779130/woolworths-select-soy-milk",
        "imgName": "779130.jpg",
        "imgSrc": "https://cdn0.woolworths.media/content/wowproductimages/medium/779130.jpg",
        "name": "Woolworths Select Soy Milk 1l",
        "price": 1.15,
        "unitPrice": "$1.15 / 1L"
    },
    {
        "category": "dairy-eggs-fridge",
        "href": "https://www.woolworths.com.au/shop/productdetails/48023/supafry-solid-oil",
        "imgName": "048023.jpg",
        "imgSrc": "https://cdn0.woolworths.media/content/wowproductimages/medium/048023.jpg",
        "name": "Supafry Solid Oil  500g",
        "price": 3,
        "unitPrice": "$0.60 / 100G"
    },
    {
        "category": "dairy-eggs-fridge",
        "href": "https://www.woolworths.com.au/shop/productdetails/46264/nestle-milo-energy-snack",
        "imgName": "046264.jpg",
        "imgSrc": "https://cdn0.woolworths.media/content/wowproductimages/medium/046264.jpg",
        "name": "Nestle Milo Energy Snack 12x100g",
        "price": 5,
        "unitPrice": "$0.42 / 100G"
    },
    {
        "category": "dairy-eggs-fridge",
        "href": "https://www.woolworths.com.au/shop/productdetails/56731/bonsoy-organic-long-life-soy-milk",
        "imgName": "056731.jpg",
        "imgSrc": "https://cdn0.woolworths.media/content/wowproductimages/medium/056731.jpg",
        "name": "Bonsoy Organic Long Life Soy Milk 1l",
        "price": 4.8,
        "unitPrice": "$4.80 / 1L"
    },
    {
        "category": "dairy-eggs-fridge",
        "href": "https://www.woolworths.com.au/shop/productdetails/184379/woolworths-hokkien-noodles",
        "imgName": "184379.jpg",
        "imgSrc": "https://cdn0.woolworths.media/content/wowproductimages/medium/184379.jpg",
        "name": "Woolworths Hokkien Noodles 500g",
        "price": 2,
        "unitPrice": "$0.40 / 100G"
    },
    {
        "category": "dairy-eggs-fridge",
        "href": "https://www.woolworths.com.au/shop/productdetails/183750/eco-free-range-eggs",
        "imgName": "183750.jpg",
        "imgSrc": "https://cdn0.woolworths.media/content/wowproductimages/medium/183750.jpg",
        "name": "Eco Free Range Eggs 10pk 550g",
        "price": 6.95,
        "unitPrice": "$1.26 / 100G"
    },
    {
        "category": "dairy-eggs-fridge",
        "href": "https://www.woolworths.com.au/shop/productdetails/230383/liddells-lactose-free-lite-cream-thickened-long-life",
        "imgName": "230383.jpg",
        "imgSrc": "https://cdn0.woolworths.media/content/wowproductimages/medium/230383.jpg",
        "name": "Liddells Lactose Free Lite Cream Thickened Long Life 250ml",
        "price": 1.75,
        "unitPrice": "$7.00 / 1L"
    },
    {
        "category": "dairy-eggs-fridge",
        "href": "https://www.woolworths.com.au/shop/productdetails/178441/tamar-valley-no-fat-natural-yoghurt",
        "imgName": "178441.jpg",
        "imgSrc": "https://cdn0.woolworths.media/content/wowproductimages/medium/178441.jpg",
        "name": "Tamar Valley No Fat Natural Yoghurt 500g",
        "price": 3.7,
        "unitPrice": "$0.74 / 100G"
    },
    {
        "category": "dairy-eggs-fridge",
        "href": "https://www.woolworths.com.au/shop/productdetails/208080/riverina-reduced-fat-milk",
        "imgName": "208080.jpg",
        "imgSrc": "https://cdn0.woolworths.media/content/wowproductimages/medium/208080.jpg",
        "name": "Riverina Reduced Fat Milk 2l",
        "price": 3,
        "unitPrice": "$1.50 / 1L"
    },
    {
        "category": "dairy-eggs-fridge",
        "href": "https://www.woolworths.com.au/shop/productdetails/205020/soy-life-vanilla-creme-fat-free-yoghurt",
        "imgName": "205020.jpg",
        "imgSrc": "https://cdn0.woolworths.media/content/wowproductimages/medium/205020.jpg",
        "name": "Soy Life Vanilla Creme Fat Free Yoghurt 2x175g",
        "price": 3.6,
        "unitPrice": "$1.03 / 100G"
    },
    {
        "category": "dairy-eggs-fridge",
        "href": "https://www.woolworths.com.au/shop/productdetails/212840/vitasoy-soy-milky-regular",
        "imgName": "212840.jpg",
        "imgSrc": "https://cdn0.woolworths.media/content/wowproductimages/medium/212840.jpg",
        "name": "Vitasoy Soy Milky Regular 1l",
        "price": 2.5,
        "unitPrice": "$2.50 / 1L"
    },
    {
        "category": "dairy-eggs-fridge",
        "href": "https://www.woolworths.com.au/shop/productdetails/246991/vaalia-lactose-free-vanilla-yoghurt",
        "imgName": "246991.jpg",
        "imgSrc": "https://cdn0.woolworths.media/content/wowproductimages/medium/246991.jpg",
        "name": "Vaalia Lactose Free Vanilla Yoghurt 2x175g",
        "price": 3.9,
        "unitPrice": "$1.11 / 100G"
    },
    {
        "category": "dairy-eggs-fridge",
        "href": "https://www.woolworths.com.au/shop/productdetails/258619/yoplait-le-rice-pudding-apple-cinnamon",
        "imgName": "258619.jpg",
        "imgSrc": "https://cdn0.woolworths.media/content/wowproductimages/medium/258619.jpg",
        "name": "Yoplait Le Rice Pudding Apple Cinnamon 2x150g",
        "price": 3.3,
        "unitPrice": "$1.10 / 100G"
    },
    {
        "category": "dairy-eggs-fridge",
        "href": "https://www.woolworths.com.au/shop/productdetails/294516/la-famiglia-garlic-bread-entertainer-slices",
        "imgName": "294516.jpg",
        "imgSrc": "https://cdn0.woolworths.media/content/wowproductimages/medium/294516.jpg",
        "name": "La Famiglia Garlic Bread Entertainer Slices 450g",
        "price": 6.75,
        "unitPrice": "$1.50 / 100G"
    },
    {
        "category": "dairy-eggs-fridge",
        "href": "https://www.woolworths.com.au/shop/productdetails/226581/nevana-pizza-base",
        "imgName": "226581.jpg",
        "imgSrc": "https://cdn0.woolworths.media/content/wowproductimages/medium/226581.jpg",
        "name": "Nevana Pizza Base  12pk 700g",
        "price": 4.9,
        "unitPrice": "$0.70 / 100G"
    },
    {
        "category": "dairy-eggs-fridge",
        "href": "https://www.woolworths.com.au/shop/productdetails/248197/uncle-tobys-le-snak-tasty-cheese-dip-crackers",
        "imgName": "248197.jpg",
        "imgSrc": "https://cdn0.woolworths.media/content/wowproductimages/medium/248197.jpg",
        "name": "Uncle Tobys Le Snak Tasty Cheese Dip & Crackers 12pk 264g",
        "price": 7.6,
        "unitPrice": "$2.88 / 100G"
    },
    {
        "category": "dairy-eggs-fridge",
        "href": "https://www.woolworths.com.au/shop/productdetails/261178/pauls-zymil-lactose-free-full-cream-milk",
        "imgName": "261178.jpg",
        "imgSrc": "https://cdn0.woolworths.media/content/wowproductimages/medium/261178.jpg",
        "name": "Pauls Zymil Lactose Free Full Cream Milk 1l",
        "price": 2.7,
        "unitPrice": "$2.70 / 1L"
    },
    {
        "category": "dairy-eggs-fridge",
        "href": "https://www.woolworths.com.au/shop/productdetails/281853/lurpak-lighter-blend-butter",
        "imgName": "281853.jpg",
        "imgSrc": "https://cdn0.woolworths.media/content/wowproductimages/medium/281853.jpg",
        "name": "Lurpak Lighter Blend Butter 250g",
        "price": 6,
        "unitPrice": "$2.40 / 100G"
    },
    {
        "category": "dairy-eggs-fridge",
        "href": "https://www.woolworths.com.au/shop/productdetails/318331/pauls-pure-organic-full-cream-homogenised-milk",
        "imgName": "318331.jpg",
        "imgSrc": "https://cdn0.woolworths.media/content/wowproductimages/medium/318331.jpg",
        "name": "Pauls Pure Organic Full Cream Homogenised Milk 2l",
        "price": 5.45,
        "unitPrice": "$2.73 / 1L"
    },
    {
        "category": "dairy-eggs-fridge",
        "href": "https://www.woolworths.com.au/shop/productdetails/425302/woolworths-mongolian-beef",
        "imgName": "425302.jpg",
        "imgSrc": "https://cdn0.woolworths.media/content/wowproductimages/medium/425302.jpg",
        "name": "Woolworths Mongolian Beef  350g",
        "price": 7.49,
        "unitPrice": "$2.14 / 100G"
    },
    {
        "category": "dairy-eggs-fridge",
        "href": "https://www.woolworths.com.au/shop/productdetails/454669/latina-fresh-carbonara-spaghetti",
        "imgName": "454669.jpg",
        "imgSrc": "https://cdn0.woolworths.media/content/wowproductimages/medium/454669.jpg",
        "name": "Latina Fresh Carbonara Spaghetti 350g",
        "price": 7.5,
        "unitPrice": "$2.14 / 100G"
    },
    {
        "category": "dairy-eggs-fridge",
        "href": "https://www.woolworths.com.au/shop/productdetails/481884/oak-strawberry-milk",
        "imgName": "481884.jpg",
        "imgSrc": "https://cdn0.woolworths.media/content/wowproductimages/medium/481884.jpg",
        "name": "Oak Strawberry Milk  2l",
        "price": 4,
        "unitPrice": "$2.00 / 1L"
    },
    {
        "category": "dairy-eggs-fridge",
        "href": "https://www.woolworths.com.au/shop/productdetails/504795/woolworths-satay-chicken-with-rice",
        "imgName": "504795.jpg",
        "imgSrc": "https://cdn0.woolworths.media/content/wowproductimages/medium/504795.jpg",
        "name": "Woolworths Satay Chicken With Rice 350g",
        "price": 7.49,
        "unitPrice": "$2.14 / 100G"
    },
    {
        "category": "dairy-eggs-fridge",
        "href": "https://www.woolworths.com.au/shop/productdetails/539080/chris-dips-corn-relish",
        "imgName": "539080.jpg",
        "imgSrc": "https://cdn0.woolworths.media/content/wowproductimages/medium/539080.jpg",
        "name": "Chris' Dips Corn Relish  100g",
        "price": 2.3,
        "unitPrice": "$2.30 / 100G"
    },
    {
        "category": "dairy-eggs-fridge",
        "href": "https://www.woolworths.com.au/shop/productdetails/649300/woolworths-skyr-natural-yoghurt",
        "imgName": "649300.jpg",
        "imgSrc": "https://cdn0.woolworths.media/content/wowproductimages/medium/649300.jpg",
        "name": "Woolworths Skyr Natural Yoghurt 700g",
        "price": 6,
        "unitPrice": "$0.86 / 100G"
    },
    {
        "category": "dairy-eggs-fridge",
        "href": "https://www.woolworths.com.au/shop/productdetails/638248/woolworths-garlic-loaf",
        "imgName": "638248.jpg",
        "imgSrc": "https://cdn0.woolworths.media/content/wowproductimages/medium/638248.jpg",
        "name": "Woolworths Garlic Loaf  400g",
        "price": 2.9,
        "unitPrice": "$0.73 / 100G"
    },
    {
        "category": "dairy-eggs-fridge",
        "href": "https://www.woolworths.com.au/shop/productdetails/601929/latina-fresh-ready-meals-beef-bolognese",
        "imgName": "601929.jpg",
        "imgSrc": "https://cdn0.woolworths.media/content/wowproductimages/medium/601929.jpg",
        "name": "Latina Fresh Ready Meals Beef Bolognese  1.4kg",
        "price": 18.9,
        "unitPrice": "$1.35 / 100G"
    },
    {
        "category": "dairy-eggs-fridge",
        "href": "https://www.woolworths.com.au/shop/productdetails/717747/yoplait-low-fat-yoghurt-classics",
        "imgName": "717747.jpg",
        "imgSrc": "https://cdn0.woolworths.media/content/wowproductimages/medium/717747.jpg",
        "name": "Yoplait Low Fat Yoghurt Classics 6x175g",
        "price": 5,
        "unitPrice": "$0.48 / 100G"
    },
    {
        "category": "dairy-eggs-fridge",
        "href": "https://www.woolworths.com.au/shop/productdetails/715111/puregg-simply-egg-whites",
        "imgName": "715111.jpg",
        "imgSrc": "https://cdn0.woolworths.media/content/wowproductimages/medium/715111.jpg",
        "name": "Puregg Simply Egg Whites  500ml",
        "price": 4.99,
        "unitPrice": "$9.98 / 1L"
    },
    {
        "category": "dairy-eggs-fridge",
        "href": "https://www.woolworths.com.au/shop/productdetails/611885/chobani-flip-greek-yoghurt-choc-haze-craze",
        "imgName": "611885.jpg",
        "imgSrc": "https://cdn0.woolworths.media/content/wowproductimages/medium/611885.jpg",
        "name": "Chobani Flip Greek Yoghurt Choc Haze Craze 140g",
        "price": 3,
        "unitPrice": "$2.14 / 100G"
    },
    {
        "category": "dairy-eggs-fridge",
        "href": "https://www.woolworths.com.au/shop/productdetails/651555/signature-ash-brie-cheese-wedge",
        "imgName": "651555.jpg",
        "imgSrc": "https://cdn0.woolworths.media/content/wowproductimages/medium/651555.jpg",
        "name": "Signature Ash Brie Cheese Wedge 100g",
        "price": 4.5,
        "unitPrice": "$45.00 / 1KG"
    },
    {
        "category": "dairy-eggs-fridge",
        "href": "https://www.woolworths.com.au/shop/productdetails/665845/raw-c-coconut-milk-coffee",
        "imgName": "665845.jpg",
        "imgSrc": "https://cdn0.woolworths.media/content/wowproductimages/medium/665845.jpg",
        "name": "Raw C Coconut Milk Coffee 300ml",
        "price": 3,
        "unitPrice": "$10.00 / 1L"
    },
    {
        "category": "dairy-eggs-fridge",
        "href": "https://www.woolworths.com.au/shop/productdetails/741735/yoplait-low-fat-yoghurt-berry",
        "imgName": "741735.jpg",
        "imgSrc": "https://cdn0.woolworths.media/content/wowproductimages/medium/741735.jpg",
        "name": "Yoplait Low Fat Yoghurt Berry 6x175g",
        "price": 5,
        "unitPrice": "$0.48 / 100G"
    },
    {
        "category": "dairy-eggs-fridge",
        "href": "https://www.woolworths.com.au/shop/productdetails/769404/dairyworks-colby-cheese-rice-crackers",
        "imgName": "769404.jpg",
        "imgSrc": "https://cdn0.woolworths.media/content/wowproductimages/medium/769404.jpg",
        "name": "Dairyworks Colby Cheese & Rice Crackers 4x120g",
        "price": 5,
        "unitPrice": "$41.67 / 1KG"
    },
    {
        "category": "dairy-eggs-fridge",
        "href": "https://www.woolworths.com.au/shop/productdetails/786817/farmers-own-unhomogenised-full-cream-milk",
        "imgName": "786817.jpg",
        "imgSrc": "https://cdn0.woolworths.media/content/wowproductimages/medium/786817.jpg",
        "name": "Farmers' Own Unhomogenised Full Cream Milk 3l",
        "price": 4.5,
        "unitPrice": "$1.50 / 1L"
    },
    {
        "category": "dairy-eggs-fridge",
        "href": "https://www.woolworths.com.au/shop/productdetails/860799/simmone-logue-chicken-leek-pie-2pk",
        "imgName": "860799.jpg",
        "imgSrc": "https://cdn0.woolworths.media/content/wowproductimages/medium/860799.jpg",
        "name": "Simmone Logue Chicken & Leek Pie 2pk 400g",
        "price": 9.99,
        "unitPrice": "$2.27 / 100G"
    },
    {
        "category": "dairy-eggs-fridge",
        "href": "https://www.woolworths.com.au/shop/productdetails/954449/julian-s-pizza-base-11-inch-gluten-free",
        "imgName": "954449.jpg",
        "imgSrc": "https://cdn0.woolworths.media/content/wowproductimages/medium/954449.jpg",
        "name": "Julian's Pizza Base 11 Inch Gluten Free 260g",
        "price": 4.99,
        "unitPrice": "$1.92 / 100G"
    },
    {
        "category": "dairy-eggs-fridge",
        "href": "https://www.woolworths.com.au/shop/productdetails/931436/nudie-coconut-yoghurt-natural",
        "imgName": "931436.jpg",
        "imgSrc": "https://cdn0.woolworths.media/content/wowproductimages/medium/931436.jpg",
        "name": "Nudie Coconut Yoghurt Natural  500g",
        "price": 7,
        "unitPrice": "$1.40 / 100G"
    },
    {
        "category": "dairy-eggs-fridge",
        "href": "https://www.woolworths.com.au/shop/productdetails/827221/woolworths-penne-boscaiola",
        "imgName": "827221.jpg",
        "imgSrc": "https://cdn0.woolworths.media/content/wowproductimages/medium/827221.jpg",
        "name": "Woolworths Penne Boscaiola  350g",
        "price": 7.99,
        "unitPrice": "$2.28 / 100G"
    },
    {
        "category": "dairy-eggs-fridge",
        "href": "https://www.woolworths.com.au/shop/productdetails/90000571/dinner-for-2-ricotta-roast-veggie-napoli-tortellini-garlic-bread-bundle",
        "imgName": "90000571.jpg",
        "imgSrc": "https://cdn0.woolworths.media/content/wowproductimages/medium/90000571.jpg",
        "name": "Dinner For 2, Ricotta & Roast Veggie Napoli Tortellini & Garlic Bread Bundle",
        "price": 14
    }
]