[
    {
        "category": "drinks",
        "href": "https://www.woolworths.com.au/shop/productdetails/668286/boost-strawberry-squeeze-smoothie",
        "imgName": "668286.jpg",
        "imgSrc": "https://cdn0.woolworths.media/content/wowproductimages/medium/668286.jpg",
        "name": "Boost Strawberry Squeeze Smoothie 1l",
        "price": 5.5,
        "unitPrice": "$5.50 / 1L"
    },
    {
        "category": "drinks",
        "href": "https://www.woolworths.com.au/shop/productdetails/641607/santa-vittoria-green-iced-tea",
        "imgName": "641607.jpg",
        "imgSrc": "https://cdn0.woolworths.media/content/wowproductimages/medium/641607.jpg",
        "name": "Santa Vittoria Green Iced Tea 4x200ml",
        "price": 5.6,
        "unitPrice": "$0.70 / 100ML"
    },
    {
        "category": "drinks",
        "href": "https://www.woolworths.com.au/shop/productdetails/852937/jarrah-mint-drinking-chocolate-sachets",
        "imgName": "852937.jpg",
        "imgSrc": "https://cdn0.woolworths.media/content/wowproductimages/medium/852937.jpg",
        "name": "Jarrah Mint Drinking Chocolate Sachets 10pk 140g",
        "price": 5.3,
        "unitPrice": "$3.79 / 100G"
    },
    {
        "category": "drinks",
        "href": "https://www.woolworths.com.au/shop/productdetails/574871/bickfords-cordial-pink-grape-fruit",
        "imgName": "574871.jpg",
        "imgSrc": "https://cdn0.woolworths.media/content/wowproductimages/medium/574871.jpg",
        "name": "Bickfords Cordial Pink Grape Fruit 750ml",
        "price": 4,
        "unitPrice": "$5.33 / 1L"
    },
    {
        "category": "drinks",
        "href": "https://www.woolworths.com.au/shop/productdetails/617040/the-juice-lab-rise-shine-pressed-juice",
        "imgName": "617040.jpg",
        "imgSrc": "https://cdn0.woolworths.media/content/wowproductimages/medium/617040.jpg",
        "name": "The Juice Lab Rise & Shine Pressed Juice 900ml",
        "price": 7.5,
        "unitPrice": "$8.33 / 1L"
    },
    {
        "category": "drinks",
        "href": "https://www.woolworths.com.au/shop/productdetails/531022/cascade-tonic-water-bottle",
        "imgName": "531022.jpg",
        "imgSrc": "https://cdn0.woolworths.media/content/wowproductimages/medium/531022.jpg",
        "name": "Cascade Tonic Water Bottle 850ml",
        "price": 1.9
    },
    {
        "category": "drinks",
        "href": "https://www.woolworths.com.au/shop/productdetails/629052/impressed-cold-pressed-jack-rose-juice",
        "imgName": "629052.jpg",
        "imgSrc": "https://cdn0.woolworths.media/content/wowproductimages/medium/629052.jpg",
        "name": "Impressed Cold Pressed Jack Rose Juice 325ml",
        "price": 3.65,
        "unitPrice": "$11.23 / 1L"
    },
    {
        "category": "drinks",
        "href": "https://www.woolworths.com.au/shop/productdetails/531042/cascade-dry-ginger-ale-bottle",
        "imgName": "531042.jpg",
        "imgSrc": "https://cdn0.woolworths.media/content/wowproductimages/medium/531042.jpg",
        "name": "Cascade Dry Ginger Ale Bottle 850ml",
        "price": 1.9
    },
    {
        "category": "drinks",
        "href": "https://www.woolworths.com.au/shop/productdetails/617043/the-juice-lab-gimme-green-pressed-juice",
        "imgName": "617043.jpg",
        "imgSrc": "https://cdn0.woolworths.media/content/wowproductimages/medium/617043.jpg",
        "name": "The Juice Lab Gimme Green Pressed Juice 900ml",
        "price": 7.5,
        "unitPrice": "$8.33 / 1L"
    },
    {
        "category": "drinks",
        "href": "https://www.woolworths.com.au/shop/productdetails/852938/jarrah-salted-caramel-hot-chocolate",
        "imgName": "852938.jpg",
        "imgSrc": "https://cdn0.woolworths.media/content/wowproductimages/medium/852938.jpg",
        "name": "Jarrah Salted Caramel Hot Chocolate 275g",
        "price": 7,
        "unitPrice": "$2.55 / 100G"
    },
    {
        "category": "drinks",
        "href": "https://www.woolworths.com.au/shop/productdetails/617015/the-juice-lab-chill-out-smoothie",
        "imgName": "617015.jpg",
        "imgSrc": "https://cdn0.woolworths.media/content/wowproductimages/medium/617015.jpg",
        "name": "The Juice Lab Chill Out Smoothie 350ml",
        "price": 4,
        "unitPrice": "$11.43 / 1L"
    },
    {
        "category": "drinks",
        "href": "https://www.woolworths.com.au/shop/productdetails/619371/ovaltine-chocolate-lasting-energy",
        "imgName": "619371.jpg",
        "imgSrc": "https://cdn0.woolworths.media/content/wowproductimages/medium/619371.jpg",
        "name": "Ovaltine Chocolate Lasting Energy 415g",
        "price": 5,
        "unitPrice": "$1.20 / 100G"
    },
    {
        "category": "drinks",
        "href": "https://www.woolworths.com.au/shop/productdetails/786549/golden-circle-mango-nectar",
        "imgName": "786549.jpg",
        "imgSrc": "https://cdn0.woolworths.media/content/wowproductimages/medium/786549.jpg",
        "name": "Golden Circle Mango Nectar  1l",
        "price": 3,
        "unitPrice": "$3.00 / 1L"
    },
    {
        "category": "drinks",
        "href": "https://www.woolworths.com.au/shop/productdetails/620083/jiva-banana-mango-juice",
        "imgName": "620083.jpg",
        "imgSrc": "https://cdn0.woolworths.media/content/wowproductimages/medium/620083.jpg",
        "name": "Jiva Banana Mango Juice 300ml",
        "price": 3.05,
        "unitPrice": "$10.17 / 1L"
    },
    {
        "category": "drinks",
        "href": "https://www.woolworths.com.au/shop/productdetails/244980/coca-cola-zero",
        "imgName": "244980.jpg",
        "imgSrc": "https://cdn0.woolworths.media/content/wowproductimages/medium/244980.jpg",
        "name": "Coca Cola Zero  1.25l",
        "price": 1.65,
        "unitPrice": "$1.32 / 1L"
    },
    {
        "category": "drinks",
        "href": "https://www.woolworths.com.au/shop/productdetails/208575/moccona-freeze-dried-instant-coffee-classic-medium-roast",
        "imgName": "208575.jpg",
        "imgSrc": "https://cdn0.woolworths.media/content/wowproductimages/medium/208575.jpg",
        "name": "Moccona Freeze Dried Instant Coffee Classic Medium Roast 400g",
        "price": 24,
        "unitPrice": "$6.00 / 100G"
    },
    {
        "category": "drinks",
        "href": "https://www.woolworths.com.au/shop/productdetails/54291/pepsi-max-cans",
        "imgName": "054291.jpg",
        "imgSrc": "https://cdn0.woolworths.media/content/wowproductimages/medium/054291.jpg",
        "name": "Pepsi Max Cans 24x375ml",
        "price": 24.3,
        "unitPrice": "$2.70 / 1L"
    },
    {
        "category": "drinks",
        "href": "https://www.woolworths.com.au/shop/productdetails/219582/frantelle-still-spring-water",
        "imgName": "219582.jpg",
        "imgSrc": "https://cdn0.woolworths.media/content/wowproductimages/medium/219582.jpg",
        "name": "Frantelle Still Spring Water 24x600ml",
        "price": 15,
        "unitPrice": "$1.04 / 1L"
    },
    {
        "category": "drinks",
        "href": "https://www.woolworths.com.au/shop/productdetails/696782/woolworths-spring-water",
        "imgName": "696782.jpg",
        "imgSrc": "https://cdn0.woolworths.media/content/wowproductimages/medium/696782.jpg",
        "name": "Woolworths Spring Water  24x600ml pack",
        "price": 8.4,
        "unitPrice": "$0.58 / 1L"
    },
    {
        "category": "drinks",
        "href": "https://www.woolworths.com.au/shop/productdetails/341164/moccona-freeze-dried-instant-coffee-mocha-kenya-style",
        "imgName": "341164.jpg",
        "imgSrc": "https://cdn0.woolworths.media/content/wowproductimages/medium/341164.jpg",
        "name": "Moccona Freeze Dried Instant Coffee Mocha Kenya Style 200g",
        "price": 18.3,
        "unitPrice": "$9.15 / 100G"
    },
    {
        "category": "drinks",
        "href": "https://www.woolworths.com.au/shop/productdetails/341166/moccona-freeze-dried-instant-coffee-espresso-style",
        "imgName": "341166.jpg",
        "imgSrc": "https://cdn0.woolworths.media/content/wowproductimages/medium/341166.jpg",
        "name": "Moccona Freeze Dried Instant Coffee Espresso Style 200g",
        "price": 18.3,
        "unitPrice": "$9.15 / 100G"
    },
    {
        "category": "drinks",
        "href": "https://www.woolworths.com.au/shop/productdetails/608595/nudie-nothing-but-9-veg-green",
        "imgName": "608595.jpg",
        "imgSrc": "https://cdn0.woolworths.media/content/wowproductimages/medium/608595.jpg",
        "name": "Nudie Nothing But 9 Veg Green 1l",
        "price": 5,
        "unitPrice": "$5.00 / 1L"
    },
    {
        "category": "drinks",
        "href": "https://www.woolworths.com.au/shop/productdetails/608608/nudie-nothing-but-9-veg-tomato",
        "imgName": "608608.jpg",
        "imgSrc": "https://cdn0.woolworths.media/content/wowproductimages/medium/608608.jpg",
        "name": "Nudie Nothing But 9 Veg Tomato 1l",
        "price": 5,
        "unitPrice": "$5.00 / 1L"
    },
    {
        "category": "drinks",
        "href": "https://www.woolworths.com.au/shop/productdetails/285416/evian-spring-still-water",
        "imgName": "285416.jpg",
        "imgSrc": "https://cdn0.woolworths.media/content/wowproductimages/medium/285416.jpg",
        "name": "Evian Spring Still Water  750ml",
        "price": 3.1,
        "unitPrice": "$4.13 / 1L"
    },
    {
        "category": "drinks",
        "href": "https://www.woolworths.com.au/shop/productdetails/347032/woolworths-select-instant-coffee-colombian-gold",
        "imgName": "347032.jpg",
        "imgSrc": "https://cdn0.woolworths.media/content/wowproductimages/medium/347032.jpg",
        "name": "Woolworths Select Instant Coffee Colombian Gold 100g",
        "price": 4,
        "unitPrice": "$4.00 / 100G"
    },
    {
        "category": "drinks",
        "href": "https://www.woolworths.com.au/shop/productdetails/382411/voss-still-water",
        "imgName": "382411.jpg",
        "imgSrc": "https://cdn0.woolworths.media/content/wowproductimages/medium/382411.jpg",
        "name": "Voss Still Water 800ml",
        "price": 5.15,
        "unitPrice": "$6.44 / 1L"
    },
    {
        "category": "drinks",
        "href": "https://www.woolworths.com.au/shop/productdetails/309910/charlie-s-quencher-honest-lemonade",
        "imgName": "309910.jpg",
        "imgSrc": "https://cdn0.woolworths.media/content/wowproductimages/medium/309910.jpg",
        "name": "Charlie's Quencher Honest Lemonade 500ml",
        "price": 3.95,
        "unitPrice": "$7.90 / 1L"
    },
    {
        "category": "drinks",
        "href": "https://www.woolworths.com.au/shop/productdetails/195827/v-with-guarana-sugar-free",
        "imgName": "195827.jpg",
        "imgSrc": "https://cdn0.woolworths.media/content/wowproductimages/medium/195827.jpg",
        "name": "V With Guarana Sugar Free 250ml",
        "price": 2.8,
        "unitPrice": "$11.20 / 1L"
    },
    {
        "category": "drinks",
        "href": "https://www.woolworths.com.au/shop/productdetails/791152/twinings-orange-cinnamon-tea",
        "imgName": "791152.jpg",
        "imgSrc": "https://cdn0.woolworths.media/content/wowproductimages/medium/791152.jpg",
        "name": "Twinings Orange & Cinnamon Tea 10pk",
        "price": 2.7,
        "unitPrice": "$13.50 / 100G"
    },
    {
        "category": "drinks",
        "href": "https://www.woolworths.com.au/shop/productdetails/800023/vittoria-coffee-nespresso-compatible-espresso-coffee-capsules",
        "imgName": "800023.jpg",
        "imgSrc": "https://cdn0.woolworths.media/content/wowproductimages/medium/800023.jpg",
        "name": "Vittoria Coffee Nespresso Compatible Espresso Coffee Capsules 10pk",
        "price": 7,
        "unitPrice": "$0.70 / 1EA"
    },
    {
        "category": "drinks",
        "href": "https://www.woolworths.com.au/shop/productdetails/732545/moccona-freeze-dried-instant-coffee-hazelnut",
        "imgName": "732545.jpg",
        "imgSrc": "https://cdn0.woolworths.media/content/wowproductimages/medium/732545.jpg",
        "name": "Moccona Freeze Dried Instant Coffee Hazelnut 95g",
        "price": 10,
        "unitPrice": "$10.53 / 100G"
    },
    {
        "category": "drinks",
        "href": "https://www.woolworths.com.au/shop/productdetails/445576/essentials-fruit-drink-apple",
        "imgName": "445576.jpg",
        "imgSrc": "https://cdn0.woolworths.media/content/wowproductimages/medium/445576.jpg",
        "name": "Essentials Fruit Drink Apple 3l",
        "price": 2.95,
        "unitPrice": "$0.98 / 1L"
    },
    {
        "category": "drinks",
        "href": "https://www.woolworths.com.au/shop/productdetails/740008/nudie-nothing-but-beetroot-carrot-pine-mint",
        "imgName": "740008.jpg",
        "imgSrc": "https://cdn0.woolworths.media/content/wowproductimages/medium/740008.jpg",
        "name": "Nudie Nothing But Beetroot Carrot Pine & Mint 1l",
        "price": 4.5,
        "unitPrice": "$4.50 / 1L"
    },
    {
        "category": "drinks",
        "href": "https://www.woolworths.com.au/shop/productdetails/326720/nerada-organic-lemon-ginger-tea-bags",
        "imgName": "326720.jpg",
        "imgSrc": "https://cdn0.woolworths.media/content/wowproductimages/medium/326720.jpg",
        "name": "Nerada Organic Lemon & Ginger Tea Bags 40pk 60g",
        "price": 5,
        "unitPrice": "$8.33 / 100G"
    },
    {
        "category": "drinks",
        "href": "https://www.woolworths.com.au/shop/productdetails/264715/bickfords-peach-tea-cordial",
        "imgName": "264715.jpg",
        "imgSrc": "https://cdn0.woolworths.media/content/wowproductimages/medium/264715.jpg",
        "name": "Bickfords Peach Tea Cordial 750ml",
        "price": 4,
        "unitPrice": "$5.33 / 1L"
    },
    {
        "category": "drinks",
        "href": "https://www.woolworths.com.au/shop/productdetails/308154/la-ice-maxi-cola-bottle",
        "imgName": "308154.jpg",
        "imgSrc": "https://cdn0.woolworths.media/content/wowproductimages/medium/308154.jpg",
        "name": "La Ice Maxi Cola Bottle 1.25l",
        "price": 1.15,
        "unitPrice": "$0.92 / 1L"
    },
    {
        "category": "drinks",
        "href": "https://www.woolworths.com.au/shop/productdetails/732562/moccona-freeze-dried-instant-coffee-caramel",
        "imgName": "732562.jpg",
        "imgSrc": "https://cdn0.woolworths.media/content/wowproductimages/medium/732562.jpg",
        "name": "Moccona Freeze Dried Instant Coffee Caramel 95g",
        "price": 10,
        "unitPrice": "$10.53 / 100G"
    },
    {
        "category": "drinks",
        "href": "https://www.woolworths.com.au/shop/productdetails/352145/bickfords-ginger-beer-cordial",
        "imgName": "352145.jpg",
        "imgSrc": "https://cdn0.woolworths.media/content/wowproductimages/medium/352145.jpg",
        "name": "Bickfords Ginger Beer Cordial 750ml",
        "price": 4,
        "unitPrice": "$5.33 / 1L"
    },
    {
        "category": "drinks",
        "href": "https://www.woolworths.com.au/shop/productdetails/45058/moccona-freeze-dried-instant-coffee-espresso",
        "imgName": "045058.jpg",
        "imgSrc": "https://cdn0.woolworths.media/content/wowproductimages/medium/045058.jpg",
        "name": "Moccona Freeze Dried Instant Coffee Espresso 400g",
        "price": 24,
        "unitPrice": "$6.00 / 100G"
    },
    {
        "category": "drinks",
        "href": "https://www.woolworths.com.au/shop/productdetails/313153/robert-timms-instant-coffee-espresso",
        "imgName": "313153.jpg",
        "imgSrc": "https://cdn0.woolworths.media/content/wowproductimages/medium/313153.jpg",
        "name": "Robert Timms Instant Coffee Espresso 200g",
        "price": 8,
        "unitPrice": "$4.00 / 100G"
    },
    {
        "category": "drinks",
        "href": "https://www.woolworths.com.au/shop/productdetails/207980/jarrah-hot-white-chocolate-sachets",
        "imgName": "207980.jpg",
        "imgSrc": "https://cdn0.woolworths.media/content/wowproductimages/medium/207980.jpg",
        "name": "Jarrah Hot White Chocolate Sachets 10pk",
        "price": 5.3,
        "unitPrice": "$3.79 / 100G"
    },
    {
        "category": "drinks",
        "href": "https://www.woolworths.com.au/shop/productdetails/423659/powerade-mountain-blast",
        "imgName": "423659.jpg",
        "imgSrc": "https://cdn0.woolworths.media/content/wowproductimages/medium/423659.jpg",
        "name": "Powerade Mountain Blast  1.5l",
        "price": 5.65,
        "unitPrice": "$3.77 / 1L"
    },
    {
        "category": "drinks",
        "href": "https://www.woolworths.com.au/shop/productdetails/700415/ya-coya-original-aloe-crush",
        "imgName": "700415.jpg",
        "imgSrc": "https://cdn0.woolworths.media/content/wowproductimages/medium/700415.jpg",
        "name": "Ya-coya Original Aloe Crush 1.5l",
        "price": 4.35,
        "unitPrice": "$2.90 / 1L"
    },
    {
        "category": "drinks",
        "href": "https://www.woolworths.com.au/shop/productdetails/729169/woolworths-apple-blackcurrant-juice",
        "imgName": "729169.jpg",
        "imgSrc": "https://cdn0.woolworths.media/content/wowproductimages/medium/729169.jpg",
        "name": "Woolworths Apple & Blackcurrant Juice 6x250ml",
        "price": 3,
        "unitPrice": "$2.00 / 1L"
    },
    {
        "category": "drinks",
        "href": "https://www.woolworths.com.au/shop/productdetails/953816/barista-bros-double-expresso",
        "imgName": "953816.jpg",
        "imgSrc": "https://cdn0.woolworths.media/content/wowproductimages/medium/953816.jpg",
        "name": "Barista Bros Double Expresso  500ml",
        "price": 3.15,
        "unitPrice": "$6.30 / 1L"
    },
    {
        "category": "drinks",
        "href": "https://www.woolworths.com.au/shop/productdetails/666350/ocean-spray-classic-cranberry-fruit-drink",
        "imgName": "666350.jpg",
        "imgSrc": "https://cdn0.woolworths.media/content/wowproductimages/medium/666350.jpg",
        "name": "Ocean Spray Classic Cranberry Fruit Drink 320ml",
        "price": 3.95,
        "unitPrice": "$12.34 / 1L"
    },
    {
        "category": "drinks",
        "href": "https://www.woolworths.com.au/shop/productdetails/46127/jarrah-hot-chocolate-sachets",
        "imgName": "046127.jpg",
        "imgSrc": "https://cdn0.woolworths.media/content/wowproductimages/medium/046127.jpg",
        "name": "Jarrah Hot Chocolate Sachets 10pk",
        "price": 5.3,
        "unitPrice": "$4.61 / 100G"
    },
    {
        "category": "drinks",
        "href": "https://www.woolworths.com.au/shop/productdetails/204032/ribena-blackcurrant",
        "imgName": "204032.jpg",
        "imgSrc": "https://cdn0.woolworths.media/content/wowproductimages/medium/204032.jpg",
        "name": "Ribena Blackcurrant  2.4l",
        "price": 4.6,
        "unitPrice": "$1.92 / 1L"
    },
    {
        "category": "drinks",
        "href": "https://www.woolworths.com.au/shop/productdetails/312108/nescafe-greenblend-instant-coffee-green-roasted",
        "imgName": "312108.jpg",
        "imgSrc": "https://cdn0.woolworths.media/content/wowproductimages/medium/312108.jpg",
        "name": "Nescafe Greenblend Instant Coffee Green & Roasted 100g",
        "price": 10.7,
        "unitPrice": "$10.70 / 100G"
    },
    {
        "category": "drinks",
        "href": "https://www.woolworths.com.au/shop/productdetails/629975/preshafruit-cold-pressed-juice-variety",
        "imgName": "629975.jpg",
        "imgSrc": "https://cdn0.woolworths.media/content/wowproductimages/medium/629975.jpg",
        "name": "Preshafruit Cold Pressed Juice Variety 4x145ml pack",
        "price": 6,
        "unitPrice": "$10.34 / 1L"
    },
    {
        "category": "drinks",
        "href": "https://www.woolworths.com.au/shop/productdetails/623034/coca-cola-no-sugar",
        "imgName": "623034.jpg",
        "imgSrc": "https://cdn0.woolworths.media/content/wowproductimages/medium/623034.jpg",
        "name": "Coca Cola No Sugar  1.25l",
        "price": 1.65,
        "unitPrice": "$1.32 / 1L"
    },
    {
        "category": "drinks",
        "href": "https://www.woolworths.com.au/shop/productdetails/258475/sipahh-variety-pack-milk-straws",
        "imgName": "258475.jpg",
        "imgSrc": "https://cdn0.woolworths.media/content/wowproductimages/medium/258475.jpg",
        "name": "Sipahh Variety Pack Milk Straws 5x18g",
        "price": 2.19,
        "unitPrice": "$0.44 / 1EA"
    },
    {
        "category": "drinks",
        "href": "https://www.woolworths.com.au/shop/productdetails/365186/powerade-gold-rush-flo-cap",
        "imgName": "365186.jpg",
        "imgSrc": "https://cdn0.woolworths.media/content/wowproductimages/medium/365186.jpg",
        "name": "Powerade Gold Rush Flo Cap 600ml",
        "price": 2.1,
        "unitPrice": "$3.50 / 1L"
    },
    {
        "category": "drinks",
        "href": "https://www.woolworths.com.au/shop/productdetails/325185/woolworths-essentials-apple-raspberry-cordial",
        "imgName": "325185.jpg",
        "imgSrc": "https://cdn0.woolworths.media/content/wowproductimages/medium/325185.jpg",
        "name": "Woolworths Essentials Apple & Raspberry Cordial 1l",
        "price": 2.5,
        "unitPrice": "$2.50 / 1L"
    },
    {
        "category": "drinks",
        "href": "https://www.woolworths.com.au/shop/productdetails/520218/charlies-lemonade-quencher-fresh-juice",
        "imgName": "520218.jpg",
        "imgSrc": "https://cdn0.woolworths.media/content/wowproductimages/medium/520218.jpg",
        "name": "Charlies Lemonade Quencher Fresh Juice 2l",
        "price": 5.55,
        "unitPrice": "$2.78 / 1L"
    },
    {
        "category": "drinks",
        "href": "https://www.woolworths.com.au/shop/productdetails/503111/woolworths-fruit-drink-35-tropical",
        "imgName": "503111.jpg",
        "imgSrc": "https://cdn0.woolworths.media/content/wowproductimages/medium/503111.jpg",
        "name": "Woolworths Fruit Drink 35% Tropical 6x250ml",
        "price": 2.75,
        "unitPrice": "$1.83 / 1L"
    },
    {
        "category": "drinks",
        "href": "https://www.woolworths.com.au/shop/productdetails/766172/berri-multi-v",
        "imgName": "766172.jpg",
        "imgSrc": "https://cdn0.woolworths.media/content/wowproductimages/medium/766172.jpg",
        "name": "Berri Multi V  2l",
        "price": 4.29,
        "unitPrice": "$2.15 / 1L"
    },
    {
        "category": "drinks",
        "href": "https://www.woolworths.com.au/shop/productdetails/749834/v8-low-sodium-vegetable-juice",
        "imgName": "749834.jpg",
        "imgSrc": "https://cdn0.woolworths.media/content/wowproductimages/medium/749834.jpg",
        "name": "V8 Low Sodium Vegetable Juice 1.25l",
        "price": 4.6,
        "unitPrice": "$3.68 / 1L"
    },
    {
        "category": "drinks",
        "href": "https://www.woolworths.com.au/shop/productdetails/887087/v8-apple-mango-fusion-juice",
        "imgName": "887087.jpg",
        "imgSrc": "https://cdn0.woolworths.media/content/wowproductimages/medium/887087.jpg",
        "name": "V8 Apple Mango Fusion Juice 1.25l",
        "price": 4.6,
        "unitPrice": "$3.68 / 1L"
    },
    {
        "category": "drinks",
        "href": "https://www.woolworths.com.au/shop/productdetails/784642/nudie-nothing-but-carrot-orange-apple-ginger",
        "imgName": "784642.jpg",
        "imgSrc": "https://cdn0.woolworths.media/content/wowproductimages/medium/784642.jpg",
        "name": "Nudie Nothing But Carrot, Orange, Apple & Ginger 2l",
        "price": 7,
        "unitPrice": "$3.50 / 1L"
    },
    {
        "category": "drinks",
        "href": "https://www.woolworths.com.au/shop/productdetails/789937/devondale-moo-strawberry-milk",
        "imgName": "789937.jpg",
        "imgSrc": "https://cdn0.woolworths.media/content/wowproductimages/medium/789937.jpg",
        "name": "Devondale Moo Strawberry Milk 6x200ml",
        "price": 4.9,
        "unitPrice": "$4.08 / 1L"
    },
    {
        "category": "drinks",
        "href": "https://www.woolworths.com.au/shop/productdetails/147003/australian-grown-pulp-free-orange-juice",
        "imgName": "147003.jpg",
        "imgSrc": "https://cdn0.woolworths.media/content/wowproductimages/medium/147003.jpg",
        "name": "Australian Grown Pulp Free Orange Juice 2l",
        "price": 7,
        "unitPrice": "$3.50 / 1L"
    },
    {
        "category": "drinks",
        "href": "https://www.woolworths.com.au/shop/productdetails/741137/sunraysia-organic-apple-100-juice",
        "imgName": "741137.jpg",
        "imgSrc": "https://cdn0.woolworths.media/content/wowproductimages/medium/741137.jpg",
        "name": "Sunraysia Organic Apple 100% Juice  200ml",
        "price": 1,
        "unitPrice": "$5.00 / 1L"
    },
    {
        "category": "drinks",
        "href": "https://www.woolworths.com.au/shop/productdetails/765676/sunraysia-prune-juice",
        "imgName": "765676.jpg",
        "imgSrc": "https://cdn0.woolworths.media/content/wowproductimages/medium/765676.jpg",
        "name": "Sunraysia Prune Juice 1l",
        "price": 6.8,
        "unitPrice": "$6.80 / 1L"
    },
    {
        "category": "drinks",
        "href": "https://www.woolworths.com.au/shop/productdetails/97410/gatorade-lemon-lime-sport-electrolyte-powder",
        "imgName": "097410.jpg",
        "imgSrc": "https://cdn0.woolworths.media/content/wowproductimages/medium/097410.jpg",
        "name": "Gatorade Lemon Lime Sport Electrolyte Powder 560g",
        "price": 10,
        "unitPrice": "$1.79 / 100G"
    },
    {
        "category": "drinks",
        "href": "https://www.woolworths.com.au/shop/productdetails/32748/golden-circle-pineapple-juice",
        "imgName": "032748.jpg",
        "imgSrc": "https://cdn0.woolworths.media/content/wowproductimages/medium/032748.jpg",
        "name": "Golden Circle Pineapple Juice 1l",
        "price": 2.4,
        "unitPrice": "$2.40 / 1L"
    },
    {
        "category": "drinks",
        "href": "https://www.woolworths.com.au/shop/productdetails/36298/bickfords-lime-cordial",
        "imgName": "036298.jpg",
        "imgSrc": "https://cdn0.woolworths.media/content/wowproductimages/medium/036298.jpg",
        "name": "Bickfords Lime Cordial 750ml",
        "price": 4,
        "unitPrice": "$5.33 / 1L"
    },
    {
        "category": "drinks",
        "href": "https://www.woolworths.com.au/shop/productdetails/39927/harris-filter-papers-4-6-cup-size-2",
        "imgName": "039927.jpg",
        "imgSrc": "https://cdn0.woolworths.media/content/wowproductimages/medium/039927.jpg",
        "name": "Harris Filter Papers 4-6 Cup Size 2 40pk",
        "price": 2.2,
        "unitPrice": "$0.06 / 1EA"
    },
    {
        "category": "drinks",
        "href": "https://www.woolworths.com.au/shop/productdetails/90901/ocean-spray-cran-raspberry-jucie-drink",
        "imgName": "090901.jpg",
        "imgSrc": "https://cdn0.woolworths.media/content/wowproductimages/medium/090901.jpg",
        "name": "Ocean Spray Cran Raspberry Jucie Drink 1.5l",
        "price": 3.95,
        "unitPrice": "$2.63 / 1L"
    },
    {
        "category": "drinks",
        "href": "https://www.woolworths.com.au/shop/productdetails/178571/australian-grown-apple-mango-100-juice",
        "imgName": "178571.jpg",
        "imgSrc": "https://cdn0.woolworths.media/content/wowproductimages/medium/178571.jpg",
        "name": "Australian Grown Apple & Mango 100% Juice 2l",
        "price": 7,
        "unitPrice": "$3.50 / 1L"
    },
    {
        "category": "drinks",
        "href": "https://www.woolworths.com.au/shop/productdetails/153622/pump-pure-still-water-bottle",
        "imgName": "153622.jpg",
        "imgSrc": "https://cdn0.woolworths.media/content/wowproductimages/medium/153622.jpg",
        "name": "Pump Pure Still Water Bottle 750ml",
        "price": 2.75,
        "unitPrice": "$3.67 / 1L"
    },
    {
        "category": "drinks",
        "href": "https://www.woolworths.com.au/shop/productdetails/212816/nestle-coffee-mate-coffee-flavouring-whitener",
        "imgName": "212816.jpg",
        "imgSrc": "https://cdn0.woolworths.media/content/wowproductimages/medium/212816.jpg",
        "name": "Nestle Coffee Mate Coffee Flavouring Whitener 400g",
        "price": 4,
        "unitPrice": "$1.00 / 100G"
    },
    {
        "category": "drinks",
        "href": "https://www.woolworths.com.au/shop/productdetails/346896/republica-organic-instant-coffee-100-pure-decaffeinated",
        "imgName": "346896.jpg",
        "imgSrc": "https://cdn0.woolworths.media/content/wowproductimages/medium/346896.jpg",
        "name": "Republica Organic Instant Coffee 100% Pure Decaffeinated 100g",
        "price": 11,
        "unitPrice": "$11.00 / 100G"
    },
    {
        "category": "drinks",
        "href": "https://www.woolworths.com.au/shop/productdetails/364296/monster-energy-drink",
        "imgName": "364296.jpg",
        "imgSrc": "https://cdn0.woolworths.media/content/wowproductimages/medium/364296.jpg",
        "name": "Monster Energy Drink  550ml",
        "price": 3.7,
        "unitPrice": "$6.73 / 1L"
    },
    {
        "category": "drinks",
        "href": "https://www.woolworths.com.au/shop/productdetails/405925/montague-sparkling-apple-juice",
        "imgName": "405925.jpg",
        "imgSrc": "https://cdn0.woolworths.media/content/wowproductimages/medium/405925.jpg",
        "name": "Montague Sparkling Apple Juice  4x300ml cans",
        "price": 8.4,
        "unitPrice": "$2.10 / 1EA"
    },
    {
        "category": "drinks",
        "href": "https://www.woolworths.com.au/shop/productdetails/477408/golden-circle-fruit-drink-cranberry",
        "imgName": "477408.jpg",
        "imgSrc": "https://cdn0.woolworths.media/content/wowproductimages/medium/477408.jpg",
        "name": "Golden Circle Fruit Drink Cranberry 1l",
        "price": 2.85,
        "unitPrice": "$2.85 / 1L"
    },
    {
        "category": "drinks",
        "href": "https://www.woolworths.com.au/shop/productdetails/506925/pips-cordial-lime",
        "imgName": "506925.jpg",
        "imgSrc": "https://cdn0.woolworths.media/content/wowproductimages/medium/506925.jpg",
        "name": "Pips Cordial Lime 2l",
        "price": 2.2,
        "unitPrice": "$1.10 / 1L"
    },
    {
        "category": "drinks",
        "href": "https://www.woolworths.com.au/shop/productdetails/652009/bundaberg-tropical-mango-sparkling-drink",
        "imgName": "652009.jpg",
        "imgSrc": "https://cdn0.woolworths.media/content/wowproductimages/medium/652009.jpg",
        "name": "Bundaberg Tropical Mango Sparkling Drink 4x375ml",
        "price": 6.3,
        "unitPrice": "$4.20 / 1L"
    },
    {
        "category": "drinks",
        "href": "https://www.woolworths.com.au/shop/productdetails/649097/juicee-crush-apple-juice",
        "imgName": "649097.jpg",
        "imgSrc": "https://cdn0.woolworths.media/content/wowproductimages/medium/649097.jpg",
        "name": "Juicee Crush Apple Juice  2l",
        "price": 2.05,
        "unitPrice": "$1.03 / 1L"
    },
    {
        "category": "drinks",
        "href": "https://www.woolworths.com.au/shop/productdetails/485231/v8-vegetable-juice-healthy-greens",
        "imgName": "485231.jpg",
        "imgSrc": "https://cdn0.woolworths.media/content/wowproductimages/medium/485231.jpg",
        "name": "V8 Vegetable Juice Healthy Greens 1.25l",
        "price": 4.99,
        "unitPrice": "$3.99 / 1L"
    },
    {
        "category": "drinks",
        "href": "https://www.woolworths.com.au/shop/productdetails/714850/arizona-green-tea-with-honey-ice-tea",
        "imgName": "714850.jpg",
        "imgSrc": "https://cdn0.woolworths.media/content/wowproductimages/medium/714850.jpg",
        "name": "Arizona Green Tea With Honey Ice Tea 500ml",
        "price": 2,
        "unitPrice": "$4.00 / 1L"
    },
    {
        "category": "drinks",
        "href": "https://www.woolworths.com.au/shop/productdetails/649150/juicee-crush-orange-and-mango",
        "imgName": "649150.jpg",
        "imgSrc": "https://cdn0.woolworths.media/content/wowproductimages/medium/649150.jpg",
        "name": "Juicee Crush Orange And Mango  2l",
        "price": 2.05,
        "unitPrice": "$1.03 / 1L"
    },
    {
        "category": "drinks",
        "href": "https://www.woolworths.com.au/shop/productdetails/720685/vitafresh-sweet-navel-orange-drink-mix-sachet",
        "imgName": "720685.jpg",
        "imgSrc": "https://cdn0.woolworths.media/content/wowproductimages/medium/720685.jpg",
        "name": "Vitafresh Sweet Navel Orange Drink Mix Sachet 67g",
        "price": 0.75,
        "unitPrice": "$1.12 / 100G"
    },
    {
        "category": "drinks",
        "href": "https://www.woolworths.com.au/shop/productdetails/757794/woolworths-apple-raspberry-juice",
        "imgName": "757794.jpg",
        "imgSrc": "https://cdn0.woolworths.media/content/wowproductimages/medium/757794.jpg",
        "name": "Woolworths Apple & Raspberry Juice 6x250ml",
        "price": 3,
        "unitPrice": "$2.00 / 1L"
    },
    {
        "category": "drinks",
        "href": "https://www.woolworths.com.au/shop/productdetails/793242/juice-country-orange-concentrate",
        "imgName": "793242.jpg",
        "imgSrc": "https://cdn0.woolworths.media/content/wowproductimages/medium/793242.jpg",
        "name": "Juice Country Orange Concentrate 500ml",
        "price": 1.1,
        "unitPrice": "$2.20 / 1L"
    },
    {
        "category": "drinks",
        "href": "https://www.woolworths.com.au/shop/productdetails/824132/nescafe-instant-coffee-original-roast",
        "imgName": "824132.jpg",
        "imgSrc": "https://cdn0.woolworths.media/content/wowproductimages/medium/824132.jpg",
        "name": "Nescafe Instant Coffee Original Roast 200g",
        "price": 6,
        "unitPrice": "$3.00 / 100G"
    },
    {
        "category": "drinks",
        "href": "https://www.woolworths.com.au/shop/productdetails/741153/sunraysia-organic-tropical-100-juice",
        "imgName": "741153.jpg",
        "imgSrc": "https://cdn0.woolworths.media/content/wowproductimages/medium/741153.jpg",
        "name": "Sunraysia Organic Tropical 100% Juice  200ml",
        "price": 1,
        "unitPrice": "$5.00 / 1L"
    },
    {
        "category": "drinks",
        "href": "https://www.woolworths.com.au/shop/productdetails/741174/sunraysia-organic-apple-blackcurrant-100-juice",
        "imgName": "741174.jpg",
        "imgSrc": "https://cdn0.woolworths.media/content/wowproductimages/medium/741174.jpg",
        "name": "Sunraysia Organic Apple & Blackcurrant 100% Juice 200ml",
        "price": 1,
        "unitPrice": "$5.00 / 1L"
    },
    {
        "category": "drinks",
        "href": "https://www.woolworths.com.au/shop/productdetails/843722/impressed-cold-pressed-juice-the-works",
        "imgName": "843722.jpg",
        "imgSrc": "https://cdn0.woolworths.media/content/wowproductimages/medium/843722.jpg",
        "name": "Impressed Cold Pressed Juice The Works 325ml",
        "price": 3.65,
        "unitPrice": "$11.23 / 1L"
    },
    {
        "category": "drinks",
        "href": "https://www.woolworths.com.au/shop/productdetails/955847/jive-juice-apple-carrot-ginger",
        "imgName": "955847.jpg",
        "imgSrc": "https://cdn0.woolworths.media/content/wowproductimages/medium/955847.jpg",
        "name": "Jive Juice Apple Carrot Ginger 1l",
        "price": 4.5,
        "unitPrice": "$0.45 / 100ML"
    },
    {
        "category": "drinks",
        "href": "https://www.woolworths.com.au/shop/productdetails/90000871/moccona-coffee-classic-200g-x-6-bundle",
        "imgName": "90000871.jpg",
        "imgSrc": "https://cdn0.woolworths.media/content/wowproductimages/medium/90000871.jpg",
        "name": "Moccona Coffee Classic 200g X 6 Bundle",
        "price": 60,
        "unitPrice": "$5.00 / G"
    },
    {
        "category": "drinks",
        "href": "https://www.woolworths.com.au/shop/productdetails/546840/woolworths-coconut-water",
        "imgName": "546840.jpg",
        "imgSrc": "https://cdn0.woolworths.media/content/wowproductimages/medium/546840.jpg",
        "name": "Woolworths Coconut Water  4x1l",
        "price": 10,
        "unitPrice": "$2.50 / 1L"
    },
    {
        "category": "drinks",
        "href": "https://www.woolworths.com.au/shop/productdetails/487651/jarrah-honeycomb-hot-choc",
        "imgName": "487651.jpg",
        "imgSrc": "https://cdn0.woolworths.media/content/wowproductimages/medium/487651.jpg",
        "name": "Jarrah Honeycomb Hot Choc 10pk",
        "price": 5.3,
        "unitPrice": "$3.79 / 100G"
    },
    {
        "category": "drinks",
        "href": "https://www.woolworths.com.au/shop/productdetails/630643/raw-c-coconut-water",
        "imgName": "630643.jpg",
        "imgSrc": "https://cdn0.woolworths.media/content/wowproductimages/medium/630643.jpg",
        "name": "Raw C Coconut Water  2l",
        "price": 7,
        "unitPrice": "$3.50 / 1L"
    },
    {
        "category": "drinks",
        "href": "https://www.woolworths.com.au/shop/productdetails/629484/impressed-cold-pressed-ginger-ninja-juice",
        "imgName": "629484.jpg",
        "imgSrc": "https://cdn0.woolworths.media/content/wowproductimages/medium/629484.jpg",
        "name": "Impressed Cold Pressed Ginger Ninja Juice 1l",
        "price": 6,
        "unitPrice": "$6.00 / 1L"
    },
    {
        "category": "drinks",
        "href": "https://www.woolworths.com.au/shop/productdetails/665996/real-blend-black-lemonade",
        "imgName": "665996.jpg",
        "imgSrc": "https://cdn0.woolworths.media/content/wowproductimages/medium/665996.jpg",
        "name": "Real Blend Black Lemonade  300ml",
        "price": 3.65,
        "unitPrice": "$12.17 / 1L"
    },
    {
        "category": "drinks",
        "href": "https://www.woolworths.com.au/shop/productdetails/594861/evian-natural-mineral-water",
        "imgName": "594861.jpg",
        "imgSrc": "https://cdn0.woolworths.media/content/wowproductimages/medium/594861.jpg",
        "name": "Evian Natural Mineral Water  1.25l",
        "price": 3.95,
        "unitPrice": "$3.16 / 1L"
    },
    {
        "category": "drinks",
        "href": "https://www.woolworths.com.au/shop/productdetails/477418/golden-circle-fruit-juice-tropical",
        "imgName": "477418.jpg",
        "imgSrc": "https://cdn0.woolworths.media/content/wowproductimages/medium/477418.jpg",
        "name": "Golden Circle Fruit Juice Tropical 6x200ml",
        "price": 5.15,
        "unitPrice": "$4.29 / 1L"
    },
    {
        "category": "drinks",
        "href": "https://www.woolworths.com.au/shop/productdetails/365259/v8-tropical-juice",
        "imgName": "365259.jpg",
        "imgSrc": "https://cdn0.woolworths.media/content/wowproductimages/medium/365259.jpg",
        "name": "V8 Tropical Juice 3x250ml",
        "price": 3.8,
        "unitPrice": "$5.07 / 1L"
    },
    {
        "category": "drinks",
        "href": "https://www.woolworths.com.au/shop/productdetails/620114/v8-fruit-veggie-juice-breakfast-fusion",
        "imgName": "620114.jpg",
        "imgSrc": "https://cdn0.woolworths.media/content/wowproductimages/medium/620114.jpg",
        "name": "V8 Fruit & Veggie Juice Breakfast Fusion 300ml",
        "price": 2.5,
        "unitPrice": "$8.33 / 1L"
    },
    {
        "category": "drinks",
        "href": "https://www.woolworths.com.au/shop/productdetails/750803/v8-fruit-veggie-juice-tropical-fusion",
        "imgName": "750803.jpg",
        "imgSrc": "https://cdn0.woolworths.media/content/wowproductimages/medium/750803.jpg",
        "name": "V8 Fruit & Veggie Juice Tropical Fusion 300ml",
        "price": 2.5,
        "unitPrice": "$8.33 / 1L"
    },
    {
        "category": "drinks",
        "href": "https://www.woolworths.com.au/shop/productdetails/624106/mojo-kombucha-passionfruit",
        "imgName": "624106.jpg",
        "imgSrc": "https://cdn0.woolworths.media/content/wowproductimages/medium/624106.jpg",
        "name": "Mojo Kombucha Passionfruit 450ml",
        "price": 4.4,
        "unitPrice": "$9.78 / 1L"
    },
    {
        "category": "drinks",
        "href": "https://www.woolworths.com.au/shop/productdetails/664744/powerade-isotonic-black-currant",
        "imgName": "664744.jpg",
        "imgSrc": "https://cdn0.woolworths.media/content/wowproductimages/medium/664744.jpg",
        "name": "Powerade Isotonic Black Currant 1.5l",
        "price": 5.65,
        "unitPrice": "$3.77 / 1L"
    },
    {
        "category": "drinks",
        "href": "https://www.woolworths.com.au/shop/productdetails/780756/moccona-freeze-dried-instant-coffee-awaken",
        "imgName": "780756.jpg",
        "imgSrc": "https://cdn0.woolworths.media/content/wowproductimages/medium/780756.jpg",
        "name": "Moccona Freeze Dried Instant Coffee Awaken 200g",
        "price": 18.3,
        "unitPrice": "$9.15 / 100G"
    },
    {
        "category": "drinks",
        "href": "https://www.woolworths.com.au/shop/productdetails/749800/v8-fruit-vegetable-breakfast-juice-multipack",
        "imgName": "749800.jpg",
        "imgSrc": "https://cdn0.woolworths.media/content/wowproductimages/medium/749800.jpg",
        "name": "V8 Fruit & Vegetable Breakfast Juice Multipack 3x250ml",
        "price": 3.8,
        "unitPrice": "$5.07 / 1L"
    },
    {
        "category": "drinks",
        "href": "https://www.woolworths.com.au/shop/productdetails/42231/appletiser-sparkling-juice-apple",
        "imgName": "042231.jpg",
        "imgSrc": "https://cdn0.woolworths.media/content/wowproductimages/medium/042231.jpg",
        "name": "Appletiser Sparkling Juice Apple 750ml",
        "price": 3.15,
        "unitPrice": "$4.20 / 1L"
    },
    {
        "category": "drinks",
        "href": "https://www.woolworths.com.au/shop/productdetails/723453/powerade-zero-mountain-blast-flo-cap",
        "imgName": "723453.jpg",
        "imgSrc": "https://cdn0.woolworths.media/content/wowproductimages/medium/723453.jpg",
        "name": "Powerade Zero Mountain Blast Flo Cap 600ml",
        "price": 2.1,
        "unitPrice": "$3.50 / 1L"
    },
    {
        "category": "drinks",
        "href": "https://www.woolworths.com.au/shop/productdetails/84400/grove-fresh-orange-juice",
        "imgName": "084400.jpg",
        "imgSrc": "https://cdn0.woolworths.media/content/wowproductimages/medium/084400.jpg",
        "name": "Grove Fresh Orange Juice 2l",
        "price": 6.5,
        "unitPrice": "$3.25 / 1L"
    },
    {
        "category": "drinks",
        "href": "https://www.woolworths.com.au/shop/productdetails/773144/schweppes-lemonade-can",
        "imgName": "773144.jpg",
        "imgSrc": "https://cdn0.woolworths.media/content/wowproductimages/medium/773144.jpg",
        "name": "Schweppes Lemonade Can 30x375ml pack",
        "price": 17.15,
        "unitPrice": "$1.52 / 1L"
    },
    {
        "category": "drinks",
        "href": "https://www.woolworths.com.au/shop/productdetails/257684/red-bull-energy-drink",
        "imgName": "257684.jpg",
        "imgSrc": "https://cdn0.woolworths.media/content/wowproductimages/medium/257684.jpg",
        "name": "Red Bull Energy Drink  355ml",
        "price": 3.8,
        "unitPrice": "$10.70 / 1L"
    },
    {
        "category": "drinks",
        "href": "https://www.woolworths.com.au/shop/productdetails/473116/arizona-ice-tea-pomegranate",
        "imgName": "473116.jpg",
        "imgSrc": "https://cdn0.woolworths.media/content/wowproductimages/medium/473116.jpg",
        "name": "Arizona Ice Tea Pomegranate 500ml",
        "price": 2,
        "unitPrice": "$4.00 / 1L"
    },
    {
        "category": "drinks",
        "href": "https://www.woolworths.com.au/shop/productdetails/533696/phoenix-organic-sparkling-infusions-water-cranberry-lime-apple",
        "imgName": "533696.jpg",
        "imgSrc": "https://cdn0.woolworths.media/content/wowproductimages/medium/533696.jpg",
        "name": "Phoenix Organic Sparkling Infusions Water Cranberry Lime & Apple 750ml",
        "price": 3.65,
        "unitPrice": "$4.87 / 1L"
    },
    {
        "category": "drinks",
        "href": "https://www.woolworths.com.au/shop/productdetails/549619/nescafe-coffee-sachets-hazelnut",
        "imgName": "549619.jpg",
        "imgSrc": "https://cdn0.woolworths.media/content/wowproductimages/medium/549619.jpg",
        "name": "Nescafe Coffee Sachets Hazelnut 26pk",
        "price": 11.5,
        "unitPrice": "$2.46 / 100G"
    },
    {
        "category": "drinks",
        "href": "https://www.woolworths.com.au/shop/productdetails/651081/alt-blood-orange-citrus-soft-drink",
        "imgName": "651081.jpg",
        "imgSrc": "https://cdn0.woolworths.media/content/wowproductimages/medium/651081.jpg",
        "name": "Alt Blood Orange & Citrus Soft Drink 1l",
        "price": 2.45,
        "unitPrice": "$2.45 / 1L"
    },
    {
        "category": "drinks",
        "href": "https://www.woolworths.com.au/shop/productdetails/597442/raw-c-coconut-water-coffee",
        "imgName": "597442.jpg",
        "imgSrc": "https://cdn0.woolworths.media/content/wowproductimages/medium/597442.jpg",
        "name": "Raw C Coconut Water Coffee 300ml",
        "price": 2.7,
        "unitPrice": "$9.00 / 1L"
    },
    {
        "category": "drinks",
        "href": "https://www.woolworths.com.au/shop/productdetails/827959/nescafe-gold-instant-coffee-smooth",
        "imgName": "827959.jpg",
        "imgSrc": "https://cdn0.woolworths.media/content/wowproductimages/medium/827959.jpg",
        "name": "Nescafe Gold Instant Coffee Smooth 95g",
        "price": 9.5,
        "unitPrice": "$10.00 / 100G"
    },
    {
        "category": "drinks",
        "href": "https://www.woolworths.com.au/shop/productdetails/315761/prima-orange-fruit-drink",
        "imgName": "315761.jpg",
        "imgSrc": "https://cdn0.woolworths.media/content/wowproductimages/medium/315761.jpg",
        "name": "Prima Orange Fruit Drink 6x200ml",
        "price": 4.3,
        "unitPrice": "$3.58 / 1L"
    },
    {
        "category": "drinks",
        "href": "https://www.woolworths.com.au/shop/productdetails/666081/bickford-soda-water",
        "imgName": "666081.jpg",
        "imgSrc": "https://cdn0.woolworths.media/content/wowproductimages/medium/666081.jpg",
        "name": "Bickford Soda Water  4x275ml",
        "price": 6.15,
        "unitPrice": "$5.59 / 1L"
    },
    {
        "category": "drinks",
        "href": "https://www.woolworths.com.au/shop/productdetails/741479/berri-apricot-nectar",
        "imgName": "741479.jpg",
        "imgSrc": "https://cdn0.woolworths.media/content/wowproductimages/medium/741479.jpg",
        "name": "Berri Apricot Nectar  2l",
        "price": 4.4,
        "unitPrice": "$2.20 / 1L"
    },
    {
        "category": "drinks",
        "href": "https://www.woolworths.com.au/shop/productdetails/641619/santa-vittoria-peach-iced-tea",
        "imgName": "641619.jpg",
        "imgSrc": "https://cdn0.woolworths.media/content/wowproductimages/medium/641619.jpg",
        "name": "Santa Vittoria Peach Iced Tea 4x200ml",
        "price": 5.6,
        "unitPrice": "$0.70 / 100ML"
    },
    {
        "category": "drinks",
        "href": "https://www.woolworths.com.au/shop/productdetails/90000862/harris-espresso-brick-1kg-x-2-bundle",
        "imgName": "90000862.jpg",
        "imgSrc": "https://cdn0.woolworths.media/content/wowproductimages/medium/90000862.jpg",
        "name": "Harris Espresso Brick 1kg X 2 Bundle",
        "price": 32,
        "unitPrice": "$1.60 / G"
    },
    {
        "category": "drinks",
        "href": "https://www.woolworths.com.au/shop/productdetails/90000868/harris-espresso-brick-1kg-x-4-bundle",
        "imgName": "90000868.jpg",
        "imgSrc": "https://cdn0.woolworths.media/content/wowproductimages/medium/90000868.jpg",
        "name": "Harris Espresso Brick 1kg X 4 Bundle",
        "price": 60,
        "unitPrice": "$1.50 / G"
    },
    {
        "category": "drinks",
        "href": "https://www.woolworths.com.au/shop/productdetails/90000063/bacardi-s-newest-fuego-spiced-rum-750ml-with-ginger-beer-bundle",
        "imgName": "90000063.jpg",
        "imgSrc": "https://cdn0.woolworths.media/content/wowproductimages/medium/90000063.jpg",
        "name": "Bacardi's Newest Fuego Spiced Rum 750ml With Ginger Beer Bundle",
        "price": 43
    },
    {
        "category": "drinks",
        "href": "https://www.woolworths.com.au/shop/productdetails/260337/wild-hibiscus-flowers-in-syrup",
        "imgName": "260337.jpg",
        "imgSrc": "https://cdn0.woolworths.media/content/wowproductimages/medium/260337.jpg",
        "name": "Wild Hibiscus Flowers In Syrup 250g",
        "price": 9.99,
        "unitPrice": "$4.00 / 100G"
    },
    {
        "category": "drinks",
        "href": "https://www.woolworths.com.au/shop/productdetails/323213/woolworths-select-lemon-cordial",
        "imgName": "323213.jpg",
        "imgSrc": "https://cdn0.woolworths.media/content/wowproductimages/medium/323213.jpg",
        "name": "Woolworths Select Lemon Cordial 750ml",
        "price": 3,
        "unitPrice": "$4.00 / 1L"
    },
    {
        "category": "drinks",
        "href": "https://www.woolworths.com.au/shop/productdetails/477430/golden-circle-fruit-juice-orange",
        "imgName": "477430.jpg",
        "imgSrc": "https://cdn0.woolworths.media/content/wowproductimages/medium/477430.jpg",
        "name": "Golden Circle Fruit Juice Orange 6x200ml",
        "price": 5.15,
        "unitPrice": "$4.29 / 1L"
    },
    {
        "category": "drinks",
        "href": "https://www.woolworths.com.au/shop/productdetails/660234/bickford-ginger-ale",
        "imgName": "660234.jpg",
        "imgSrc": "https://cdn0.woolworths.media/content/wowproductimages/medium/660234.jpg",
        "name": "Bickford Ginger Ale  4x275ml",
        "price": 6.15,
        "unitPrice": "$5.59 / 1L"
    },
    {
        "category": "drinks",
        "href": "https://www.woolworths.com.au/shop/productdetails/887082/v8-orange-kick-juice",
        "imgName": "887082.jpg",
        "imgSrc": "https://cdn0.woolworths.media/content/wowproductimages/medium/887082.jpg",
        "name": "V8 Orange Kick Juice 1.25l",
        "price": 4.99,
        "unitPrice": "$3.99 / 1L"
    },
    {
        "category": "drinks",
        "href": "https://www.woolworths.com.au/shop/productdetails/342720/preshafruit-cold-pressed-pink-lady-apple-juice",
        "imgName": "342720.jpg",
        "imgSrc": "https://cdn0.woolworths.media/content/wowproductimages/medium/342720.jpg",
        "name": "Preshafruit Cold Pressed Pink Lady Apple Juice 1l",
        "price": 5.8,
        "unitPrice": "$5.80 / 1L"
    },
    {
        "category": "drinks",
        "href": "https://www.woolworths.com.au/shop/productdetails/260515/bickford-s-vanilla-malt-milkshake-mix",
        "imgName": "260515.jpg",
        "imgSrc": "https://cdn0.woolworths.media/content/wowproductimages/medium/260515.jpg",
        "name": "Bickford's Vanilla Malt Milkshake Mix 600ml",
        "price": 4,
        "unitPrice": "$6.67 / 1L"
    },
    {
        "category": "drinks",
        "href": "https://www.woolworths.com.au/shop/productdetails/315748/prima-apple-blackcurrant-fruit-drink",
        "imgName": "315748.jpg",
        "imgSrc": "https://cdn0.woolworths.media/content/wowproductimages/medium/315748.jpg",
        "name": "Prima Apple & Blackcurrant Fruit Drink 6x200ml",
        "price": 4.3,
        "unitPrice": "$3.58 / 1L"
    },
    {
        "category": "drinks",
        "href": "https://www.woolworths.com.au/shop/productdetails/717149/preshafruit-cold-pressed-apple-raspberry-juice",
        "imgName": "717149.jpg",
        "imgSrc": "https://cdn0.woolworths.media/content/wowproductimages/medium/717149.jpg",
        "name": "Preshafruit Cold Pressed Apple & Raspberry Juice 350ml",
        "price": 3.3,
        "unitPrice": "$9.43 / 1L"
    },
    {
        "category": "drinks",
        "href": "https://www.woolworths.com.au/shop/productdetails/660236/bickford-bitter-lemon",
        "imgName": "660236.jpg",
        "imgSrc": "https://cdn0.woolworths.media/content/wowproductimages/medium/660236.jpg",
        "name": "Bickford Bitter Lemon  4x275ml",
        "price": 6.15,
        "unitPrice": "$5.59 / 1L"
    },
    {
        "category": "drinks",
        "href": "https://www.woolworths.com.au/shop/productdetails/617931/nudie-kids-tropical-juice",
        "imgName": "617931.jpg",
        "imgSrc": "https://cdn0.woolworths.media/content/wowproductimages/medium/617931.jpg",
        "name": "Nudie Kids Tropical Juice  3x250ml",
        "price": 4.3,
        "unitPrice": "$5.73 / 1L"
    },
    {
        "category": "drinks",
        "href": "https://www.woolworths.com.au/shop/productdetails/839891/coca-cola-vanilla-can",
        "imgName": "839891.jpg",
        "imgSrc": "https://cdn0.woolworths.media/content/wowproductimages/medium/839891.jpg",
        "name": "Coca-cola Vanilla Can 250ml",
        "price": 2.15,
        "unitPrice": "$8.60 / 1L"
    },
    {
        "category": "drinks",
        "href": "https://www.woolworths.com.au/shop/productdetails/938274/eastcoast-orange-passionfruit",
        "imgName": "938274.jpg",
        "imgSrc": "https://cdn0.woolworths.media/content/wowproductimages/medium/938274.jpg",
        "name": "Eastcoast Orange & Passionfruit  2l",
        "price": 5.15,
        "unitPrice": "$2.58 / 1L"
    },
    {
        "category": "drinks",
        "href": "https://www.woolworths.com.au/shop/productdetails/260998/mizone-lime-flavoured-still-water",
        "imgName": "260998.jpg",
        "imgSrc": "https://cdn0.woolworths.media/content/wowproductimages/medium/260998.jpg",
        "name": "Mizone Lime Flavoured Still Water 750ml",
        "price": 2.1,
        "unitPrice": "$2.80 / 1L"
    },
    {
        "category": "drinks",
        "href": "https://www.woolworths.com.au/shop/productdetails/18468/homebrand-canned-tomatoes-juice",
        "imgName": "018468.jpg",
        "imgSrc": "https://cdn0.woolworths.media/content/wowproductimages/medium/018468.jpg",
        "name": "Homebrand Canned Tomatoes Juice 850ml",
        "price": 1.95,
        "unitPrice": "$2.29 / 1L"
    },
    {
        "category": "drinks",
        "href": "https://www.woolworths.com.au/shop/productdetails/16335/sustagen-french-vanilla",
        "imgName": "016335.jpg",
        "imgSrc": "https://cdn0.woolworths.media/content/wowproductimages/medium/016335.jpg",
        "name": "Sustagen French Vanilla  400g",
        "price": 7.5,
        "unitPrice": "$1.88 / 100G"
    },
    {
        "category": "drinks",
        "href": "https://www.woolworths.com.au/shop/productdetails/254591/nature-s-cuppa-freeze-dried-coffee-eco-organic",
        "imgName": "254591.jpg",
        "imgSrc": "https://cdn0.woolworths.media/content/wowproductimages/medium/254591.jpg",
        "name": "Nature's Cuppa Freeze Dried Coffee Eco Organic 100g",
        "price": 8,
        "unitPrice": "$8.00 / 100G"
    },
    {
        "category": "drinks",
        "href": "https://www.woolworths.com.au/shop/productdetails/323733/gatorade-multi-flavour-sports-drink",
        "imgName": "323733.jpg",
        "imgSrc": "https://cdn0.woolworths.media/content/wowproductimages/medium/323733.jpg",
        "name": "Gatorade Multi Flavour Sports Drink 4x600ml",
        "price": 14.05,
        "unitPrice": "$5.85 / 1L"
    },
    {
        "category": "drinks",
        "href": "https://www.woolworths.com.au/shop/productdetails/489787/monster-energy-drink-ultra-zero",
        "imgName": "489787.jpg",
        "imgSrc": "https://cdn0.woolworths.media/content/wowproductimages/medium/489787.jpg",
        "name": "Monster Energy Drink Ultra Zero 500ml single",
        "price": 3.65,
        "unitPrice": "$7.30 / 1L"
    },
    {
        "category": "drinks",
        "href": "https://www.woolworths.com.au/shop/productdetails/523360/mojo-kombucha-strawberry-hibiscus",
        "imgName": "523360.jpg",
        "imgSrc": "https://cdn0.woolworths.media/content/wowproductimages/medium/523360.jpg",
        "name": "Mojo Kombucha Strawberry & Hibiscus 450ml",
        "price": 4.4,
        "unitPrice": "$9.78 / 1L"
    },
    {
        "category": "drinks",
        "href": "https://www.woolworths.com.au/shop/productdetails/574892/bickfords-light-lemon-lime-bitters-cordial",
        "imgName": "574892.jpg",
        "imgSrc": "https://cdn0.woolworths.media/content/wowproductimages/medium/574892.jpg",
        "name": "Bickfords Light Lemon Lime Bitters Cordial 750ml",
        "price": 4,
        "unitPrice": "$5.33 / 1L"
    },
    {
        "category": "drinks",
        "href": "https://www.woolworths.com.au/shop/productdetails/784641/nudie-nothing-but-carrot-ginger-more",
        "imgName": "784641.jpg",
        "imgSrc": "https://cdn0.woolworths.media/content/wowproductimages/medium/784641.jpg",
        "name": "Nudie Nothing But Carrot Ginger & More 400ml",
        "price": 3.1,
        "unitPrice": "$7.75 / 1L"
    },
    {
        "category": "drinks",
        "href": "https://www.woolworths.com.au/shop/productdetails/841479/v-sugar-free-energy-drink",
        "imgName": "841479.jpg",
        "imgSrc": "https://cdn0.woolworths.media/content/wowproductimages/medium/841479.jpg",
        "name": "V Sugar Free Energy Drink 4pk 275ml",
        "price": 6.6,
        "unitPrice": "$6.00 / 1L"
    },
    {
        "category": "drinks",
        "href": "https://www.woolworths.com.au/shop/productdetails/923164/gatorade-orange-ice-sports-drink",
        "imgName": "923164.jpg",
        "imgSrc": "https://cdn0.woolworths.media/content/wowproductimages/medium/923164.jpg",
        "name": "Gatorade Orange Ice Sports Drink 1l",
        "price": 2.5,
        "unitPrice": "$2.50 / 1L"
    },
    {
        "category": "drinks",
        "href": "https://www.woolworths.com.au/shop/productdetails/279908/powerade-blackcurrant-flo-cap",
        "imgName": "279908.jpg",
        "imgSrc": "https://cdn0.woolworths.media/content/wowproductimages/medium/279908.jpg",
        "name": "Powerade Blackcurrant Flo Cap 600ml",
        "price": 2.1,
        "unitPrice": "$3.50 / 1L"
    },
    {
        "category": "drinks",
        "href": "https://www.woolworths.com.au/shop/productdetails/841486/v-blue-energy-drink",
        "imgName": "841486.jpg",
        "imgSrc": "https://cdn0.woolworths.media/content/wowproductimages/medium/841486.jpg",
        "name": "V Blue Energy Drink 4pk 275ml",
        "price": 6.6,
        "unitPrice": "$6.00 / 1L"
    },
    {
        "category": "drinks",
        "href": "https://www.woolworths.com.au/shop/productdetails/923157/gatorade-lemon-lime-sports-drink",
        "imgName": "923157.jpg",
        "imgSrc": "https://cdn0.woolworths.media/content/wowproductimages/medium/923157.jpg",
        "name": "Gatorade Lemon Lime Sports Drink 1l",
        "price": 2.5,
        "unitPrice": "$2.50 / 1L"
    },
    {
        "category": "drinks",
        "href": "https://www.woolworths.com.au/shop/productdetails/36686/breaka-chocolate-milk",
        "imgName": "036686.jpg",
        "imgSrc": "https://cdn0.woolworths.media/content/wowproductimages/medium/036686.jpg",
        "name": "Breaka Chocolate Milk  6x250ml",
        "price": 7.1,
        "unitPrice": "$4.73 / 1L"
    },
    {
        "category": "drinks",
        "href": "https://www.woolworths.com.au/shop/productdetails/103284/nestle-malted-milk",
        "imgName": "103284.jpg",
        "imgSrc": "https://cdn0.woolworths.media/content/wowproductimages/medium/103284.jpg",
        "name": "Nestle Malted Milk  500g",
        "price": 9.5,
        "unitPrice": "$1.90 / 100G"
    },
    {
        "category": "drinks",
        "href": "https://www.woolworths.com.au/shop/productdetails/147697/nestle-coffee-mate-coffee-flavouring-hazelnut",
        "imgName": "147697.jpg",
        "imgSrc": "https://cdn0.woolworths.media/content/wowproductimages/medium/147697.jpg",
        "name": "Nestle Coffee Mate Coffee Flavouring Hazelnut 10pk 150g",
        "price": 4,
        "unitPrice": "$2.67 / 100ML"
    },
    {
        "category": "drinks",
        "href": "https://www.woolworths.com.au/shop/productdetails/194667/ribena-blackcurrant",
        "imgName": "194667.jpg",
        "imgSrc": "https://cdn0.woolworths.media/content/wowproductimages/medium/194667.jpg",
        "name": "Ribena Blackcurrant  6x250ml",
        "price": 4.35,
        "unitPrice": "$2.90 / 1L"
    },
    {
        "category": "drinks",
        "href": "https://www.woolworths.com.au/shop/productdetails/315776/prima-tropical-fruit-drink",
        "imgName": "315776.jpg",
        "imgSrc": "https://cdn0.woolworths.media/content/wowproductimages/medium/315776.jpg",
        "name": "Prima Tropical Fruit Drink 6x200ml",
        "price": 4.3,
        "unitPrice": "$3.58 / 1L"
    },
    {
        "category": "drinks",
        "href": "https://www.woolworths.com.au/shop/productdetails/341051/staminade-lemon-lime-powder",
        "imgName": "341051.jpg",
        "imgSrc": "https://cdn0.woolworths.media/content/wowproductimages/medium/341051.jpg",
        "name": "Staminade Lemon & Lime Powder 585g",
        "price": 10,
        "unitPrice": "$1.71 / 100G"
    },
    {
        "category": "drinks",
        "href": "https://www.woolworths.com.au/shop/productdetails/314275/mizone-blackcurrant-flavoured-still-water",
        "imgName": "314275.jpg",
        "imgSrc": "https://cdn0.woolworths.media/content/wowproductimages/medium/314275.jpg",
        "name": "Mizone Blackcurrant Flavoured Still Water 750ml",
        "price": 2.1,
        "unitPrice": "$2.80 / 1L"
    },
    {
        "category": "drinks",
        "href": "https://www.woolworths.com.au/shop/productdetails/445577/essentials-fruit-drink-tropical",
        "imgName": "445577.jpg",
        "imgSrc": "https://cdn0.woolworths.media/content/wowproductimages/medium/445577.jpg",
        "name": "Essentials Fruit Drink Tropical 3l",
        "price": 2.95,
        "unitPrice": "$0.98 / 1L"
    },
    {
        "category": "drinks",
        "href": "https://www.woolworths.com.au/shop/productdetails/626847/stolen-recipe-organic-iced-tea-blackberry-lemonade",
        "imgName": "626847.jpg",
        "imgSrc": "https://cdn0.woolworths.media/content/wowproductimages/medium/626847.jpg",
        "name": "Stolen Recipe Organic Iced Tea Blackberry Lemonade 1l",
        "price": 4.5,
        "unitPrice": "$4.50 / 1L"
    },
    {
        "category": "drinks",
        "href": "https://www.woolworths.com.au/shop/productdetails/502726/frantelle-spring-water-sipper",
        "imgName": "502726.jpg",
        "imgSrc": "https://cdn0.woolworths.media/content/wowproductimages/medium/502726.jpg",
        "name": "Frantelle Spring Water Sipper 6x750ml pack",
        "price": 5.5,
        "unitPrice": "$1.22 / 1L"
    },
    {
        "category": "drinks",
        "href": "https://www.woolworths.com.au/shop/productdetails/528148/s-t-a-n-d-spring-water",
        "imgName": "528148.jpg",
        "imgSrc": "https://cdn0.woolworths.media/content/wowproductimages/medium/528148.jpg",
        "name": "S.t.a.n.d. Spring Water  6x600ml",
        "price": 4.25,
        "unitPrice": "$1.18 / 1L"
    },
    {
        "category": "drinks",
        "href": "https://www.woolworths.com.au/shop/productdetails/666080/bickford-tonic-water",
        "imgName": "666080.jpg",
        "imgSrc": "https://cdn0.woolworths.media/content/wowproductimages/medium/666080.jpg",
        "name": "Bickford Tonic Water  4x275ml",
        "price": 6.15,
        "unitPrice": "$5.59 / 1L"
    },
    {
        "category": "drinks",
        "href": "https://www.woolworths.com.au/shop/productdetails/741511/berri-grape-juice",
        "imgName": "741511.jpg",
        "imgSrc": "https://cdn0.woolworths.media/content/wowproductimages/medium/741511.jpg",
        "name": "Berri Grape Juice 2l",
        "price": 4.29,
        "unitPrice": "$2.15 / 1L"
    },
    {
        "category": "drinks",
        "href": "https://www.woolworths.com.au/shop/productdetails/792260/powerade-zero-lemon-lime-flo-cap",
        "imgName": "792260.jpg",
        "imgSrc": "https://cdn0.woolworths.media/content/wowproductimages/medium/792260.jpg",
        "name": "Powerade Zero Lemon Lime Flo Cap 600ml",
        "price": 2.1,
        "unitPrice": "$3.50 / 1L"
    },
    {
        "category": "drinks",
        "href": "https://www.woolworths.com.au/shop/productdetails/621280/daily-juice-nourish-apple-celery-pineapple-coconut",
        "imgName": "621280.jpg",
        "imgSrc": "https://cdn0.woolworths.media/content/wowproductimages/medium/621280.jpg",
        "name": "Daily Juice Nourish Apple Celery Pineapple & Coconut 1l",
        "price": 4.3,
        "unitPrice": "$4.30 / 1L"
    },
    {
        "category": "drinks",
        "href": "https://www.woolworths.com.au/shop/productdetails/598470/h2melon-watermelon-water",
        "imgName": "598470.jpg",
        "imgSrc": "https://cdn0.woolworths.media/content/wowproductimages/medium/598470.jpg",
        "name": "H2melon Watermelon Water  1l",
        "price": 7,
        "unitPrice": "$7.00 / 1L"
    },
    {
        "category": "drinks",
        "href": "https://www.woolworths.com.au/shop/productdetails/621012/h2coco-pure-coconut-water",
        "imgName": "621012.jpg",
        "imgSrc": "https://cdn0.woolworths.media/content/wowproductimages/medium/621012.jpg",
        "name": "H2coco Pure Coconut Water  3x200ml",
        "price": 4.9,
        "unitPrice": "$8.17 / 1L"
    },
    {
        "category": "drinks",
        "href": "https://www.woolworths.com.au/shop/productdetails/665670/real-blend-green-lemonade",
        "imgName": "665670.jpg",
        "imgSrc": "https://cdn0.woolworths.media/content/wowproductimages/medium/665670.jpg",
        "name": "Real Blend Green Lemonade  300ml",
        "price": 3.65,
        "unitPrice": "$12.17 / 1L"
    },
    {
        "category": "drinks",
        "href": "https://www.woolworths.com.au/shop/productdetails/661631/lipton-green-mint-line-ice-tea",
        "imgName": "661631.jpg",
        "imgSrc": "https://cdn0.woolworths.media/content/wowproductimages/medium/661631.jpg",
        "name": "Lipton Green Mint Line Ice Tea 500ml",
        "price": 2.7,
        "unitPrice": "$5.40 / 1L"
    },
    {
        "category": "drinks",
        "href": "https://www.woolworths.com.au/shop/productdetails/640552/h2coco-coconut-water-expresso",
        "imgName": "640552.jpg",
        "imgSrc": "https://cdn0.woolworths.media/content/wowproductimages/medium/640552.jpg",
        "name": "H2coco Coconut Water Expresso 1l",
        "price": 6,
        "unitPrice": "$6.00 / 1L"
    },
    {
        "category": "drinks",
        "href": "https://www.woolworths.com.au/shop/productdetails/642585/mount-franklin-spring-water",
        "imgName": "642585.jpg",
        "imgSrc": "https://cdn0.woolworths.media/content/wowproductimages/medium/642585.jpg",
        "name": "Mount Franklin Spring Water  6x500ml",
        "price": 5.65,
        "unitPrice": "$1.88 / 1L"
    },
    {
        "category": "drinks",
        "href": "https://www.woolworths.com.au/shop/productdetails/33882/nestle-coffee-mate-instant-coffee-milk",
        "imgName": "033882.jpg",
        "imgSrc": "https://cdn0.woolworths.media/content/wowproductimages/medium/033882.jpg",
        "name": "Nestle Coffee Mate Instant Coffee & Milk 385g",
        "price": 4.1,
        "unitPrice": "$1.06 / 100G"
    },
    {
        "category": "drinks",
        "href": "https://www.woolworths.com.au/shop/productdetails/648988/tru-blu-ceda-creaming-soda",
        "imgName": "648988.jpg",
        "imgSrc": "https://cdn0.woolworths.media/content/wowproductimages/medium/648988.jpg",
        "name": "Tru Blu Ceda Creaming Soda  1.25l",
        "price": 1.15,
        "unitPrice": "$0.92 / 1L"
    },
    {
        "category": "drinks",
        "href": "https://www.woolworths.com.au/shop/productdetails/665419/nudie-nothing-but-apple-mango-passionfruit-pineapple-juice",
        "imgName": "665419.jpg",
        "imgSrc": "https://cdn0.woolworths.media/content/wowproductimages/medium/665419.jpg",
        "name": "Nudie Nothing But Apple Mango Passionfruit Pineapple Juice 2l",
        "price": 7,
        "unitPrice": "$3.50 / 1L"
    },
    {
        "category": "drinks",
        "href": "https://www.woolworths.com.au/shop/productdetails/251950/australian-grown-breakfast-juice",
        "imgName": "251950.jpg",
        "imgSrc": "https://cdn0.woolworths.media/content/wowproductimages/medium/251950.jpg",
        "name": "Australian Grown Breakfast Juice 2l",
        "price": 7,
        "unitPrice": "$3.50 / 1L"
    },
    {
        "category": "drinks",
        "href": "https://www.woolworths.com.au/shop/productdetails/4284/mildura-apple-guave-fruit-drink",
        "imgName": "004284.jpg",
        "imgSrc": "https://cdn0.woolworths.media/content/wowproductimages/medium/004284.jpg",
        "name": "Mildura Apple & Guave Fruit Drink 2l",
        "price": 3.15,
        "unitPrice": "$1.58 / 1L"
    },
    {
        "category": "drinks",
        "href": "https://www.woolworths.com.au/shop/productdetails/723452/powerade-zero-berry-ice-flo-cap",
        "imgName": "723452.jpg",
        "imgSrc": "https://cdn0.woolworths.media/content/wowproductimages/medium/723452.jpg",
        "name": "Powerade Zero Berry Ice Flo Cap 600ml",
        "price": 2.1,
        "unitPrice": "$3.50 / 1L"
    },
    {
        "category": "drinks",
        "href": "https://www.woolworths.com.au/shop/productdetails/139864/v-with-guarana",
        "imgName": "139864.jpg",
        "imgSrc": "https://cdn0.woolworths.media/content/wowproductimages/medium/139864.jpg",
        "name": "V With Guarana  250ml",
        "price": 2.8,
        "unitPrice": "$11.20 / 1L"
    },
    {
        "category": "drinks",
        "href": "https://www.woolworths.com.au/shop/productdetails/19171/frantelle-still-water",
        "imgName": "019171.jpg",
        "imgSrc": "https://cdn0.woolworths.media/content/wowproductimages/medium/019171.jpg",
        "name": "Frantelle Still Water 1.5l",
        "price": 1.15,
        "unitPrice": "$0.77 / 1L"
    },
    {
        "category": "drinks",
        "href": "https://www.woolworths.com.au/shop/productdetails/711873/nippy-s-unsweetened-orange-juice",
        "imgName": "711873.jpg",
        "imgSrc": "https://cdn0.woolworths.media/content/wowproductimages/medium/711873.jpg",
        "name": "Nippy's Unsweetened Orange Juice 3l",
        "price": 7,
        "unitPrice": "$2.33 / 1L"
    },
    {
        "category": "drinks",
        "href": "https://www.woolworths.com.au/shop/productdetails/522308/charlies-orange-mango-quencher-fresh-juice",
        "imgName": "522308.jpg",
        "imgSrc": "https://cdn0.woolworths.media/content/wowproductimages/medium/522308.jpg",
        "name": "Charlies Orange & Mango Quencher Fresh Juice 2l",
        "price": 5.55,
        "unitPrice": "$2.78 / 1L"
    },
    {
        "category": "drinks",
        "href": "https://www.woolworths.com.au/shop/productdetails/512327/maximus-sports-drink-big-o",
        "imgName": "512327.jpg",
        "imgSrc": "https://cdn0.woolworths.media/content/wowproductimages/medium/512327.jpg",
        "name": "Maximus Sports Drink Big O 1l",
        "price": 2.55,
        "unitPrice": "$2.55 / 1L"
    },
    {
        "category": "drinks",
        "href": "https://www.woolworths.com.au/shop/productdetails/931178/maximus-sports-drink-green",
        "imgName": "931178.jpg",
        "imgSrc": "https://cdn0.woolworths.media/content/wowproductimages/medium/931178.jpg",
        "name": "Maximus Sports Drink Green 1l",
        "price": 2.55,
        "unitPrice": "$2.55 / 1L"
    },
    {
        "category": "drinks",
        "href": "https://www.woolworths.com.au/shop/productdetails/827968/nescafe-gold-instant-coffee-intense",
        "imgName": "827968.jpg",
        "imgSrc": "https://cdn0.woolworths.media/content/wowproductimages/medium/827968.jpg",
        "name": "Nescafe Gold Instant Coffee Intense 95g",
        "price": 9.5,
        "unitPrice": "$10.00 / 100G"
    },
    {
        "category": "drinks",
        "href": "https://www.woolworths.com.au/shop/productdetails/33804/bushells-blue-label-loose-leaf-tea",
        "imgName": "033804.jpg",
        "imgSrc": "https://cdn0.woolworths.media/content/wowproductimages/medium/033804.jpg",
        "name": "Bushells Blue Label Loose Leaf Tea 250g",
        "price": 4,
        "unitPrice": "$1.60 / 100G"
    },
    {
        "category": "drinks",
        "href": "https://www.woolworths.com.au/shop/productdetails/801424/map-coffee-capsules-medium-roast",
        "imgName": "801424.jpg",
        "imgSrc": "https://cdn0.woolworths.media/content/wowproductimages/medium/801424.jpg",
        "name": "Map Coffee Capsules Medium Roast 10pk",
        "price": 5,
        "unitPrice": "$6.25 / 100G"
    },
    {
        "category": "drinks",
        "href": "https://www.woolworths.com.au/shop/productdetails/229863/jarrah-chocolatte-extreme-choc",
        "imgName": "229863.jpg",
        "imgSrc": "https://cdn0.woolworths.media/content/wowproductimages/medium/229863.jpg",
        "name": "Jarrah Chocolatte Extreme Choc 10pk",
        "price": 5.3,
        "unitPrice": "$4.08 / 100G"
    },
    {
        "category": "drinks",
        "href": "https://www.woolworths.com.au/shop/productdetails/33773/aroona-spring-still-water-sports-cap-action-bottle",
        "imgName": "033773.jpg",
        "imgSrc": "https://cdn0.woolworths.media/content/wowproductimages/medium/033773.jpg",
        "name": "Aroona Spring Still Water Sports Cap Action Bottle 1l",
        "price": 1.45,
        "unitPrice": "$1.45 / 1L"
    },
    {
        "category": "drinks",
        "href": "https://www.woolworths.com.au/shop/productdetails/955848/jive-smoothie-kiwi-peach",
        "imgName": "955848.jpg",
        "imgSrc": "https://cdn0.woolworths.media/content/wowproductimages/medium/955848.jpg",
        "name": "Jive Smoothie Kiwi Peach 1l",
        "price": 4.65,
        "unitPrice": "$0.47 / 100ML"
    },
    {
        "category": "drinks",
        "href": "https://www.woolworths.com.au/shop/productdetails/477442/golden-circle-fruit-juice-apple-mango",
        "imgName": "477442.jpg",
        "imgSrc": "https://cdn0.woolworths.media/content/wowproductimages/medium/477442.jpg",
        "name": "Golden Circle Fruit Juice Apple Mango 6x200ml",
        "price": 5.15,
        "unitPrice": "$4.29 / 1L"
    },
    {
        "category": "drinks",
        "href": "https://www.woolworths.com.au/shop/productdetails/597439/raw-c-coconut-water-natural",
        "imgName": "597439.jpg",
        "imgSrc": "https://cdn0.woolworths.media/content/wowproductimages/medium/597439.jpg",
        "name": "Raw C Coconut Water Natural 300ml",
        "price": 2,
        "unitPrice": "$6.67 / 1L"
    },
    {
        "category": "drinks",
        "href": "https://www.woolworths.com.au/shop/productdetails/528299/moccona-freeze-dried-instant-coffee-wholebean-reserve-smooth",
        "imgName": "528299.jpg",
        "imgSrc": "https://cdn0.woolworths.media/content/wowproductimages/medium/528299.jpg",
        "name": "Moccona Freeze Dried Instant Coffee Wholebean Reserve Smooth 100g",
        "price": 10.7,
        "unitPrice": "$10.70 / 100G"
    },
    {
        "category": "drinks",
        "href": "https://www.woolworths.com.au/shop/productdetails/41853/twinings-english-breakfast-loose-leaf-tea",
        "imgName": "041853.jpg",
        "imgSrc": "https://cdn0.woolworths.media/content/wowproductimages/medium/041853.jpg",
        "name": "Twinings English Breakfast Loose Leaf Tea 125g",
        "price": 7,
        "unitPrice": "$5.60 / 100G"
    },
    {
        "category": "drinks",
        "href": "https://www.woolworths.com.au/shop/productdetails/474593/preshafruit-cold-pressed-pink-lady-apple-pear-juice",
        "imgName": "474593.jpg",
        "imgSrc": "https://cdn0.woolworths.media/content/wowproductimages/medium/474593.jpg",
        "name": "Preshafruit Cold Pressed Pink Lady Apple & Pear Juice 2l",
        "price": 6.6,
        "unitPrice": "$3.30 / 1L"
    },
    {
        "category": "drinks",
        "href": "https://www.woolworths.com.au/shop/productdetails/717059/preshafruit-cold-pressed-apple-passionfruit-juice",
        "imgName": "717059.jpg",
        "imgSrc": "https://cdn0.woolworths.media/content/wowproductimages/medium/717059.jpg",
        "name": "Preshafruit Cold Pressed Apple & Passionfruit Juice 1l",
        "price": 5.8,
        "unitPrice": "$5.80 / 1L"
    },
    {
        "category": "drinks",
        "href": "https://www.woolworths.com.au/shop/productdetails/887085/v8-purple-power-vegetable-and-fruit-juice",
        "imgName": "887085.jpg",
        "imgSrc": "https://cdn0.woolworths.media/content/wowproductimages/medium/887085.jpg",
        "name": "V8 Purple Power Vegetable And Fruit Juice 1.25l",
        "price": 4.99,
        "unitPrice": "$3.99 / 1L"
    },
    {
        "category": "drinks",
        "href": "https://www.woolworths.com.au/shop/productdetails/165042/dick-smith-ozechoc-drinking-powder",
        "imgName": "165042.jpg",
        "imgSrc": "https://cdn0.woolworths.media/content/wowproductimages/medium/165042.jpg",
        "name": "Dick Smith Ozechoc Drinking Powder  250g",
        "price": 2.7,
        "unitPrice": "$1.08 / 100G"
    },
    {
        "category": "drinks",
        "href": "https://www.woolworths.com.au/shop/productdetails/90000866/moccona-coffee-classic-medium-400g-x-3-bundle",
        "imgName": "90000866.jpg",
        "imgSrc": "https://cdn0.woolworths.media/content/wowproductimages/medium/90000866.jpg",
        "name": "Moccona Coffee Classic Medium 400g X 3 Bundle",
        "price": 54,
        "unitPrice": "$4.50 / G"
    },
    {
        "category": "drinks",
        "href": "https://www.woolworths.com.au/shop/productdetails/23025/sustagen-dutch-chocolate",
        "imgName": "023025.jpg",
        "imgSrc": "https://cdn0.woolworths.media/content/wowproductimages/medium/023025.jpg",
        "name": "Sustagen Dutch Chocolate  400g",
        "price": 7.5,
        "unitPrice": "$1.88 / 100G"
    },
    {
        "category": "drinks",
        "href": "https://www.woolworths.com.au/shop/productdetails/175462/aurora-freeze-dried-coffee-italian-style",
        "imgName": "175462.jpg",
        "imgSrc": "https://cdn0.woolworths.media/content/wowproductimages/medium/175462.jpg",
        "name": "Aurora Freeze Dried Coffee Italian Style 100g",
        "price": 5,
        "unitPrice": "$5.00 / 100G"
    },
    {
        "category": "drinks",
        "href": "https://www.woolworths.com.au/shop/productdetails/315769/prima-orange-mango-fruit-drink",
        "imgName": "315769.jpg",
        "imgSrc": "https://cdn0.woolworths.media/content/wowproductimages/medium/315769.jpg",
        "name": "Prima Orange & Mango Fruit Drink 6x200ml",
        "price": 4.3,
        "unitPrice": "$3.58 / 1L"
    },
    {
        "category": "drinks",
        "href": "https://www.woolworths.com.au/shop/productdetails/315759/prima-apple-raspberry-fruit-drink",
        "imgName": "315759.jpg",
        "imgSrc": "https://cdn0.woolworths.media/content/wowproductimages/medium/315759.jpg",
        "name": "Prima Apple & Raspberry Fruit Drink 6x200ml",
        "price": 4.3,
        "unitPrice": "$3.58 / 1L"
    },
    {
        "category": "drinks",
        "href": "https://www.woolworths.com.au/shop/productdetails/938214/eastcoast-orange-juice-100-percent",
        "imgName": "938214.jpg",
        "imgSrc": "https://cdn0.woolworths.media/content/wowproductimages/medium/938214.jpg",
        "name": "Eastcoast Orange Juice 100 Percent 2l",
        "price": 5,
        "unitPrice": "$2.50 / 1L"
    },
    {
        "category": "drinks",
        "href": "https://www.woolworths.com.au/shop/productdetails/3154/bickfords-lemon-barley-cordial",
        "imgName": "003154.jpg",
        "imgSrc": "https://cdn0.woolworths.media/content/wowproductimages/medium/003154.jpg",
        "name": "Bickfords Lemon Barley Cordial 750ml",
        "price": 4,
        "unitPrice": "$5.33 / 1L"
    },
    {
        "category": "drinks",
        "href": "https://www.woolworths.com.au/shop/productdetails/483366/sunraysia-fruit-pouch-apple-guava",
        "imgName": "483366.jpg",
        "imgSrc": "https://cdn0.woolworths.media/content/wowproductimages/medium/483366.jpg",
        "name": "Sunraysia Fruit Pouch Apple & Guava 200ml",
        "price": 1,
        "unitPrice": "$5.00 / 1L"
    },
    {
        "category": "drinks",
        "href": "https://www.woolworths.com.au/shop/productdetails/466166/daily-juice-kids-hidden-vegetables-pop-top-juice",
        "imgName": "466166.jpg",
        "imgSrc": "https://cdn0.woolworths.media/content/wowproductimages/medium/466166.jpg",
        "name": "Daily Juice Kids Hidden Vegetables Pop Top Juice 250ml",
        "price": 2.25,
        "unitPrice": "$9.00 / 1L"
    },
    {
        "category": "drinks",
        "href": "https://www.woolworths.com.au/shop/productdetails/841478/v-guarana-energy-drink",
        "imgName": "841478.jpg",
        "imgSrc": "https://cdn0.woolworths.media/content/wowproductimages/medium/841478.jpg",
        "name": "V Guarana Energy Drink 4pk 275ml",
        "price": 6.6,
        "unitPrice": "$6.00 / 1L"
    },
    {
        "category": "drinks",
        "href": "https://www.woolworths.com.au/shop/productdetails/468694/impressed-cold-pressed-juice-date-night",
        "imgName": "468694.jpg",
        "imgSrc": "https://cdn0.woolworths.media/content/wowproductimages/medium/468694.jpg",
        "name": "Impressed Cold Pressed Juice Date Night 325ml",
        "price": 3.65,
        "unitPrice": "$11.23 / 1L"
    },
    {
        "category": "drinks",
        "href": "https://www.woolworths.com.au/shop/productdetails/741169/sunraysia-organic-orange-100-juice",
        "imgName": "741169.jpg",
        "imgSrc": "https://cdn0.woolworths.media/content/wowproductimages/medium/741169.jpg",
        "name": "Sunraysia Organic Orange 100% Juice  200ml",
        "price": 1,
        "unitPrice": "$5.00 / 1L"
    },
    {
        "category": "drinks",
        "href": "https://www.woolworths.com.au/shop/productdetails/459692/red-bull-energy-drink-sugar-free",
        "imgName": "459692.jpg",
        "imgSrc": "https://cdn0.woolworths.media/content/wowproductimages/medium/459692.jpg",
        "name": "Red Bull Energy Drink Sugar Free 473ml",
        "price": 4.55,
        "unitPrice": "$9.62 / 1L"
    },
    {
        "category": "drinks",
        "href": "https://www.woolworths.com.au/shop/productdetails/786547/golden-circle-apricot-nectar",
        "imgName": "786547.jpg",
        "imgSrc": "https://cdn0.woolworths.media/content/wowproductimages/medium/786547.jpg",
        "name": "Golden Circle Apricot Nectar  1l",
        "price": 3,
        "unitPrice": "$3.00 / 1L"
    },
    {
        "category": "drinks",
        "href": "https://www.woolworths.com.au/shop/productdetails/90000071/finlandia-helsinki-mule-with-vodka-ginger-ale-bundle",
        "imgName": "90000071.jpg",
        "imgSrc": "https://cdn0.woolworths.media/content/wowproductimages/medium/90000071.jpg",
        "name": "Finlandia Helsinki Mule With Vodka & Ginger Ale Bundle",
        "price": 35
    },
    {
        "category": "drinks",
        "href": "https://www.woolworths.com.au/shop/productdetails/90000547/kids-healthy-lunch-box-fillers-apple-juice-raspberry-yoghurt-colby-cheese-bundle",
        "imgName": "90000547.jpg",
        "imgSrc": "https://cdn0.woolworths.media/content/wowproductimages/medium/90000547.jpg",
        "name": "Kids Healthy Lunch Box Fillers, Apple Juice, Raspberry Yoghurt & Colby Cheese Bundle",
        "price": 11.5
    },
    {
        "category": "drinks",
        "href": "https://www.woolworths.com.au/shop/productdetails/90000861/harris-espresso-beans-1kg-x-2-bundle",
        "imgName": "90000861.jpg",
        "imgSrc": "https://cdn0.woolworths.media/content/wowproductimages/medium/90000861.jpg",
        "name": "Harris Espresso Beans 1kg X 2 Bundle",
        "price": 32,
        "unitPrice": "$1.60 / G"
    },
    {
        "category": "drinks",
        "href": "https://www.woolworths.com.au/shop/productdetails/25832/fanta-orange-can",
        "imgName": "025832.jpg",
        "imgSrc": "https://cdn0.woolworths.media/content/wowproductimages/medium/025832.jpg",
        "name": "Fanta Orange Can 250ml",
        "price": 2.15,
        "unitPrice": "$8.60 / 1L"
    },
    {
        "category": "drinks",
        "href": "https://www.woolworths.com.au/shop/productdetails/139463/daily-juice-pulp-free-orange-juice-no-added-sugar",
        "imgName": "139463.jpg",
        "imgSrc": "https://cdn0.woolworths.media/content/wowproductimages/medium/139463.jpg",
        "name": "Daily Juice Pulp Free Orange Juice No Added Sugar 3l",
        "price": 7.5,
        "unitPrice": "$2.50 / 1L"
    },
    {
        "category": "drinks",
        "href": "https://www.woolworths.com.au/shop/productdetails/503110/woolworths-fruit-drink-35-orange-mango",
        "imgName": "503110.jpg",
        "imgSrc": "https://cdn0.woolworths.media/content/wowproductimages/medium/503110.jpg",
        "name": "Woolworths Fruit Drink 35% Orange Mango 6x250ml",
        "price": 2.75,
        "unitPrice": "$1.83 / 1L"
    },
    {
        "category": "drinks",
        "href": "https://www.woolworths.com.au/shop/productdetails/757792/woolworths-tropical-juice",
        "imgName": "757792.jpg",
        "imgSrc": "https://cdn0.woolworths.media/content/wowproductimages/medium/757792.jpg",
        "name": "Woolworths Tropical Juice 6x250ml",
        "price": 3,
        "unitPrice": "$2.00 / 1L"
    },
    {
        "category": "drinks",
        "href": "https://www.woolworths.com.au/shop/productdetails/786581/golden-circle-guava-nectar",
        "imgName": "786581.jpg",
        "imgSrc": "https://cdn0.woolworths.media/content/wowproductimages/medium/786581.jpg",
        "name": "Golden Circle Guava Nectar  1l",
        "price": 3,
        "unitPrice": "$3.00 / 1L"
    },
    {
        "category": "drinks",
        "href": "https://www.woolworths.com.au/shop/productdetails/662400/maximus-big-squash",
        "imgName": "662400.jpg",
        "imgSrc": "https://cdn0.woolworths.media/content/wowproductimages/medium/662400.jpg",
        "name": "Maximus Big Squash  1l",
        "price": 2.55,
        "unitPrice": "$2.55 / 1L"
    },
    {
        "category": "drinks",
        "href": "https://www.woolworths.com.au/shop/productdetails/700432/ya-coya-sugar-free-aloe-crush",
        "imgName": "700432.jpg",
        "imgSrc": "https://cdn0.woolworths.media/content/wowproductimages/medium/700432.jpg",
        "name": "Ya-coya Sugar Free Aloe Crush 1.5l",
        "price": 4.35,
        "unitPrice": "$2.90 / 1L"
    },
    {
        "category": "drinks",
        "href": "https://www.woolworths.com.au/shop/productdetails/799681/gatorade-blue-bolt",
        "imgName": "799681.jpg",
        "imgSrc": "https://cdn0.woolworths.media/content/wowproductimages/medium/799681.jpg",
        "name": "Gatorade Blue Bolt  1l",
        "price": 2.5,
        "unitPrice": "$2.50 / 1L"
    },
    {
        "category": "drinks",
        "href": "https://www.woolworths.com.au/shop/productdetails/825528/woolworths-orange-juice",
        "imgName": "825528.jpg",
        "imgSrc": "https://cdn0.woolworths.media/content/wowproductimages/medium/825528.jpg",
        "name": "Woolworths Orange Juice  2l",
        "price": 2,
        "unitPrice": "$1.00 / 1L"
    },
    {
        "category": "drinks",
        "href": "https://www.woolworths.com.au/shop/productdetails/15720/golden-circle-mango-nectar-fruit-drink",
        "imgName": "015720.jpg",
        "imgSrc": "https://cdn0.woolworths.media/content/wowproductimages/medium/015720.jpg",
        "name": "Golden Circle Mango Nectar Fruit Drink 2l",
        "price": 3.79,
        "unitPrice": "$1.90 / 1L"
    },
    {
        "category": "drinks",
        "href": "https://www.woolworths.com.au/shop/productdetails/41400/mildura-tropical-fruit-drink",
        "imgName": "041400.jpg",
        "imgSrc": "https://cdn0.woolworths.media/content/wowproductimages/medium/041400.jpg",
        "name": "Mildura Tropical Fruit Drink 2l",
        "price": 3.15,
        "unitPrice": "$1.58 / 1L"
    },
    {
        "category": "drinks",
        "href": "https://www.woolworths.com.au/shop/productdetails/49275/moccona-freeze-dried-instant-coffee-classic-decaffeinated",
        "imgName": "049275.jpg",
        "imgSrc": "https://cdn0.woolworths.media/content/wowproductimages/medium/049275.jpg",
        "name": "Moccona Freeze Dried Instant Coffee Classic Decaffeinated 100g",
        "price": 12.5,
        "unitPrice": "$12.50 / 100G"
    },
    {
        "category": "drinks",
        "href": "https://www.woolworths.com.au/shop/productdetails/71550/nescafe-gold-instant-coffee-decaffeinated",
        "imgName": "071550.jpg",
        "imgSrc": "https://cdn0.woolworths.media/content/wowproductimages/medium/071550.jpg",
        "name": "Nescafe Gold Instant Coffee Decaffeinated 100g",
        "price": 10.5,
        "unitPrice": "$10.50 / 100G"
    },
    {
        "category": "drinks",
        "href": "https://www.woolworths.com.au/shop/productdetails/253048/bickfords-pomegranate-juice",
        "imgName": "253048.jpg",
        "imgSrc": "https://cdn0.woolworths.media/content/wowproductimages/medium/253048.jpg",
        "name": "Bickfords Pomegranate Juice 1l",
        "price": 6.59,
        "unitPrice": "$6.59 / 1L"
    },
    {
        "category": "drinks",
        "href": "https://www.woolworths.com.au/shop/productdetails/260136/phoenix-organic-juice-orange-mango-apple",
        "imgName": "260136.jpg",
        "imgSrc": "https://cdn0.woolworths.media/content/wowproductimages/medium/260136.jpg",
        "name": "Phoenix Organic Juice Orange Mango & Apple 750ml",
        "price": 3.65,
        "unitPrice": "$4.87 / 1L"
    },
    {
        "category": "drinks",
        "href": "https://www.woolworths.com.au/shop/productdetails/315747/prima-apple-fruit-drink",
        "imgName": "315747.jpg",
        "imgSrc": "https://cdn0.woolworths.media/content/wowproductimages/medium/315747.jpg",
        "name": "Prima Apple Fruit Drink 6x200ml",
        "price": 4.3,
        "unitPrice": "$3.58 / 1L"
    },
    {
        "category": "drinks",
        "href": "https://www.woolworths.com.au/shop/productdetails/468559/impressed-easy-greens-juice",
        "imgName": "468559.jpg",
        "imgSrc": "https://cdn0.woolworths.media/content/wowproductimages/medium/468559.jpg",
        "name": "Impressed Easy Greens Juice  1l",
        "price": 6,
        "unitPrice": "$6.00 / 1L"
    },
    {
        "category": "drinks",
        "href": "https://www.woolworths.com.au/shop/productdetails/470766/boost-juice-all-berry-bang",
        "imgName": "470766.jpg",
        "imgSrc": "https://cdn0.woolworths.media/content/wowproductimages/medium/470766.jpg",
        "name": "Boost Juice All Berry Bang  1l",
        "price": 5.5,
        "unitPrice": "$5.50 / 1L"
    },
    {
        "category": "drinks",
        "href": "https://www.woolworths.com.au/shop/productdetails/420779/meko-coconut-water-100-pure",
        "imgName": "420779.jpg",
        "imgSrc": "https://cdn0.woolworths.media/content/wowproductimages/medium/420779.jpg",
        "name": "Meko Coconut Water 100% Pure 1l",
        "price": 5,
        "unitPrice": "$5.00 / 1L"
    },
    {
        "category": "drinks",
        "href": "https://www.woolworths.com.au/shop/productdetails/555208/golden-circle-tropical-punch-fruit-drink",
        "imgName": "555208.jpg",
        "imgSrc": "https://cdn0.woolworths.media/content/wowproductimages/medium/555208.jpg",
        "name": "Golden Circle Tropical Punch Fruit Drink 24x250ml",
        "price": 12.9,
        "unitPrice": "$2.15 / 1L"
    },
    {
        "category": "drinks",
        "href": "https://www.woolworths.com.au/shop/productdetails/503038/woolworths-fruit-drink-35-apple",
        "imgName": "503038.jpg",
        "imgSrc": "https://cdn0.woolworths.media/content/wowproductimages/medium/503038.jpg",
        "name": "Woolworths Fruit Drink 35% Apple 6x250ml",
        "price": 2.75,
        "unitPrice": "$1.83 / 1L"
    },
    {
        "category": "drinks",
        "href": "https://www.woolworths.com.au/shop/productdetails/590411/mother-energy-drink-kicked-apple",
        "imgName": "590411.jpg",
        "imgSrc": "https://cdn0.woolworths.media/content/wowproductimages/medium/590411.jpg",
        "name": "Mother Energy Drink Kicked Apple 500ml",
        "price": 2.75,
        "unitPrice": "$5.50 / 1L"
    },
    {
        "category": "drinks",
        "href": "https://www.woolworths.com.au/shop/productdetails/711676/daily-juice-orange-juice-pulp-free",
        "imgName": "711676.jpg",
        "imgSrc": "https://cdn0.woolworths.media/content/wowproductimages/medium/711676.jpg",
        "name": "Daily Juice Orange Juice Pulp Free 500ml",
        "price": 3,
        "unitPrice": "$6.00 / 1L"
    },
    {
        "category": "drinks",
        "href": "https://www.woolworths.com.au/shop/productdetails/711677/daily-juice-breakfast",
        "imgName": "711677.jpg",
        "imgSrc": "https://cdn0.woolworths.media/content/wowproductimages/medium/711677.jpg",
        "name": "Daily Juice Breakfast  500ml",
        "price": 3,
        "unitPrice": "$6.00 / 1L"
    },
    {
        "category": "drinks",
        "href": "https://www.woolworths.com.au/shop/productdetails/662709/schweppes-raspberry-tonic-water",
        "imgName": "662709.jpg",
        "imgSrc": "https://cdn0.woolworths.media/content/wowproductimages/medium/662709.jpg",
        "name": "Schweppes Raspberry Tonic Water 1.1l",
        "price": 1.15,
        "unitPrice": "$1.05 / 1L"
    },
    {
        "category": "drinks",
        "href": "https://www.woolworths.com.au/shop/productdetails/729168/woolworths-apple-juice",
        "imgName": "729168.jpg",
        "imgSrc": "https://cdn0.woolworths.media/content/wowproductimages/medium/729168.jpg",
        "name": "Woolworths Apple Juice 6x250ml",
        "price": 3,
        "unitPrice": "$2.00 / 1L"
    },
    {
        "category": "drinks",
        "href": "https://www.woolworths.com.au/shop/productdetails/729170/woolworths-orange-juice",
        "imgName": "729170.jpg",
        "imgSrc": "https://cdn0.woolworths.media/content/wowproductimages/medium/729170.jpg",
        "name": "Woolworths Orange Juice 6x250ml",
        "price": 3,
        "unitPrice": "$2.00 / 1L"
    },
    {
        "category": "drinks",
        "href": "https://www.woolworths.com.au/shop/productdetails/741478/berri-tomato-juice",
        "imgName": "741478.jpg",
        "imgSrc": "https://cdn0.woolworths.media/content/wowproductimages/medium/741478.jpg",
        "name": "Berri Tomato Juice 2l",
        "price": 4.29,
        "unitPrice": "$2.15 / 1L"
    },
    {
        "category": "drinks",
        "href": "https://www.woolworths.com.au/shop/productdetails/739978/nudie-nothing-but-carrot-orange-apple-juice",
        "imgName": "739978.jpg",
        "imgSrc": "https://cdn0.woolworths.media/content/wowproductimages/medium/739978.jpg",
        "name": "Nudie Nothing But Carrot Orange & Apple Juice 1l"
    },
    {
        "category": "drinks",
        "href": "https://www.woolworths.com.au/shop/productdetails/766949/red-bull-energy-drink-zero",
        "imgName": "766949.jpg",
        "imgSrc": "https://cdn0.woolworths.media/content/wowproductimages/medium/766949.jpg",
        "name": "Red Bull Energy Drink Zero 473ml",
        "price": 4.55,
        "unitPrice": "$9.62 / 1L"
    },
    {
        "category": "drinks",
        "href": "https://www.woolworths.com.au/shop/productdetails/789291/quarterpast-coffee-coffee-syrup-caramel",
        "imgName": "789291.jpg",
        "imgSrc": "https://cdn0.woolworths.media/content/wowproductimages/medium/789291.jpg",
        "name": "Quarterpast Coffee Coffee Syrup Caramel 250ml",
        "price": 6.49,
        "unitPrice": "$2.60 / 100ML"
    },
    {
        "category": "drinks",
        "href": "https://www.woolworths.com.au/shop/productdetails/880873/ocean-spray-low-sugar-cranberry-classic-juice-drink",
        "imgName": "880873.jpg",
        "imgSrc": "https://cdn0.woolworths.media/content/wowproductimages/medium/880873.jpg",
        "name": "Ocean Spray Low Sugar Cranberry Classic Juice Drink 1.5l",
        "price": 3.95,
        "unitPrice": "$2.63 / 1L"
    },
    {
        "category": "drinks",
        "href": "https://www.woolworths.com.au/shop/productdetails/843743/cocobella-chilled-super-smoothie-choc-almond",
        "imgName": "843743.jpg",
        "imgSrc": "https://cdn0.woolworths.media/content/wowproductimages/medium/843743.jpg",
        "name": "Cocobella Chilled Super Smoothie Choc Almond 1l",
        "price": 6.15,
        "unitPrice": "$6.15 / 1L"
    },
    {
        "category": "drinks",
        "href": "https://www.woolworths.com.au/shop/productdetails/953833/v-energy-drink-zero-sugar",
        "imgName": "953833.jpg",
        "imgSrc": "https://cdn0.woolworths.media/content/wowproductimages/medium/953833.jpg",
        "name": "V Energy Drink Zero Sugar 4x275ml",
        "price": 6.6,
        "unitPrice": "$6.00 / 1L"
    },
    {
        "category": "drinks",
        "href": "https://www.woolworths.com.au/shop/productdetails/931751/the-juice-lab-rise-shine-fruit-juice",
        "imgName": "931751.jpg",
        "imgSrc": "https://cdn0.woolworths.media/content/wowproductimages/medium/931751.jpg",
        "name": "The Juice Lab Rise & Shine Fruit Juice 400ml",
        "price": 4,
        "unitPrice": "$10.00 / 1L"
    },
    {
        "category": "drinks",
        "href": "https://www.woolworths.com.au/shop/productdetails/665629/real-jce-broccoli-nas",
        "imgName": "665629.jpg",
        "imgSrc": "https://cdn0.woolworths.media/content/wowproductimages/medium/665629.jpg",
        "name": "Real Jce Broccoli Nas  300ml",
        "price": 3.65,
        "unitPrice": "$12.17 / 1L"
    },
    {
        "category": "drinks",
        "href": "https://www.woolworths.com.au/shop/productdetails/531043/cascade-soda-water-bottle",
        "imgName": "531043.jpg",
        "imgSrc": "https://cdn0.woolworths.media/content/wowproductimages/medium/531043.jpg",
        "name": "Cascade Soda Water Bottle 850ml",
        "price": 1.9
    },
    {
        "category": "drinks",
        "href": "https://www.woolworths.com.au/shop/productdetails/289280/coopers-birell-premium-bottles",
        "imgName": "289280.jpg",
        "imgSrc": "https://cdn0.woolworths.media/content/wowproductimages/medium/289280.jpg",
        "name": "Coopers Birell Premium Bottles 24x375ml case",
        "price": 25,
        "unitPrice": "$2.78 / 1L"
    },
    {
        "category": "drinks",
        "href": "https://www.woolworths.com.au/shop/productdetails/664740/lipton-ice-green-tea-jasmine-lychee-flavour",
        "imgName": "664740.jpg",
        "imgSrc": "https://cdn0.woolworths.media/content/wowproductimages/medium/664740.jpg",
        "name": "Lipton Ice Green Tea Jasmine Lychee Flavour 500ml",
        "price": 2.7,
        "unitPrice": "$5.40 / 1L"
    },
    {
        "category": "drinks",
        "href": "https://www.woolworths.com.au/shop/productdetails/643505/cocobella-coconut-water-peach-mango",
        "imgName": "643505.jpg",
        "imgSrc": "https://cdn0.woolworths.media/content/wowproductimages/medium/643505.jpg",
        "name": "Cocobella Coconut Water Peach/mango 1l",
        "price": 5,
        "unitPrice": "$5.00 / 1L"
    },
    {
        "category": "drinks",
        "href": "https://www.woolworths.com.au/shop/productdetails/365258/v8-vegetable-juice",
        "imgName": "365258.jpg",
        "imgSrc": "https://cdn0.woolworths.media/content/wowproductimages/medium/365258.jpg",
        "name": "V8 Vegetable Juice 3x250ml",
        "price": 3.8,
        "unitPrice": "$5.07 / 1L"
    },
    {
        "category": "drinks",
        "href": "https://www.woolworths.com.au/shop/productdetails/668024/nudie-nothing-but-limited-edition-lychee-lime-pear",
        "imgName": "668024.jpg",
        "imgSrc": "https://cdn0.woolworths.media/content/wowproductimages/medium/668024.jpg",
        "name": "Nudie Nothing But Limited Edition Lychee Lime & Pear 2l",
        "price": 7,
        "unitPrice": "$3.50 / 1L"
    },
    {
        "category": "drinks",
        "href": "https://www.woolworths.com.au/shop/productdetails/621011/h2melon-watermelon-water",
        "imgName": "621011.jpg",
        "imgSrc": "https://cdn0.woolworths.media/content/wowproductimages/medium/621011.jpg",
        "name": "H2melon Watermelon Water  3x200ml",
        "price": 5.1,
        "unitPrice": "$8.50 / 1L"
    },
    {
        "category": "drinks",
        "href": "https://www.woolworths.com.au/shop/productdetails/47542/australian-grown-orange-juice",
        "imgName": "047542.jpg",
        "imgSrc": "https://cdn0.woolworths.media/content/wowproductimages/medium/047542.jpg",
        "name": "Australian Grown Orange Juice 2l",
        "price": 7,
        "unitPrice": "$3.50 / 1L"
    },
    {
        "category": "drinks",
        "href": "https://www.woolworths.com.au/shop/productdetails/739656/mildura-orange-fruit-drink",
        "imgName": "739656.jpg",
        "imgSrc": "https://cdn0.woolworths.media/content/wowproductimages/medium/739656.jpg",
        "name": "Mildura Orange Fruit Drink 3l",
        "price": 4.1,
        "unitPrice": "$1.37 / 1L"
    },
    {
        "category": "drinks",
        "href": "https://www.woolworths.com.au/shop/productdetails/522331/charlies-peach-passionfruit-quencher-fresh-juice",
        "imgName": "522331.jpg",
        "imgSrc": "https://cdn0.woolworths.media/content/wowproductimages/medium/522331.jpg",
        "name": "Charlies Peach & Passionfruit Quencher Fresh Juice 2l",
        "price": 5.55,
        "unitPrice": "$2.78 / 1L"
    },
    {
        "category": "drinks",
        "href": "https://www.woolworths.com.au/shop/productdetails/522309/charlies-blood-orange-quencher-fresh-juice",
        "imgName": "522309.jpg",
        "imgSrc": "https://cdn0.woolworths.media/content/wowproductimages/medium/522309.jpg",
        "name": "Charlies Blood Orange Quencher Fresh Juice 2l",
        "price": 5.55,
        "unitPrice": "$2.78 / 1L"
    },
    {
        "category": "drinks",
        "href": "https://www.woolworths.com.au/shop/productdetails/520519/powerade-silver-charge",
        "imgName": "520519.jpg",
        "imgSrc": "https://cdn0.woolworths.media/content/wowproductimages/medium/520519.jpg",
        "name": "Powerade Silver Charge  600ml",
        "price": 2.1,
        "unitPrice": "$3.50 / 1L"
    },
    {
        "category": "drinks",
        "href": "https://www.woolworths.com.au/shop/productdetails/365244/bickford-s-blueberry-juice-drink",
        "imgName": "365244.jpg",
        "imgSrc": "https://cdn0.woolworths.media/content/wowproductimages/medium/365244.jpg",
        "name": "Bickford's Blueberry Juice Drink 1l",
        "price": 5.35,
        "unitPrice": "$5.35 / 1L"
    },
    {
        "category": "drinks",
        "href": "https://www.woolworths.com.au/shop/productdetails/620644/ocean-spray-fruit-drink-cranberry-blueberry",
        "imgName": "620644.jpg",
        "imgSrc": "https://cdn0.woolworths.media/content/wowproductimages/medium/620644.jpg",
        "name": "Ocean Spray Fruit Drink Cranberry & Blueberry 1.5l",
        "price": 3.95,
        "unitPrice": "$2.63 / 1L"
    },
    {
        "category": "drinks",
        "href": "https://www.woolworths.com.au/shop/productdetails/360919/deep-spring-still-water",
        "imgName": "360919.jpg",
        "imgSrc": "https://cdn0.woolworths.media/content/wowproductimages/medium/360919.jpg",
        "name": "Deep Spring Still Water 600ml",
        "price": 2.1,
        "unitPrice": "$3.50 / 1L"
    },
    {
        "category": "drinks",
        "href": "https://www.woolworths.com.au/shop/productdetails/427299/higher-living-loose-leaf-green-tea-coconut",
        "imgName": "427299.jpg",
        "imgSrc": "https://cdn0.woolworths.media/content/wowproductimages/medium/427299.jpg",
        "name": "Higher Living Loose Leaf Green Tea Coconut 100g",
        "price": 5.99,
        "unitPrice": "$7.99 / 100G"
    },
    {
        "category": "drinks",
        "href": "https://www.woolworths.com.au/shop/productdetails/308422/celestial-seasonings-herbal-tea-bengal-spice-tea-bags",
        "imgName": "308422.jpg",
        "imgSrc": "https://cdn0.woolworths.media/content/wowproductimages/medium/308422.jpg",
        "name": "Celestial Seasonings Herbal Tea Bengal Spice Tea Bags 20pk 47g",
        "price": 4.2,
        "unitPrice": "$8.94 / 100G"
    },
    {
        "category": "drinks",
        "href": "https://www.woolworths.com.au/shop/productdetails/938216/eastcoast-100-percent-orange-juice-pulp-free",
        "imgName": "938216.jpg",
        "imgSrc": "https://cdn0.woolworths.media/content/wowproductimages/medium/938216.jpg",
        "name": "Eastcoast 100 Percent Orange Juice Pulp Free 2l",
        "price": 5,
        "unitPrice": "$2.50 / 1L"
    },
    {
        "category": "drinks",
        "href": "https://www.woolworths.com.au/shop/productdetails/142744/berri-canned-apricot-nectar-with-35-juice",
        "imgName": "142744.jpg",
        "imgSrc": "https://cdn0.woolworths.media/content/wowproductimages/medium/142744.jpg",
        "name": "Berri Canned Apricot Nectar With 35% Juice 405ml",
        "price": 2.3,
        "unitPrice": "$5.68 / 1L"
    },
    {
        "category": "drinks",
        "href": "https://www.woolworths.com.au/shop/productdetails/800325/nescafe-instant-coffee-blend-43-smooth-creamy",
        "imgName": "800325.jpg",
        "imgSrc": "https://cdn0.woolworths.media/content/wowproductimages/medium/800325.jpg",
        "name": "Nescafe Instant Coffee Blend 43 Smooth & Creamy 140g",
        "price": 9.4,
        "unitPrice": "$6.71 / 100G"
    },
    {
        "category": "drinks",
        "href": "https://www.woolworths.com.au/shop/productdetails/186269/homebrand-instant-chocolate-powdered-drink",
        "imgName": "186269.jpg",
        "imgSrc": "https://cdn0.woolworths.media/content/wowproductimages/medium/186269.jpg",
        "name": "Homebrand Instant Chocolate Powdered Drink 400g",
        "price": 2.99,
        "unitPrice": "$0.75 / 100G"
    },
    {
        "category": "drinks",
        "href": "https://www.woolworths.com.au/shop/productdetails/528287/moccona-freeze-dried-instant-coffee-wholebean-reserve-intense",
        "imgName": "528287.jpg",
        "imgSrc": "https://cdn0.woolworths.media/content/wowproductimages/medium/528287.jpg",
        "name": "Moccona Freeze Dried Instant Coffee Wholebean Reserve Intense 100g",
        "price": 10.7,
        "unitPrice": "$10.70 / 100G"
    },
    {
        "category": "drinks",
        "href": "https://www.woolworths.com.au/shop/productdetails/955850/jive-smoothie-kiwi-peach",
        "imgName": "955850.jpg",
        "imgSrc": "https://cdn0.woolworths.media/content/wowproductimages/medium/955850.jpg",
        "name": "Jive Smoothie Kiwi Peach 300ml",
        "price": 3.05,
        "unitPrice": "$1.02 / 100ML"
    },
    {
        "category": "drinks",
        "href": "https://www.woolworths.com.au/shop/productdetails/90000872/moccona-coffee-classic-medium-400g-x-6-bundle",
        "imgName": "90000872.jpg",
        "imgSrc": "https://cdn0.woolworths.media/content/wowproductimages/medium/90000872.jpg",
        "name": "Moccona Coffee Classic Medium 400g X 6 Bundle",
        "price": 99,
        "unitPrice": "$4.13 / G"
    },
    {
        "category": "drinks",
        "href": "https://www.woolworths.com.au/shop/productdetails/183425/liddells-chocolate-flavoured-milk-lactose-free",
        "imgName": "183425.jpg",
        "imgSrc": "https://cdn0.woolworths.media/content/wowproductimages/medium/183425.jpg",
        "name": "Liddells Chocolate Flavoured Milk Lactose Free 6x250ml",
        "price": 7.25,
        "unitPrice": "$4.83 / 1L"
    },
    {
        "category": "drinks",
        "href": "https://www.woolworths.com.au/shop/productdetails/787343/meko-100-pure-coconut-water",
        "imgName": "787343.jpg",
        "imgSrc": "https://cdn0.woolworths.media/content/wowproductimages/medium/787343.jpg",
        "name": "Meko 100% Pure Coconut Water 310ml",
        "price": 2.7,
        "unitPrice": "$8.71 / 1L"
    },
    {
        "category": "drinks",
        "href": "https://www.woolworths.com.au/shop/productdetails/786697/golden-circle-tomato-juice",
        "imgName": "786697.jpg",
        "imgSrc": "https://cdn0.woolworths.media/content/wowproductimages/medium/786697.jpg",
        "name": "Golden Circle Tomato Juice 1l",
        "price": 2.39,
        "unitPrice": "$2.39 / 1L"
    },
    {
        "category": "drinks",
        "href": "https://www.woolworths.com.au/shop/productdetails/36692/breaka-strawberry-milk",
        "imgName": "036692.jpg",
        "imgSrc": "https://cdn0.woolworths.media/content/wowproductimages/medium/036692.jpg",
        "name": "Breaka Strawberry Milk  6x250ml",
        "price": 7.1,
        "unitPrice": "$4.73 / 1L"
    },
    {
        "category": "drinks",
        "href": "https://www.woolworths.com.au/shop/productdetails/843723/cocobella-coconut-water-straight-up-chilled",
        "imgName": "843723.jpg",
        "imgSrc": "https://cdn0.woolworths.media/content/wowproductimages/medium/843723.jpg",
        "name": "Cocobella Coconut Water Straight Up Chilled 1l",
        "price": 6.15,
        "unitPrice": "$6.15 / 1L"
    },
    {
        "category": "drinks",
        "href": "https://www.woolworths.com.au/shop/productdetails/34709/international-roast-instant-coffee",
        "imgName": "034709.jpg",
        "imgSrc": "https://cdn0.woolworths.media/content/wowproductimages/medium/034709.jpg",
        "name": "International Roast Instant Coffee  500g",
        "price": 11,
        "unitPrice": "$2.20 / 100G"
    },
    {
        "category": "drinks",
        "href": "https://www.woolworths.com.au/shop/productdetails/886724/cocobella-coconut-water-watermelon-mint",
        "imgName": "886724.jpg",
        "imgSrc": "https://cdn0.woolworths.media/content/wowproductimages/medium/886724.jpg",
        "name": "Cocobella Coconut Water & Watermelon Mint 1l",
        "price": 5,
        "unitPrice": "$5.00 / 1L"
    },
    {
        "category": "drinks",
        "href": "https://www.woolworths.com.au/shop/productdetails/749821/v8-hot-spicy-vegetable-juice",
        "imgName": "749821.jpg",
        "imgSrc": "https://cdn0.woolworths.media/content/wowproductimages/medium/749821.jpg",
        "name": "V8 Hot & Spicy Vegetable Juice 1.25l",
        "price": 4.6,
        "unitPrice": "$3.68 / 1L"
    },
    {
        "category": "drinks",
        "href": "https://www.woolworths.com.au/shop/productdetails/749812/v8-tropical-fusion-juice",
        "imgName": "749812.jpg",
        "imgSrc": "https://cdn0.woolworths.media/content/wowproductimages/medium/749812.jpg",
        "name": "V8 Tropical Fusion Juice 1.25l",
        "price": 4.6,
        "unitPrice": "$3.68 / 1L"
    },
    {
        "category": "drinks",
        "href": "https://www.woolworths.com.au/shop/productdetails/546781/preshafruit-cold-pressed-pomegranate-apple-juice",
        "imgName": "546781.jpg",
        "imgSrc": "https://cdn0.woolworths.media/content/wowproductimages/medium/546781.jpg",
        "name": "Preshafruit Cold Pressed Pomegranate & Apple Juice 350ml",
        "price": 4,
        "unitPrice": "$11.43 / 1L"
    },
    {
        "category": "drinks",
        "href": "https://www.woolworths.com.au/shop/productdetails/90000865/moccona-coffee-classic-200g-x-3-bundle",
        "imgName": "90000865.jpg",
        "imgSrc": "https://cdn0.woolworths.media/content/wowproductimages/medium/90000865.jpg",
        "name": "Moccona Coffee Classic 200g X 3 Bundle",
        "price": 36,
        "unitPrice": "$6.00 / G"
    },
    {
        "category": "drinks",
        "href": "https://www.woolworths.com.au/shop/productdetails/73357/grove-mandarin-juice-no-added-sugar",
        "imgName": "073357.jpg",
        "imgSrc": "https://cdn0.woolworths.media/content/wowproductimages/medium/073357.jpg",
        "name": "Grove Mandarin Juice No Added Sugar 2l",
        "price": 6.5,
        "unitPrice": "$3.25 / 1L"
    },
    {
        "category": "drinks",
        "href": "https://www.woolworths.com.au/shop/productdetails/315784/just-juice-orange-juice",
        "imgName": "315784.jpg",
        "imgSrc": "https://cdn0.woolworths.media/content/wowproductimages/medium/315784.jpg",
        "name": "Just Juice Orange Juice 6x200ml",
        "price": 5.4,
        "unitPrice": "$4.50 / 1L"
    },
    {
        "category": "drinks",
        "href": "https://www.woolworths.com.au/shop/productdetails/365189/powerade-berry-ice-flo-cap",
        "imgName": "365189.jpg",
        "imgSrc": "https://cdn0.woolworths.media/content/wowproductimages/medium/365189.jpg",
        "name": "Powerade Berry Ice Flo Cap 600ml",
        "price": 2.1,
        "unitPrice": "$3.50 / 1L"
    },
    {
        "category": "drinks",
        "href": "https://www.woolworths.com.au/shop/productdetails/317956/preshafruit-cold-pressed-granny-smith-apple-juice",
        "imgName": "317956.jpg",
        "imgSrc": "https://cdn0.woolworths.media/content/wowproductimages/medium/317956.jpg",
        "name": "Preshafruit Cold Pressed Granny Smith Apple Juice 350ml",
        "price": 3.3,
        "unitPrice": "$9.43 / 1L"
    },
    {
        "category": "drinks",
        "href": "https://www.woolworths.com.au/shop/productdetails/478354/bushells-powdered-coffee-classic",
        "imgName": "478354.jpg",
        "imgSrc": "https://cdn0.woolworths.media/content/wowproductimages/medium/478354.jpg",
        "name": "Bushells Powdered Coffee Classic 200g",
        "price": 6,
        "unitPrice": "$3.00 / 100G"
    },
    {
        "category": "drinks",
        "href": "https://www.woolworths.com.au/shop/productdetails/648999/tru-blu-pub-squash-pub-squash",
        "imgName": "648999.jpg",
        "imgSrc": "https://cdn0.woolworths.media/content/wowproductimages/medium/648999.jpg",
        "name": "Tru Blu Pub Squash Pub Squash 6x300ml",
        "price": 4.8,
        "unitPrice": "$2.67 / 1L"
    },
    {
        "category": "drinks",
        "href": "https://www.woolworths.com.au/shop/productdetails/740011/nudie-nothing-but-apple-juice",
        "imgName": "740011.jpg",
        "imgSrc": "https://cdn0.woolworths.media/content/wowproductimages/medium/740011.jpg",
        "name": "Nudie Nothing But Apple Juice 1l",
        "price": 4.5,
        "unitPrice": "$4.50 / 1L"
    },
    {
        "category": "drinks",
        "href": "https://www.woolworths.com.au/shop/productdetails/67059/golden-circle-pineapple-juice",
        "imgName": "067059.jpg",
        "imgSrc": "https://cdn0.woolworths.media/content/wowproductimages/medium/067059.jpg",
        "name": "Golden Circle Pineapple Juice 2l",
        "price": 3.8,
        "unitPrice": "$1.90 / 1L"
    },
    {
        "category": "drinks",
        "href": "https://www.woolworths.com.au/shop/productdetails/193645/bickfords-lemon-cordial",
        "imgName": "193645.jpg",
        "imgSrc": "https://cdn0.woolworths.media/content/wowproductimages/medium/193645.jpg",
        "name": "Bickfords Lemon Cordial 750ml",
        "price": 4,
        "unitPrice": "$5.33 / 1L"
    },
    {
        "category": "drinks",
        "href": "https://www.woolworths.com.au/shop/productdetails/218024/nudie-cranberryraspberry-more-crushie",
        "imgName": "218024.jpg",
        "imgSrc": "https://cdn0.woolworths.media/content/wowproductimages/medium/218024.jpg",
        "name": "Nudie Cranberryraspberry & More Crushie 250ml",
        "price": 3,
        "unitPrice": "$12.00 / 1L"
    },
    {
        "category": "drinks",
        "href": "https://www.woolworths.com.au/shop/productdetails/315125/mother-black-energy-drink",
        "imgName": "315125.jpg",
        "imgSrc": "https://cdn0.woolworths.media/content/wowproductimages/medium/315125.jpg",
        "name": "Mother Black Energy Drink 500ml",
        "price": 2.75,
        "unitPrice": "$5.50 / 1L"
    },
    {
        "category": "drinks",
        "href": "https://www.woolworths.com.au/shop/productdetails/315777/just-juice-apple-juice",
        "imgName": "315777.jpg",
        "imgSrc": "https://cdn0.woolworths.media/content/wowproductimages/medium/315777.jpg",
        "name": "Just Juice Apple Juice 6x200ml",
        "price": 5.4,
        "unitPrice": "$4.50 / 1L"
    },
    {
        "category": "drinks",
        "href": "https://www.woolworths.com.au/shop/productdetails/260137/phoenix-organic-juice-apple-mango-passionfruit",
        "imgName": "260137.jpg",
        "imgSrc": "https://cdn0.woolworths.media/content/wowproductimages/medium/260137.jpg",
        "name": "Phoenix Organic Juice Apple Mango & Passionfruit 750ml",
        "price": 3.65,
        "unitPrice": "$4.87 / 1L"
    },
    {
        "category": "drinks",
        "href": "https://www.woolworths.com.au/shop/productdetails/159844/nature-s-cuppa-freeze-dried-coffee-caffeine-free",
        "imgName": "159844.jpg",
        "imgSrc": "https://cdn0.woolworths.media/content/wowproductimages/medium/159844.jpg",
        "name": "Nature's Cuppa Freeze Dried Coffee Caffeine Free 125g",
        "price": 5,
        "unitPrice": "$4.00 / 100G"
    },
    {
        "category": "drinks",
        "href": "https://www.woolworths.com.au/shop/productdetails/503039/woolworths-fruit-drink-35-orange",
        "imgName": "503039.jpg",
        "imgSrc": "https://cdn0.woolworths.media/content/wowproductimages/medium/503039.jpg",
        "name": "Woolworths Fruit Drink 35% Orange 6x250ml",
        "price": 2.75,
        "unitPrice": "$1.83 / 1L"
    },
    {
        "category": "drinks",
        "href": "https://www.woolworths.com.au/shop/productdetails/786550/golden-circle-pear-nectar",
        "imgName": "786550.jpg",
        "imgSrc": "https://cdn0.woolworths.media/content/wowproductimages/medium/786550.jpg",
        "name": "Golden Circle Pear Nectar  1l",
        "price": 3,
        "unitPrice": "$3.00 / 1L"
    },
    {
        "category": "drinks",
        "href": "https://www.woolworths.com.au/shop/productdetails/856430/h2coco-coconut-water-cocoespresso",
        "imgName": "856430.jpg",
        "imgSrc": "https://cdn0.woolworths.media/content/wowproductimages/medium/856430.jpg",
        "name": "H2coco Coconut Water Cocoespresso 330ml bottle",
        "price": 3,
        "unitPrice": "$9.09 / 1L"
    },
    {
        "category": "drinks",
        "href": "https://www.woolworths.com.au/shop/productdetails/695494/woolworths-select-mountain-spring-water",
        "imgName": "695494.jpg",
        "imgSrc": "https://cdn0.woolworths.media/content/wowproductimages/medium/695494.jpg",
        "name": "Woolworths Select Mountain Spring Water 10l"
    },
    {
        "category": "drinks",
        "href": "https://www.woolworths.com.au/shop/productdetails/770266/maximus-blue-bring-it-on",
        "imgName": "770266.jpg",
        "imgSrc": "https://cdn0.woolworths.media/content/wowproductimages/medium/770266.jpg",
        "name": "Maximus Blue Bring It On  1l",
        "price": 2.55,
        "unitPrice": "$2.55 / 1L"
    },
    {
        "category": "drinks",
        "href": "https://www.woolworths.com.au/shop/productdetails/83628/homebrand-instant-coffee-whitener",
        "imgName": "083628.jpg",
        "imgSrc": "https://cdn0.woolworths.media/content/wowproductimages/medium/083628.jpg",
        "name": "Homebrand Instant Coffee Whitener 500g",
        "price": 3.2,
        "unitPrice": "$0.64 / 100G"
    },
    {
        "category": "drinks",
        "href": "https://www.woolworths.com.au/shop/productdetails/923165/gatorade-tropical-sports-drink",
        "imgName": "923165.jpg",
        "imgSrc": "https://cdn0.woolworths.media/content/wowproductimages/medium/923165.jpg",
        "name": "Gatorade Tropical Sports Drink 1l",
        "price": 2.5,
        "unitPrice": "$2.50 / 1L"
    },
    {
        "category": "drinks",
        "href": "https://www.woolworths.com.au/shop/productdetails/17950/homebrand-instant-coffee-granules-granulated-coffee",
        "imgName": "017950.jpg",
        "imgSrc": "https://cdn0.woolworths.media/content/wowproductimages/medium/017950.jpg",
        "name": "Homebrand Instant Coffee Granules Granulated Coffee 200g",
        "price": 3.7,
        "unitPrice": "$1.85 / 100G"
    },
    {
        "category": "drinks",
        "href": "https://www.woolworths.com.au/shop/productdetails/75396/sunraysia-natural-prune-juice",
        "imgName": "075396.jpg",
        "imgSrc": "https://cdn0.woolworths.media/content/wowproductimages/medium/075396.jpg",
        "name": "Sunraysia Natural Prune Juice 250ml",
        "price": 2.6,
        "unitPrice": "$10.40 / 1L"
    },
    {
        "category": "drinks",
        "href": "https://www.woolworths.com.au/shop/productdetails/93136/goulburn-valley-pear-juice",
        "imgName": "093136.jpg",
        "imgSrc": "https://cdn0.woolworths.media/content/wowproductimages/medium/093136.jpg",
        "name": "Goulburn Valley Pear Juice 850ml",
        "price": 3.3,
        "unitPrice": "$3.88 / 1L"
    },
    {
        "category": "drinks",
        "href": "https://www.woolworths.com.au/shop/productdetails/308111/tru-blu-lido-lemonade-bottle",
        "imgName": "308111.jpg",
        "imgSrc": "https://cdn0.woolworths.media/content/wowproductimages/medium/308111.jpg",
        "name": "Tru Blu Lido Lemonade Bottle 1.25l",
        "price": 1.15,
        "unitPrice": "$0.92 / 1L"
    },
    {
        "category": "drinks",
        "href": "https://www.woolworths.com.au/shop/productdetails/311515/ocean-spray-cran-pomegranate-juice-drink",
        "imgName": "311515.jpg",
        "imgSrc": "https://cdn0.woolworths.media/content/wowproductimages/medium/311515.jpg",
        "name": "Ocean Spray Cran Pomegranate Juice Drink 1.5l",
        "price": 3.95,
        "unitPrice": "$2.63 / 1L"
    },
    {
        "category": "drinks",
        "href": "https://www.woolworths.com.au/shop/productdetails/315780/just-juice-apple-blackcurrant-juice",
        "imgName": "315780.jpg",
        "imgSrc": "https://cdn0.woolworths.media/content/wowproductimages/medium/315780.jpg",
        "name": "Just Juice Apple & Blackcurrant Juice 6x200ml",
        "price": 5.4,
        "unitPrice": "$4.50 / 1L"
    },
    {
        "category": "drinks",
        "href": "https://www.woolworths.com.au/shop/productdetails/317953/preshafruit-cold-pressed-pink-lady-apple-juice",
        "imgName": "317953.jpg",
        "imgSrc": "https://cdn0.woolworths.media/content/wowproductimages/medium/317953.jpg",
        "name": "Preshafruit Cold Pressed Pink Lady Apple Juice 350ml",
        "price": 3.3,
        "unitPrice": "$9.43 / 1L"
    },
    {
        "category": "drinks",
        "href": "https://www.woolworths.com.au/shop/productdetails/448581/nudie-nothing-but-orange-double-pulp",
        "imgName": "448581.jpg",
        "imgSrc": "https://cdn0.woolworths.media/content/wowproductimages/medium/448581.jpg",
        "name": "Nudie Nothing But Orange Double Pulp 2l",
        "price": 7,
        "unitPrice": "$3.50 / 1L"
    },
    {
        "category": "drinks",
        "href": "https://www.woolworths.com.au/shop/productdetails/365190/powerade-mountain-blast-flo-cap",
        "imgName": "365190.jpg",
        "imgSrc": "https://cdn0.woolworths.media/content/wowproductimages/medium/365190.jpg",
        "name": "Powerade Mountain Blast Flo Cap 600ml",
        "price": 2.1,
        "unitPrice": "$3.50 / 1L"
    },
    {
        "category": "drinks",
        "href": "https://www.woolworths.com.au/shop/productdetails/352019/fever-tree-premium-indian-tonic-water",
        "imgName": "352019.jpg",
        "imgSrc": "https://cdn0.woolworths.media/content/wowproductimages/medium/352019.jpg",
        "name": "Fever Tree Premium Indian Tonic Water 4x200ml",
        "price": 7.55,
        "unitPrice": "$1.89 / 1EA"
    },
    {
        "category": "drinks",
        "href": "https://www.woolworths.com.au/shop/productdetails/365548/powerade-lemon-lime-flo-cap",
        "imgName": "365548.jpg",
        "imgSrc": "https://cdn0.woolworths.media/content/wowproductimages/medium/365548.jpg",
        "name": "Powerade Lemon Lime Flo Cap 600ml",
        "price": 2.1,
        "unitPrice": "$3.50 / 1L"
    },
    {
        "category": "drinks",
        "href": "https://www.woolworths.com.au/shop/productdetails/362341/ocean-spray-ruby-red-grapefruit-juice-drink",
        "imgName": "362341.jpg",
        "imgSrc": "https://cdn0.woolworths.media/content/wowproductimages/medium/362341.jpg",
        "name": "Ocean Spray Ruby Red Grapefruit Juice Drink 1.5l",
        "price": 3.95,
        "unitPrice": "$2.63 / 1L"
    },
    {
        "category": "drinks",
        "href": "https://www.woolworths.com.au/shop/productdetails/501904/impressed-cacao-kapow-juice",
        "imgName": "501904.jpg",
        "imgSrc": "https://cdn0.woolworths.media/content/wowproductimages/medium/501904.jpg",
        "name": "Impressed Cacao Kapow Juice  325ml",
        "price": 3.65,
        "unitPrice": "$11.23 / 1L"
    },
    {
        "category": "drinks",
        "href": "https://www.woolworths.com.au/shop/productdetails/522344/charlies-light-lemonade-quencher-fresh-juice",
        "imgName": "522344.jpg",
        "imgSrc": "https://cdn0.woolworths.media/content/wowproductimages/medium/522344.jpg",
        "name": "Charlies Light Lemonade Quencher Fresh Juice 1.5l",
        "price": 5.15,
        "unitPrice": "$3.43 / 1L"
    },
    {
        "category": "drinks",
        "href": "https://www.woolworths.com.au/shop/productdetails/555213/golden-circle-golden-pash-fruit-drink",
        "imgName": "555213.jpg",
        "imgSrc": "https://cdn0.woolworths.media/content/wowproductimages/medium/555213.jpg",
        "name": "Golden Circle Golden Pash Fruit Drink 24x250ml",
        "price": 12.9,
        "unitPrice": "$2.15 / 1L"
    },
    {
        "category": "drinks",
        "href": "https://www.woolworths.com.au/shop/productdetails/477416/golden-circle-fruit-juice-apple",
        "imgName": "477416.jpg",
        "imgSrc": "https://cdn0.woolworths.media/content/wowproductimages/medium/477416.jpg",
        "name": "Golden Circle Fruit Juice Apple 6x200ml",
        "price": 5.15,
        "unitPrice": "$4.29 / 1L"
    },
    {
        "category": "drinks",
        "href": "https://www.woolworths.com.au/shop/productdetails/645582/coco-joy-organic-coconut-water",
        "imgName": "645582.jpg",
        "imgSrc": "https://cdn0.woolworths.media/content/wowproductimages/medium/645582.jpg",
        "name": "Coco Joy Organic Coconut Water  1l",
        "price": 6,
        "unitPrice": "$6.00 / 1L"
    },
    {
        "category": "drinks",
        "href": "https://www.woolworths.com.au/shop/productdetails/620603/bickford-s-juice-cranberry",
        "imgName": "620603.jpg",
        "imgSrc": "https://cdn0.woolworths.media/content/wowproductimages/medium/620603.jpg",
        "name": "Bickford's Juice Cranberry 1l",
        "price": 4.15,
        "unitPrice": "$4.15 / 1L"
    },
    {
        "category": "drinks",
        "href": "https://www.woolworths.com.au/shop/productdetails/700475/devondale-moo-chocolate-milk",
        "imgName": "700475.jpg",
        "imgSrc": "https://cdn0.woolworths.media/content/wowproductimages/medium/700475.jpg",
        "name": "Devondale Moo Chocolate Milk 6x200ml",
        "price": 4.9,
        "unitPrice": "$4.08 / 1L"
    },
    {
        "category": "drinks",
        "href": "https://www.woolworths.com.au/shop/productdetails/701518/nudie-100-orange-juice",
        "imgName": "701518.jpg",
        "imgSrc": "https://cdn0.woolworths.media/content/wowproductimages/medium/701518.jpg",
        "name": "Nudie 100% Orange Juice 400ml",
        "price": 3.1,
        "unitPrice": "$7.75 / 1L"
    },
    {
        "category": "drinks",
        "href": "https://www.woolworths.com.au/shop/productdetails/714860/arizona-ice-tea-with-peach",
        "imgName": "714860.jpg",
        "imgSrc": "https://cdn0.woolworths.media/content/wowproductimages/medium/714860.jpg",
        "name": "Arizona Ice Tea With Peach 500ml",
        "price": 2,
        "unitPrice": "$4.00 / 1L"
    },
    {
        "category": "drinks",
        "href": "https://www.woolworths.com.au/shop/productdetails/770082/staminade-wild-berry-rush",
        "imgName": "770082.jpg",
        "imgSrc": "https://cdn0.woolworths.media/content/wowproductimages/medium/770082.jpg",
        "name": "Staminade Wild Berry Rush  585g",
        "price": 10,
        "unitPrice": "$1.71 / 100G"
    },
    {
        "category": "drinks",
        "href": "https://www.woolworths.com.au/shop/productdetails/789306/quarterpast-coffee-coffee-syrup-vanilla",
        "imgName": "789306.jpg",
        "imgSrc": "https://cdn0.woolworths.media/content/wowproductimages/medium/789306.jpg",
        "name": "Quarterpast Coffee Coffee Syrup Vanilla 250ml",
        "price": 6.49,
        "unitPrice": "$2.60 / 100ML"
    },
    {
        "category": "drinks",
        "href": "https://www.woolworths.com.au/shop/productdetails/938254/eastcoast-country-style-lemonade",
        "imgName": "938254.jpg",
        "imgSrc": "https://cdn0.woolworths.media/content/wowproductimages/medium/938254.jpg",
        "name": "Eastcoast Country Style Lemonade 2l",
        "price": 5.15,
        "unitPrice": "$2.58 / 1L"
    },
    {
        "category": "drinks",
        "href": "https://www.woolworths.com.au/shop/productdetails/842046/daily-juice-pop-top-apple-juice",
        "imgName": "842046.jpg",
        "imgSrc": "https://cdn0.woolworths.media/content/wowproductimages/medium/842046.jpg",
        "name": "Daily Juice Pop Top Apple Juice 250ml",
        "price": 2.25,
        "unitPrice": "$9.00 / 1L"
    },
    {
        "category": "drinks",
        "href": "https://www.woolworths.com.au/shop/productdetails/668285/boost-strawberry-squeeze-smoothie",
        "imgName": "668285.jpg",
        "imgSrc": "https://cdn0.woolworths.media/content/wowproductimages/medium/668285.jpg",
        "name": "Boost Strawberry Squeeze Smoothie 350ml",
        "price": 3.45,
        "unitPrice": "$9.86 / 1L"
    },
    {
        "category": "drinks",
        "href": "https://www.woolworths.com.au/shop/productdetails/617016/the-juice-lab-superpower-smoothie",
        "imgName": "617016.jpg",
        "imgSrc": "https://cdn0.woolworths.media/content/wowproductimages/medium/617016.jpg",
        "name": "The Juice Lab Superpower Smoothie 350ml",
        "price": 4,
        "unitPrice": "$11.43 / 1L"
    },
    {
        "category": "drinks",
        "href": "https://www.woolworths.com.au/shop/productdetails/628997/impressed-cold-pressed-sergeant-pepper-juice",
        "imgName": "628997.jpg",
        "imgSrc": "https://cdn0.woolworths.media/content/wowproductimages/medium/628997.jpg",
        "name": "Impressed Cold Pressed Sergeant Pepper Juice 325ml",
        "price": 3.65,
        "unitPrice": "$11.23 / 1L"
    },
    {
        "category": "drinks",
        "href": "https://www.woolworths.com.au/shop/productdetails/508269/h2coco-coconut-water-pineapple",
        "imgName": "508269.jpg",
        "imgSrc": "https://cdn0.woolworths.media/content/wowproductimages/medium/508269.jpg",
        "name": "H2coco Coconut Water Pineapple 1l bottle",
        "price": 6,
        "unitPrice": "$6.00 / 1L"
    },
    {
        "category": "drinks",
        "href": "https://www.woolworths.com.au/shop/productdetails/602852/nescafe-gold-organic-premium-instant-coffee",
        "imgName": "602852.jpg",
        "imgSrc": "https://cdn0.woolworths.media/content/wowproductimages/medium/602852.jpg",
        "name": "Nescafe Gold Organic Premium Instant Coffee 100g",
        "price": 12,
        "unitPrice": "$12.00 / 100G"
    },
    {
        "category": "drinks",
        "href": "https://www.woolworths.com.au/shop/productdetails/307290/sanpellegrino-natural-mineral-water",
        "imgName": "307290.jpg",
        "imgSrc": "https://cdn0.woolworths.media/content/wowproductimages/medium/307290.jpg",
        "name": "Sanpellegrino Natural Mineral Water  12x750ml pack",
        "price": 25.8,
        "unitPrice": "$2.87 / 1L"
    },
    {
        "category": "drinks",
        "href": "https://www.woolworths.com.au/shop/productdetails/648992/tru-blu-passion-crush",
        "imgName": "648992.jpg",
        "imgSrc": "https://cdn0.woolworths.media/content/wowproductimages/medium/648992.jpg",
        "name": "Tru Blu Passion Crush  1.25l",
        "price": 1.15,
        "unitPrice": "$0.92 / 1L"
    },
    {
        "category": "drinks",
        "href": "https://www.woolworths.com.au/shop/productdetails/589555/red-bull-energy-drink-sugar-free",
        "imgName": "589555.jpg",
        "imgSrc": "https://cdn0.woolworths.media/content/wowproductimages/medium/589555.jpg",
        "name": "Red Bull Energy Drink Sugar Free 6pk 250ml",
        "price": 12.8,
        "unitPrice": "$8.53 / 1L"
    },
    {
        "category": "drinks",
        "href": "https://www.woolworths.com.au/shop/productdetails/112571/la-ice-cola-bottle-bottle",
        "imgName": "112571.jpg",
        "imgSrc": "https://cdn0.woolworths.media/content/wowproductimages/medium/112571.jpg",
        "name": "La Ice Cola Bottle Bottle 1.25l",
        "price": 1.15,
        "unitPrice": "$0.92 / 1L"
    },
    {
        "category": "drinks",
        "href": "https://www.woolworths.com.au/shop/productdetails/624114/mojo-kombucha-organic-sparkling-probiotic-turmeric-trio",
        "imgName": "624114.jpg",
        "imgSrc": "https://cdn0.woolworths.media/content/wowproductimages/medium/624114.jpg",
        "name": "Mojo Kombucha Organic Sparkling Probiotic Turmeric Trio 450ml",
        "price": 4.4,
        "unitPrice": "$9.78 / 1L"
    },
    {
        "category": "drinks",
        "href": "https://www.woolworths.com.au/shop/productdetails/341165/moccona-freeze-dried-instant-coffee-french-style",
        "imgName": "341165.jpg",
        "imgSrc": "https://cdn0.woolworths.media/content/wowproductimages/medium/341165.jpg",
        "name": "Moccona Freeze Dried Instant Coffee French Style 200g",
        "price": 18.3,
        "unitPrice": "$9.15 / 100G"
    },
    {
        "category": "drinks",
        "href": "https://www.woolworths.com.au/shop/productdetails/621014/h2coco-kids-wild-berry-coconut-water",
        "imgName": "621014.jpg",
        "imgSrc": "https://cdn0.woolworths.media/content/wowproductimages/medium/621014.jpg",
        "name": "H2coco Kids Wild Berry Coconut Water 3x200ml",
        "price": 4.9,
        "unitPrice": "$8.17 / 1L"
    },
    {
        "category": "drinks",
        "href": "https://www.woolworths.com.au/shop/productdetails/621006/h2coco-kids-tropical-coconut-water",
        "imgName": "621006.jpg",
        "imgSrc": "https://cdn0.woolworths.media/content/wowproductimages/medium/621006.jpg",
        "name": "H2coco Kids Tropical Coconut Water 3x200ml",
        "price": 4.9,
        "unitPrice": "$8.17 / 1L"
    },
    {
        "category": "drinks",
        "href": "https://www.woolworths.com.au/shop/productdetails/24570/vittoria-chocochino-drinking-chocolate",
        "imgName": "024570.jpg",
        "imgSrc": "https://cdn0.woolworths.media/content/wowproductimages/medium/024570.jpg",
        "name": "Vittoria Chocochino Drinking Chocolate 375g",
        "price": 4.9,
        "unitPrice": "$1.31 / 100G"
    },
    {
        "category": "drinks",
        "href": "https://www.woolworths.com.au/shop/productdetails/923345/real-iced-tea-lemon",
        "imgName": "923345.jpg",
        "imgSrc": "https://cdn0.woolworths.media/content/wowproductimages/medium/923345.jpg",
        "name": "Real Iced Tea Lemon  1.25l",
        "price": 3.95,
        "special": 3.15,
        "unitPrice": "$2.52 / 1L"
    },
    {
        "category": "drinks",
        "href": "https://www.woolworths.com.au/shop/productdetails/769629/thankyou-still-water",
        "imgName": "769629.jpg",
        "imgSrc": "https://cdn0.woolworths.media/content/wowproductimages/medium/769629.jpg",
        "name": "Thankyou Still Water 1.5l",
        "price": 2.1,
        "unitPrice": "$1.40 / 1L"
    },
    {
        "category": "drinks",
        "href": "https://www.woolworths.com.au/shop/productdetails/250055/twinings-green-tea-with-lemon-tea-bags",
        "imgName": "250055.jpg",
        "imgSrc": "https://cdn0.woolworths.media/content/wowproductimages/medium/250055.jpg",
        "name": "Twinings Green Tea With Lemon Tea Bags 50pk 100g",
        "price": 7,
        "unitPrice": "$7.00 / 100G"
    },
    {
        "category": "drinks",
        "href": "https://www.woolworths.com.au/shop/productdetails/378393/cocobella-coconut-water-mango",
        "imgName": "378393.jpg",
        "imgSrc": "https://cdn0.woolworths.media/content/wowproductimages/medium/378393.jpg",
        "name": "Cocobella Coconut Water & Mango 250ml",
        "price": 2.15,
        "unitPrice": "$8.60 / 1L"
    },
    {
        "category": "drinks",
        "href": "https://www.woolworths.com.au/shop/productdetails/617885/nudie-kids-apple-juice",
        "imgName": "617885.jpg",
        "imgSrc": "https://cdn0.woolworths.media/content/wowproductimages/medium/617885.jpg",
        "name": "Nudie Kids Apple Juice  3x250ml",
        "price": 4.3,
        "unitPrice": "$5.73 / 1L"
    },
    {
        "category": "drinks",
        "href": "https://www.woolworths.com.au/shop/productdetails/641610/santa-vittoria-iced-tea-lemon",
        "imgName": "641610.jpg",
        "imgSrc": "https://cdn0.woolworths.media/content/wowproductimages/medium/641610.jpg",
        "name": "Santa Vittoria Iced Tea Lemon  4x200ml",
        "price": 5.6,
        "unitPrice": "$0.70 / 100ML"
    },
    {
        "category": "drinks",
        "href": "https://www.woolworths.com.au/shop/productdetails/750802/v8-vegetable-juice-original",
        "imgName": "750802.jpg",
        "imgSrc": "https://cdn0.woolworths.media/content/wowproductimages/medium/750802.jpg",
        "name": "V8 Vegetable Juice Original 300ml",
        "price": 2.5,
        "unitPrice": "$8.33 / 1L"
    },
    {
        "category": "drinks",
        "href": "https://www.woolworths.com.au/shop/productdetails/423732/powerade-berry-ice",
        "imgName": "423732.jpg",
        "imgSrc": "https://cdn0.woolworths.media/content/wowproductimages/medium/423732.jpg",
        "name": "Powerade Berry Ice  1.5l",
        "price": 5.65,
        "unitPrice": "$3.77 / 1L"
    },
    {
        "category": "drinks",
        "href": "https://www.woolworths.com.au/shop/productdetails/955849/jive-juice-apple-carrot-ginger",
        "imgName": "955849.jpg",
        "imgSrc": "https://cdn0.woolworths.media/content/wowproductimages/medium/955849.jpg",
        "name": "Jive Juice Apple Carrot Ginger 300ml",
        "price": 3.05,
        "unitPrice": "$1.02 / 100ML"
    },
    {
        "category": "drinks",
        "href": "https://www.woolworths.com.au/shop/productdetails/921075/v-energy-drink-zero-sugar",
        "imgName": "921075.jpg",
        "imgSrc": "https://cdn0.woolworths.media/content/wowproductimages/medium/921075.jpg",
        "name": "V Energy Drink Zero Sugar 250ml",
        "price": 2.8,
        "unitPrice": "$11.20 / 1L"
    },
    {
        "category": "drinks",
        "href": "https://www.woolworths.com.au/shop/productdetails/468770/impressed-cold-pressed-juice-sunny-side-up",
        "imgName": "468770.jpg",
        "imgSrc": "https://cdn0.woolworths.media/content/wowproductimages/medium/468770.jpg",
        "name": "Impressed Cold Pressed Juice Sunny Side Up 1l",
        "price": 6,
        "unitPrice": "$6.00 / 1L"
    },
    {
        "category": "drinks",
        "href": "https://www.woolworths.com.au/shop/productdetails/629648/preshafruit-cold-pressed-apple-raspberry",
        "imgName": "629648.jpg",
        "imgSrc": "https://cdn0.woolworths.media/content/wowproductimages/medium/629648.jpg",
        "name": "Preshafruit Cold Pressed Apple & Raspberry 1l",
        "price": 5.8,
        "unitPrice": "$5.80 / 1L"
    },
    {
        "category": "drinks",
        "href": "https://www.woolworths.com.au/shop/productdetails/42312/harris-filter-papers-10-12-cup",
        "imgName": "042312.jpg",
        "imgSrc": "https://cdn0.woolworths.media/content/wowproductimages/medium/042312.jpg",
        "name": "Harris Filter Papers 10-12 Cup 40pk",
        "price": 2.2,
        "unitPrice": "$0.06 / 1EA"
    },
    {
        "category": "drinks",
        "href": "https://www.woolworths.com.au/shop/productdetails/305908/vittoria-chocochino-dark-drinking-chocolate",
        "imgName": "305908.jpg",
        "imgSrc": "https://cdn0.woolworths.media/content/wowproductimages/medium/305908.jpg",
        "name": "Vittoria Chocochino Dark Drinking Chocolate 375g",
        "price": 4.9,
        "unitPrice": "$1.31 / 100G"
    },
    {
        "category": "drinks",
        "href": "https://www.woolworths.com.au/shop/productdetails/749778/v8-breakfast-fusion-vegetable-juice",
        "imgName": "749778.jpg",
        "imgSrc": "https://cdn0.woolworths.media/content/wowproductimages/medium/749778.jpg",
        "name": "V8 Breakfast Fusion Vegetable Juice 1.25l",
        "price": 4.6,
        "unitPrice": "$3.68 / 1L"
    },
    {
        "category": "drinks",
        "href": "https://www.woolworths.com.au/shop/productdetails/308101/tru-blu-pub-squash-bottle",
        "imgName": "308101.jpg",
        "imgSrc": "https://cdn0.woolworths.media/content/wowproductimages/medium/308101.jpg",
        "name": "Tru Blu Pub Squash Bottle 1.25l",
        "price": 1.15,
        "unitPrice": "$0.92 / 1L"
    },
    {
        "category": "drinks",
        "href": "https://www.woolworths.com.au/shop/productdetails/523299/mojo-kombucha-ginger",
        "imgName": "523299.jpg",
        "imgSrc": "https://cdn0.woolworths.media/content/wowproductimages/medium/523299.jpg",
        "name": "Mojo Kombucha Ginger 450ml",
        "price": 4.4,
        "unitPrice": "$9.78 / 1L"
    },
    {
        "category": "drinks",
        "href": "https://www.woolworths.com.au/shop/productdetails/327603/red-bull-energy-drink",
        "imgName": "327603.jpg",
        "imgSrc": "https://cdn0.woolworths.media/content/wowproductimages/medium/327603.jpg",
        "name": "Red Bull Energy Drink  473ml",
        "price": 4.55,
        "unitPrice": "$9.62 / 1L"
    },
    {
        "category": "drinks",
        "href": "https://www.woolworths.com.au/shop/productdetails/419357/queen-garnet-fruit-nectar-plum",
        "imgName": "419357.jpg",
        "imgSrc": "https://cdn0.woolworths.media/content/wowproductimages/medium/419357.jpg",
        "name": "Queen Garnet Fruit Nectar Plum 250ml",
        "price": 5,
        "unitPrice": "$20.00 / 1L"
    },
    {
        "category": "drinks",
        "href": "https://www.woolworths.com.au/shop/productdetails/662713/schweppes-agrum-blood-orange",
        "imgName": "662713.jpg",
        "imgSrc": "https://cdn0.woolworths.media/content/wowproductimages/medium/662713.jpg",
        "name": "Schweppes Agrum Blood Orange 1.1l",
        "price": 1.15,
        "unitPrice": "$1.05 / 1L"
    },
    {
        "category": "drinks",
        "href": "https://www.woolworths.com.au/shop/productdetails/792193/coca-cola-can",
        "imgName": "792193.jpg",
        "imgSrc": "https://cdn0.woolworths.media/content/wowproductimages/medium/792193.jpg",
        "name": "Coca-cola Can  250ml",
        "price": 2.15,
        "unitPrice": "$8.60 / 1L"
    },
    {
        "category": "drinks",
        "href": "https://www.woolworths.com.au/shop/productdetails/884011/nestle-milo-ready-to-drink-chocolate-malt",
        "imgName": "884011.jpg",
        "imgSrc": "https://cdn0.woolworths.media/content/wowproductimages/medium/884011.jpg",
        "name": "Nestle Milo Ready To Drink Chocolate Malt 3x200ml",
        "price": 4.4,
        "unitPrice": "$7.33 / 1L"
    },
    {
        "category": "drinks",
        "href": "https://www.woolworths.com.au/shop/productdetails/42348/jarrah-choc-o-lait-drinking-chocolate",
        "imgName": "042348.jpg",
        "imgSrc": "https://cdn0.woolworths.media/content/wowproductimages/medium/042348.jpg",
        "name": "Jarrah Choc O Lait Drinking Chocolate 285g",
        "price": 7,
        "unitPrice": "$2.46 / 100G"
    },
    {
        "category": "drinks",
        "href": "https://www.woolworths.com.au/shop/productdetails/211639/ocean-spray-cranberry-light-jucie-drink",
        "imgName": "211639.jpg",
        "imgSrc": "https://cdn0.woolworths.media/content/wowproductimages/medium/211639.jpg",
        "name": "Ocean Spray Cranberry Light Jucie Drink 1.5l",
        "price": 3.95,
        "unitPrice": "$2.63 / 1L"
    },
    {
        "category": "drinks",
        "href": "https://www.woolworths.com.au/shop/productdetails/617930/nudie-kids-orange-juice-pulp-free",
        "imgName": "617930.jpg",
        "imgSrc": "https://cdn0.woolworths.media/content/wowproductimages/medium/617930.jpg",
        "name": "Nudie Kids Orange Juice Pulp Free 3x250ml",
        "price": 4.3,
        "unitPrice": "$5.73 / 1L"
    },
    {
        "category": "drinks",
        "href": "https://www.woolworths.com.au/shop/productdetails/574872/bickfords-light-lime-cordial",
        "imgName": "574872.jpg",
        "imgSrc": "https://cdn0.woolworths.media/content/wowproductimages/medium/574872.jpg",
        "name": "Bickfords Light Lime Cordial 750ml",
        "price": 4,
        "unitPrice": "$5.33 / 1L"
    },
    {
        "category": "drinks",
        "href": "https://www.woolworths.com.au/shop/productdetails/843719/impressed-cold-pressed-juice-summer-greens",
        "imgName": "843719.jpg",
        "imgSrc": "https://cdn0.woolworths.media/content/wowproductimages/medium/843719.jpg",
        "name": "Impressed Cold Pressed Juice Summer Greens 325ml",
        "price": 3.65,
        "unitPrice": "$11.23 / 1L"
    },
    {
        "category": "drinks",
        "href": "https://www.woolworths.com.au/shop/productdetails/766123/berri-apple-mango-banana-juice",
        "imgName": "766123.jpg",
        "imgSrc": "https://cdn0.woolworths.media/content/wowproductimages/medium/766123.jpg",
        "name": "Berri Apple Mango & Banana Juice 2l",
        "price": 4.29,
        "unitPrice": "$2.15 / 1L"
    },
    {
        "category": "drinks",
        "href": "https://www.woolworths.com.au/shop/productdetails/931794/the-juice-lab-gimme-green-fruit-juice",
        "imgName": "931794.jpg",
        "imgSrc": "https://cdn0.woolworths.media/content/wowproductimages/medium/931794.jpg",
        "name": "The Juice Lab Gimme Green Fruit Juice 400ml",
        "price": 4,
        "unitPrice": "$10.00 / 1L"
    },
    {
        "category": "drinks",
        "href": "https://www.woolworths.com.au/shop/productdetails/380339/woolworths-tropical-cordial",
        "imgName": "380339.jpg",
        "imgSrc": "https://cdn0.woolworths.media/content/wowproductimages/medium/380339.jpg",
        "name": "Woolworths Tropical Cordial  1l",
        "price": 2.5,
        "unitPrice": "$2.50 / 1L"
    },
    {
        "category": "drinks",
        "href": "https://www.woolworths.com.au/shop/productdetails/384263/soda-stream-gas-refill-cylinder",
        "imgName": "384263.jpg",
        "imgSrc": "https://cdn0.woolworths.media/content/wowproductimages/medium/384263.jpg",
        "name": "Soda Stream Gas Refill Cylinder 60l each",
        "price": 20.95,
        "unitPrice": "$0.35 / 1L"
    },
    {
        "category": "drinks",
        "href": "https://www.woolworths.com.au/shop/productdetails/467385/daily-juice-nourish-carrot-orange-apple-aprico-ginger",
        "imgName": "467385.jpg",
        "imgSrc": "https://cdn0.woolworths.media/content/wowproductimages/medium/467385.jpg",
        "name": "Daily Juice Nourish Carrot Orange Apple Aprico Ginger 1l",
        "price": 4.3,
        "unitPrice": "$4.30 / 1L"
    },
    {
        "category": "drinks",
        "href": "https://www.woolworths.com.au/shop/productdetails/506924/pips-cordial-fruit-cup",
        "imgName": "506924.jpg",
        "imgSrc": "https://cdn0.woolworths.media/content/wowproductimages/medium/506924.jpg",
        "name": "Pips Cordial Fruit Cup 2l",
        "price": 2.2,
        "unitPrice": "$1.10 / 1L"
    },
    {
        "category": "drinks",
        "href": "https://www.woolworths.com.au/shop/productdetails/633876/woolworths-spring-water",
        "imgName": "633876.jpg",
        "imgSrc": "https://cdn0.woolworths.media/content/wowproductimages/medium/633876.jpg",
        "name": "Woolworths Spring Water  20 x 250ml",
        "price": 7.5,
        "unitPrice": "$1.50 / 1L"
    },
    {
        "category": "drinks",
        "href": "https://www.woolworths.com.au/shop/productdetails/35719/akta-vite-drinking-chocolate",
        "imgName": "035719.jpg",
        "imgSrc": "https://cdn0.woolworths.media/content/wowproductimages/medium/035719.jpg",
        "name": "Akta Vite Drinking Chocolate  375g",
        "price": 5.95,
        "unitPrice": "$1.59 / 100G"
    },
    {
        "category": "drinks",
        "href": "https://www.woolworths.com.au/shop/productdetails/7475/breaka-iced-coffee",
        "imgName": "007475.jpg",
        "imgSrc": "https://cdn0.woolworths.media/content/wowproductimages/medium/007475.jpg",
        "name": "Breaka Iced Coffee  6x250ml",
        "price": 7.1,
        "unitPrice": "$4.73 / 1L"
    },
    {
        "category": "drinks",
        "href": "https://www.woolworths.com.au/shop/productdetails/39660/cascade-blackcurrant-ultra-c-syrup",
        "imgName": "039660.jpg",
        "imgSrc": "https://cdn0.woolworths.media/content/wowproductimages/medium/039660.jpg",
        "name": "Cascade Blackcurrant Ultra C Syrup 750ml",
        "price": 6.35,
        "unitPrice": "$8.47 / 1L"
    },
    {
        "category": "drinks",
        "href": "https://www.woolworths.com.au/shop/productdetails/49045/bickfords-prune-juice",
        "imgName": "049045.jpg",
        "imgSrc": "https://cdn0.woolworths.media/content/wowproductimages/medium/049045.jpg",
        "name": "Bickfords Prune Juice 1l",
        "price": 6.45,
        "unitPrice": "$6.45 / 1L"
    },
    {
        "category": "drinks",
        "href": "https://www.woolworths.com.au/shop/productdetails/76803/schweppes-solo-bottle",
        "imgName": "076803.jpg",
        "imgSrc": "https://cdn0.woolworths.media/content/wowproductimages/medium/076803.jpg",
        "name": "Schweppes Solo Bottle 600ml",
        "price": 3.05,
        "unitPrice": "$5.08 / 1L"
    },
    {
        "category": "drinks",
        "href": "https://www.woolworths.com.au/shop/productdetails/113395/moores-ultra-pure-still-water",
        "imgName": "113395.jpg",
        "imgSrc": "https://cdn0.woolworths.media/content/wowproductimages/medium/113395.jpg",
        "name": "Moores Ultra Pure Still Water 5l",
        "price": 4.7,
        "unitPrice": "$0.94 / 1L"
    },
    {
        "category": "drinks",
        "href": "https://www.woolworths.com.au/shop/productdetails/308110/tru-blu-orange-crush-bottle",
        "imgName": "308110.jpg",
        "imgSrc": "https://cdn0.woolworths.media/content/wowproductimages/medium/308110.jpg",
        "name": "Tru Blu Orange Crush Bottle 1.25l",
        "price": 1.15,
        "unitPrice": "$0.92 / 1L"
    },
    {
        "category": "drinks",
        "href": "https://www.woolworths.com.au/shop/productdetails/260510/bickfords-chocolate-milkshake-mix",
        "imgName": "260510.jpg",
        "imgSrc": "https://cdn0.woolworths.media/content/wowproductimages/medium/260510.jpg",
        "name": "Bickfords Chocolate Milkshake Mix 600ml",
        "price": 4,
        "unitPrice": "$6.67 / 1L"
    },
    {
        "category": "drinks",
        "href": "https://www.woolworths.com.au/shop/productdetails/315797/just-juice-paradise-punch",
        "imgName": "315797.jpg",
        "imgSrc": "https://cdn0.woolworths.media/content/wowproductimages/medium/315797.jpg",
        "name": "Just Juice Paradise Punch  6x200ml",
        "price": 5.4,
        "unitPrice": "$4.50 / 1L"
    },
    {
        "category": "drinks",
        "href": "https://www.woolworths.com.au/shop/productdetails/331819/bickfords-lemon-lime-bitters-cordial",
        "imgName": "331819.jpg",
        "imgSrc": "https://cdn0.woolworths.media/content/wowproductimages/medium/331819.jpg",
        "name": "Bickfords Lemon & Lime Bitters Cordial 750ml",
        "price": 4,
        "unitPrice": "$5.33 / 1L"
    },
    {
        "category": "drinks",
        "href": "https://www.woolworths.com.au/shop/productdetails/371304/nescafe-instant-coffee-short-black",
        "imgName": "371304.jpg",
        "imgSrc": "https://cdn0.woolworths.media/content/wowproductimages/medium/371304.jpg",
        "name": "Nescafe Instant Coffee Short Black 100g",
        "price": 11.6,
        "unitPrice": "$11.60 / 100G"
    },
    {
        "category": "drinks",
        "href": "https://www.woolworths.com.au/shop/productdetails/481931/ocean-spray-cranberry-juice-with-pomegranate",
        "imgName": "481931.jpg",
        "imgSrc": "https://cdn0.woolworths.media/content/wowproductimages/medium/481931.jpg",
        "name": "Ocean Spray Cranberry Juice With Pomegranate 1.5l",
        "price": 3.95,
        "unitPrice": "$2.63 / 1L"
    },
    {
        "category": "drinks",
        "href": "https://www.woolworths.com.au/shop/productdetails/483372/sunraysia-fruit-pouch-fruits-of-the-forest",
        "imgName": "483372.jpg",
        "imgSrc": "https://cdn0.woolworths.media/content/wowproductimages/medium/483372.jpg",
        "name": "Sunraysia Fruit Pouch Fruits Of The Forest 200ml",
        "price": 1,
        "unitPrice": "$5.00 / 1L"
    },
    {
        "category": "drinks",
        "href": "https://www.woolworths.com.au/shop/productdetails/406087/v8-vegetable-juice-pineapple-passion",
        "imgName": "406087.jpg",
        "imgSrc": "https://cdn0.woolworths.media/content/wowproductimages/medium/406087.jpg",
        "name": "V8 Vegetable Juice Pineapple Passion 1.25l",
        "price": 4.6,
        "unitPrice": "$3.68 / 1L"
    },
    {
        "category": "drinks",
        "href": "https://www.woolworths.com.au/shop/productdetails/506913/pips-cordial-raspberry",
        "imgName": "506913.jpg",
        "imgSrc": "https://cdn0.woolworths.media/content/wowproductimages/medium/506913.jpg",
        "name": "Pips Cordial Raspberry 2l",
        "price": 2.2,
        "unitPrice": "$1.10 / 1L"
    },
    {
        "category": "drinks",
        "href": "https://www.woolworths.com.au/shop/productdetails/649095/tru-blu-lido-lemonade",
        "imgName": "649095.jpg",
        "imgSrc": "https://cdn0.woolworths.media/content/wowproductimages/medium/649095.jpg",
        "name": "Tru Blu Lido Lemonade 6x300ml",
        "price": 4.8,
        "unitPrice": "$2.67 / 1L"
    },
    {
        "category": "drinks",
        "href": "https://www.woolworths.com.au/shop/productdetails/749813/v8-original-vegetable-juice",
        "imgName": "749813.jpg",
        "imgSrc": "https://cdn0.woolworths.media/content/wowproductimages/medium/749813.jpg",
        "name": "V8 Original Vegetable Juice  1.25l",
        "price": 4.6,
        "unitPrice": "$3.68 / 1L"
    },
    {
        "category": "drinks",
        "href": "https://www.woolworths.com.au/shop/productdetails/770293/maximus-sports-drink-red",
        "imgName": "770293.jpg",
        "imgSrc": "https://cdn0.woolworths.media/content/wowproductimages/medium/770293.jpg",
        "name": "Maximus Sports Drink Red 1l",
        "price": 2.55,
        "unitPrice": "$2.55 / 1L"
    },
    {
        "category": "drinks",
        "href": "https://www.woolworths.com.au/shop/productdetails/825527/woolworths-apple-juice",
        "imgName": "825527.jpg",
        "imgSrc": "https://cdn0.woolworths.media/content/wowproductimages/medium/825527.jpg",
        "name": "Woolworths Apple Juice  2l",
        "price": 2,
        "unitPrice": "$1.00 / 1L"
    },
    {
        "category": "drinks",
        "href": "https://www.woolworths.com.au/shop/productdetails/762089/east-coast-jive-mango-banana-nectar",
        "imgName": "762089.jpg",
        "imgSrc": "https://cdn0.woolworths.media/content/wowproductimages/medium/762089.jpg",
        "name": "East Coast Jive Mango & Banana Nectar 1l",
        "price": 4.65,
        "unitPrice": "$4.65 / 1L"
    },
    {
        "category": "drinks",
        "href": "https://www.woolworths.com.au/shop/productdetails/825529/woolworths-apple-blackcurrant-juice",
        "imgName": "825529.jpg",
        "imgSrc": "https://cdn0.woolworths.media/content/wowproductimages/medium/825529.jpg",
        "name": "Woolworths Apple & Blackcurrant Juice  2l",
        "price": 2,
        "unitPrice": "$1.00 / 1L"
    },
    {
        "category": "drinks",
        "href": "https://www.woolworths.com.au/shop/productdetails/881507/sunraysia-organic-apple-mango-juice",
        "imgName": "881507.jpg",
        "imgSrc": "https://cdn0.woolworths.media/content/wowproductimages/medium/881507.jpg",
        "name": "Sunraysia Organic Apple & Mango Juice 200ml",
        "price": 1,
        "unitPrice": "$5.00 / 1L"
    },
    {
        "category": "drinks",
        "href": "https://www.woolworths.com.au/shop/productdetails/931797/the-juice-lab-love-potion-fruit-juice",
        "imgName": "931797.jpg",
        "imgSrc": "https://cdn0.woolworths.media/content/wowproductimages/medium/931797.jpg",
        "name": "The Juice Lab Love Potion Fruit Juice 400ml",
        "price": 4,
        "unitPrice": "$10.00 / 1L"
    },
    {
        "category": "drinks",
        "href": "https://www.woolworths.com.au/shop/productdetails/90000867/harris-espresso-beans-1kg-x-3-bundle",
        "imgName": "90000867.jpg",
        "imgSrc": "https://cdn0.woolworths.media/content/wowproductimages/medium/90000867.jpg",
        "name": "Harris Espresso Beans 1kg X 3 Bundle",
        "price": 45,
        "unitPrice": "$1.50 / G"
    }
]