[
    {
        "category": "freezer",
        "href": "https://www.woolworths.com.au/shop/productdetails/633097/tutto-pasta-gluten-free-bolognese-lasagne",
        "imgName": "633097.jpg",
        "imgSrc": "https://cdn0.woolworths.media/content/wowproductimages/medium/633097.jpg",
        "name": "Tutto Pasta Gluten Free Bolognese Lasagne 350g",
        "price": 7.79,
        "unitPrice": "$2.23 / 100G"
    },
    {
        "category": "freezer",
        "href": "https://www.woolworths.com.au/shop/productdetails/555410/boost-smoothie-mix-rise-and-shine",
        "imgName": "555410.jpg",
        "imgSrc": "https://cdn0.woolworths.media/content/wowproductimages/medium/555410.jpg",
        "name": "Boost Smoothie Mix Rise And Shine 3pk 660g",
        "price": 7,
        "unitPrice": "$10.61 / 1KG"
    },
    {
        "category": "freezer",
        "href": "https://www.woolworths.com.au/shop/productdetails/651244/four-n-twenty-chicken-cordon-bleu-toppers",
        "imgName": "651244.jpg",
        "imgSrc": "https://cdn0.woolworths.media/content/wowproductimages/medium/651244.jpg",
        "name": "Four N Twenty Chicken Cordon Bleu Toppers 133g",
        "price": 2.5,
        "unitPrice": "$1.88 / 100G"
    },
    {
        "category": "freezer",
        "href": "https://www.woolworths.com.au/shop/productdetails/536230/bell-farms-sweet-potato-chips",
        "imgName": "536230.jpg",
        "imgSrc": "https://cdn0.woolworths.media/content/wowproductimages/medium/536230.jpg",
        "name": "Bell Farms Sweet Potato Chips  750g",
        "price": 4.8,
        "unitPrice": "$6.40 / 1KG"
    },
    {
        "category": "freezer",
        "href": "https://www.woolworths.com.au/shop/productdetails/651241/four-n-twenty-lasagne-toppers",
        "imgName": "651241.jpg",
        "imgSrc": "https://cdn0.woolworths.media/content/wowproductimages/medium/651241.jpg",
        "name": "Four N Twenty Lasagne Toppers  143g",
        "price": 2.5,
        "unitPrice": "$1.75 / 100G"
    },
    {
        "category": "freezer",
        "href": "https://www.woolworths.com.au/shop/productdetails/536097/bell-farms-steamed-veggies-carrot-corn-broccoli",
        "imgName": "536097.jpg",
        "imgSrc": "https://cdn0.woolworths.media/content/wowproductimages/medium/536097.jpg",
        "name": "Bell Farms Steamed Veggies Carrot Corn & Broccoli 3pk 450g",
        "price": 2,
        "unitPrice": "$4.44 / 1KG"
    },
    {
        "category": "freezer",
        "href": "https://www.woolworths.com.au/shop/productdetails/940553/crazy-dragon-hong-kong-chicken-dumplings",
        "imgName": "940553.jpg",
        "imgSrc": "https://cdn0.woolworths.media/content/wowproductimages/medium/940553.jpg",
        "name": "Crazy Dragon Hong Kong Chicken Dumplings 750g",
        "price": 15,
        "unitPrice": "$2.00 / 100G"
    },
    {
        "category": "freezer",
        "href": "https://www.woolworths.com.au/shop/productdetails/661385/mccain-herb-parmasan-chicken-schnitzel",
        "imgName": "661385.jpg",
        "imgSrc": "https://cdn0.woolworths.media/content/wowproductimages/medium/661385.jpg",
        "name": "Mccain Herb & Parmasan Chicken Schnitzel 310g",
        "price": 7,
        "unitPrice": "$2.26 / 100G"
    },
    {
        "category": "freezer",
        "href": "https://www.woolworths.com.au/shop/productdetails/633099/tutto-pasta-gluten-free-chicken-spaghetti-meatballs",
        "imgName": "633099.jpg",
        "imgSrc": "https://cdn0.woolworths.media/content/wowproductimages/medium/633099.jpg",
        "name": "Tutto Pasta Gluten Free Chicken Spaghetti Meatballs 350g",
        "price": 7.79,
        "unitPrice": "$2.23 / 100G"
    },
    {
        "category": "freezer",
        "href": "https://www.woolworths.com.au/shop/productdetails/536098/bell-farms-steamed-veggies-carrot-broccoli-cauliflower",
        "imgName": "536098.jpg",
        "imgSrc": "https://cdn0.woolworths.media/content/wowproductimages/medium/536098.jpg",
        "name": "Bell Farms Steamed Veggies Carrot Broccoli & Cauliflower 3pk 450g",
        "price": 2,
        "unitPrice": "$4.44 / 1KG"
    },
    {
        "category": "freezer",
        "href": "https://www.woolworths.com.au/shop/productdetails/656724/crazy-dragon-prawn-gyoza",
        "imgName": "656724.jpg",
        "imgSrc": "https://cdn0.woolworths.media/content/wowproductimages/medium/656724.jpg",
        "name": "Crazy Dragon Prawn Gyoza 750g",
        "price": 15,
        "unitPrice": "$2.00 / 100G"
    },
    {
        "category": "freezer",
        "href": "https://www.woolworths.com.au/shop/productdetails/661386/mccain-healthy-choice-satay-chicken-with-brown-rice",
        "imgName": "661386.jpg",
        "imgSrc": "https://cdn0.woolworths.media/content/wowproductimages/medium/661386.jpg",
        "name": "Mccain Healthy Choice Satay Chicken With Brown Rice 340g",
        "price": 6.6,
        "unitPrice": "$1.94 / 100G"
    },
    {
        "category": "freezer",
        "href": "https://www.woolworths.com.au/shop/productdetails/652517/mr-chens-soup-dumplings",
        "imgName": "652517.jpg",
        "imgSrc": "https://cdn0.woolworths.media/content/wowproductimages/medium/652517.jpg",
        "name": "Mr Chens Soup Dumplings  230g",
        "price": 7.5,
        "unitPrice": "$3.26 / 100G"
    },
    {
        "category": "freezer",
        "href": "https://www.woolworths.com.au/shop/productdetails/640870/nannas-apple-salted-caramel-crumble",
        "imgName": "640870.jpg",
        "imgSrc": "https://cdn0.woolworths.media/content/wowproductimages/medium/640870.jpg",
        "name": "Nannas Apple & Salted Caramel Crumble 400g",
        "price": 6,
        "unitPrice": "$1.50 / 100G"
    },
    {
        "category": "freezer",
        "href": "https://www.woolworths.com.au/shop/productdetails/660565/quorn-vegan-fillets",
        "imgName": "660565.jpg",
        "imgSrc": "https://cdn0.woolworths.media/content/wowproductimages/medium/660565.jpg",
        "name": "Quorn Vegan Fillets 252g",
        "price": 7,
        "unitPrice": "$2.78 / 100G"
    },
    {
        "category": "freezer",
        "href": "https://www.woolworths.com.au/shop/productdetails/633944/zehnder-gluten-free-multiseed-bread",
        "imgName": "633944.jpg",
        "imgSrc": "https://cdn0.woolworths.media/content/wowproductimages/medium/633944.jpg",
        "name": "Zehnder Gluten Free Multiseed Bread 700g",
        "price": 7.99,
        "unitPrice": "$1.14 / 100G"
    },
    {
        "category": "freezer",
        "href": "https://www.woolworths.com.au/shop/productdetails/634449/jases-kitchen-gluten-free-mini-apple-pies",
        "imgName": "634449.jpg",
        "imgSrc": "https://cdn0.woolworths.media/content/wowproductimages/medium/634449.jpg",
        "name": "Jases Kitchen Gluten Free Mini Apple Pies 300g",
        "price": 8.99,
        "unitPrice": "$3.00 / 100G"
    },
    {
        "category": "freezer",
        "href": "https://www.woolworths.com.au/shop/productdetails/569471/boost-frozen-mix-berry",
        "imgName": "569471.jpg",
        "imgSrc": "https://cdn0.woolworths.media/content/wowproductimages/medium/569471.jpg",
        "name": "Boost Frozen Mix Berry 1kg",
        "price": 9,
        "unitPrice": "$9.00 / 1KG"
    },
    {
        "category": "freezer",
        "href": "https://www.woolworths.com.au/shop/productdetails/633603/tutto-pasta-gluten-free-spinach-ricotta-cannelloni",
        "imgName": "633603.jpg",
        "imgSrc": "https://cdn0.woolworths.media/content/wowproductimages/medium/633603.jpg",
        "name": "Tutto Pasta Gluten Free Spinach Ricotta Cannelloni 350g",
        "price": 7.79,
        "unitPrice": "$2.23 / 100G"
    },
    {
        "category": "freezer",
        "href": "https://www.woolworths.com.au/shop/productdetails/634370/jases-kitchen-gluten-free-chicken-pesto-pizza",
        "imgName": "634370.jpg",
        "imgSrc": "https://cdn0.woolworths.media/content/wowproductimages/medium/634370.jpg",
        "name": "Jases Kitchen Gluten Free Chicken Pesto Pizza 185g",
        "price": 6.99,
        "unitPrice": "$3.78 / 100G"
    },
    {
        "category": "freezer",
        "href": "https://www.woolworths.com.au/shop/productdetails/839440/birds-eye-steam-potato-broccoli",
        "imgName": "839440.jpg",
        "imgSrc": "https://cdn0.woolworths.media/content/wowproductimages/medium/839440.jpg",
        "name": "Birds Eye Steam Potato & Broccoli 400g",
        "price": 3.99,
        "unitPrice": "$9.98 / 1KG"
    },
    {
        "category": "freezer",
        "href": "https://www.woolworths.com.au/shop/productdetails/633605/arnott-s-frozen-caramel-crown-tub",
        "imgName": "633605.jpg",
        "imgSrc": "https://cdn0.woolworths.media/content/wowproductimages/medium/633605.jpg",
        "name": "Arnott's Frozen Caramel Crown Tub 470ml",
        "price": 7,
        "unitPrice": "$1.49 / 100ML"
    },
    {
        "category": "freezer",
        "href": "https://www.woolworths.com.au/shop/productdetails/572434/lean-cuisine-wholegrain-vegetable-cannelloni",
        "imgName": "572434.jpg",
        "imgSrc": "https://cdn0.woolworths.media/content/wowproductimages/medium/572434.jpg",
        "name": "Lean Cuisine Wholegrain Vegetable Cannelloni 400g",
        "price": 6.7,
        "unitPrice": "$1.68 / 100G"
    },
    {
        "category": "freezer",
        "href": "https://www.woolworths.com.au/shop/productdetails/574742/over-the-moo-caramel-coconut-milk-ice-cream",
        "imgName": "574742.jpg",
        "imgSrc": "https://cdn0.woolworths.media/content/wowproductimages/medium/574742.jpg",
        "name": "Over The Moo Caramel Coconut Milk Ice Cream 500ml",
        "price": 10,
        "unitPrice": "$2.00 / 100ML"
    },
    {
        "category": "freezer",
        "href": "https://www.woolworths.com.au/shop/productdetails/18366/homebrand-puff-pastry-sheets",
        "imgName": "018366.jpg",
        "imgSrc": "https://cdn0.woolworths.media/content/wowproductimages/medium/018366.jpg",
        "name": "Homebrand Puff Pastry Sheets 1kg",
        "price": 2.3,
        "unitPrice": "$0.23 / 100G"
    },
    {
        "category": "freezer",
        "href": "https://www.woolworths.com.au/shop/productdetails/93915/essentials-frozen-mixed-vegetables",
        "imgName": "093915.jpg",
        "imgSrc": "https://cdn0.woolworths.media/content/wowproductimages/medium/093915.jpg",
        "name": "Essentials Frozen Mixed Vegetables 1kg",
        "price": 1.59,
        "unitPrice": "$1.59 / 1KG"
    },
    {
        "category": "freezer",
        "href": "https://www.woolworths.com.au/shop/productdetails/38728/ingham-s-chicken-breast-tenders-original",
        "imgName": "038728.jpg",
        "imgSrc": "https://cdn0.woolworths.media/content/wowproductimages/medium/038728.jpg",
        "name": "Ingham's Chicken Breast Tenders Original 400g",
        "price": 8.3,
        "unitPrice": "$20.75 / 1KG"
    },
    {
        "category": "freezer",
        "href": "https://www.woolworths.com.au/shop/productdetails/249351/mccain-beer-batter-steakhouse-chips",
        "imgName": "249351.jpg",
        "imgSrc": "https://cdn0.woolworths.media/content/wowproductimages/medium/249351.jpg",
        "name": "Mccain Beer Batter Steakhouse Chips 750g",
        "price": 3.99,
        "unitPrice": "$5.32 / 1KG"
    },
    {
        "category": "freezer",
        "href": "https://www.woolworths.com.au/shop/productdetails/54919/homebrand-reduced-fat-vanilla-flavoured-ice-cream",
        "imgName": "054919.jpg",
        "imgSrc": "https://cdn0.woolworths.media/content/wowproductimages/medium/054919.jpg",
        "name": "Homebrand Reduced Fat Vanilla Flavoured Ice Cream 4l tub",
        "price": 4.3,
        "unitPrice": "$0.11 / 100ML"
    },
    {
        "category": "freezer",
        "href": "https://www.woolworths.com.au/shop/productdetails/113921/birds-eye-golden-crunch-straight-cut-chips",
        "imgName": "113921.jpg",
        "imgSrc": "https://cdn0.woolworths.media/content/wowproductimages/medium/113921.jpg",
        "name": "Birds Eye Golden Crunch Straight Cut Chips 1kg",
        "price": 4.29,
        "unitPrice": "$4.29 / 1KG"
    },
    {
        "category": "freezer",
        "href": "https://www.woolworths.com.au/shop/productdetails/545628/coco-lucus-beef-cottage-pie",
        "imgName": "545628.jpg",
        "imgSrc": "https://cdn0.woolworths.media/content/wowproductimages/medium/545628.jpg",
        "name": "Coco & Lucus Beef Cottage Pie  220g",
        "price": 5,
        "unitPrice": "$2.27 / 100G"
    },
    {
        "category": "freezer",
        "href": "https://www.woolworths.com.au/shop/productdetails/572427/lean-cuisine-wholegrain-beef-lasagna",
        "imgName": "572427.jpg",
        "imgSrc": "https://cdn0.woolworths.media/content/wowproductimages/medium/572427.jpg",
        "name": "Lean Cuisine Wholegrain Beef Lasagna 400g",
        "price": 6.7,
        "unitPrice": "$1.68 / 100G"
    },
    {
        "category": "freezer",
        "href": "https://www.woolworths.com.au/shop/productdetails/645097/weis-real-good-feel-good-simply-coconut",
        "imgName": "645097.jpg",
        "imgSrc": "https://cdn0.woolworths.media/content/wowproductimages/medium/645097.jpg",
        "name": "Weis Real Good Feel Good Simply Coconut 1l",
        "price": 8,
        "unitPrice": "$0.80 / 100ML"
    },
    {
        "category": "freezer",
        "href": "https://www.woolworths.com.au/shop/productdetails/652568/mr-chens-crispy-prawn-wonton",
        "imgName": "652568.jpg",
        "imgSrc": "https://cdn0.woolworths.media/content/wowproductimages/medium/652568.jpg",
        "name": "Mr Chens Crispy Prawn Wonton 200g",
        "price": 7.5,
        "unitPrice": "$3.75 / 100G"
    },
    {
        "category": "freezer",
        "href": "https://www.woolworths.com.au/shop/productdetails/521235/crazy-dragon-prawn-dumplings",
        "imgName": "521235.jpg",
        "imgSrc": "https://cdn0.woolworths.media/content/wowproductimages/medium/521235.jpg",
        "name": "Crazy Dragon Prawn Dumplings  750g",
        "price": 15,
        "unitPrice": "$2.00 / 100G"
    },
    {
        "category": "freezer",
        "href": "https://www.woolworths.com.au/shop/productdetails/507923/streets-blue-ribbon-gelateria-creme-brulee",
        "imgName": "507923.jpg",
        "imgSrc": "https://cdn0.woolworths.media/content/wowproductimages/medium/507923.jpg",
        "name": "Streets Blue Ribbon Gelateria Creme Brulee  900ml",
        "price": 8,
        "unitPrice": "$0.89 / 100ML"
    },
    {
        "category": "freezer",
        "href": "https://www.woolworths.com.au/shop/productdetails/663677/dr-oetker-ristorante-pizza-bianca-carne-e-patata",
        "imgName": "663677.jpg",
        "imgSrc": "https://cdn0.woolworths.media/content/wowproductimages/medium/663677.jpg",
        "name": "Dr Oetker Ristorante Pizza Bianca Carne E Patata 315g",
        "price": 7.5,
        "unitPrice": "$2.38 / 100G"
    },
    {
        "category": "freezer",
        "href": "https://www.woolworths.com.au/shop/productdetails/645096/weis-strawberry-honey-pecan-ice-cream-bars",
        "imgName": "645096.jpg",
        "imgSrc": "https://cdn0.woolworths.media/content/wowproductimages/medium/645096.jpg",
        "name": "Weis Strawberry Honey & Pecan Ice Cream Bars 4x70ml",
        "price": 6.8,
        "unitPrice": "$2.43 / 100ML"
    },
    {
        "category": "freezer",
        "href": "https://www.woolworths.com.au/shop/productdetails/569473/boost-frozen-mango",
        "imgName": "569473.jpg",
        "imgSrc": "https://cdn0.woolworths.media/content/wowproductimages/medium/569473.jpg",
        "name": "Boost Frozen Mango 1kg",
        "price": 9,
        "unitPrice": "$9.00 / 1KG"
    },
    {
        "category": "freezer",
        "href": "https://www.woolworths.com.au/shop/productdetails/574785/super-nature-super-foods-mediterranean-polenta",
        "imgName": "574785.jpg",
        "imgSrc": "https://cdn0.woolworths.media/content/wowproductimages/medium/574785.jpg",
        "name": "Super Nature Super Foods Mediterranean Polenta  350g",
        "price": 6.3,
        "unitPrice": "$1.80 / 100G"
    },
    {
        "category": "freezer",
        "href": "https://www.woolworths.com.au/shop/productdetails/434647/cornetto-classic-ice-cream-classic-strawberry-chocolate",
        "imgName": "434647.jpg",
        "imgSrc": "https://cdn0.woolworths.media/content/wowproductimages/medium/434647.jpg",
        "name": "Cornetto Classic Ice Cream Classic Strawberry & Chocolate 4pk 440ml",
        "price": 7,
        "unitPrice": "$1.59 / 100ML"
    },
    {
        "category": "freezer",
        "href": "https://www.woolworths.com.au/shop/productdetails/663684/dr-oetker-ristorante-pizza-dolce-al-cioccolato",
        "imgName": "663684.jpg",
        "imgSrc": "https://cdn0.woolworths.media/content/wowproductimages/medium/663684.jpg",
        "name": "Dr Oetker Ristorante Pizza Dolce Al Cioccolato 260g",
        "price": 7.5,
        "unitPrice": "$2.88 / 100G"
    },
    {
        "category": "freezer",
        "href": "https://www.woolworths.com.au/shop/productdetails/574249/nestle-polly-waffle",
        "imgName": "574249.jpg",
        "imgSrc": "https://cdn0.woolworths.media/content/wowproductimages/medium/574249.jpg",
        "name": "Nestle Polly Waffle  470ml",
        "price": 7,
        "unitPrice": "$1.49 / 100ML"
    },
    {
        "category": "freezer",
        "href": "https://www.woolworths.com.au/shop/productdetails/37307/sara-lee-deep-dish-family-pies-desserts-baked-apple-pie",
        "imgName": "037307.jpg",
        "imgSrc": "https://cdn0.woolworths.media/content/wowproductimages/medium/037307.jpg",
        "name": "Sara Lee Deep Dish Family Pies & Desserts Baked Apple Pie 800g",
        "price": 7.5,
        "unitPrice": "$0.94 / 100G"
    },
    {
        "category": "freezer",
        "href": "https://www.woolworths.com.au/shop/productdetails/633942/zehnder-gluten-free-sticky-date-puddings",
        "imgName": "633942.jpg",
        "imgSrc": "https://cdn0.woolworths.media/content/wowproductimages/medium/633942.jpg",
        "name": "Zehnder Gluten Free Sticky Date Puddings 2x90g",
        "price": 5.99,
        "unitPrice": "$3.33 / 100G"
    },
    {
        "category": "freezer",
        "href": "https://www.woolworths.com.au/shop/productdetails/249392/temptation-quiche-petite-cheese-spinach",
        "imgName": "249392.jpg",
        "imgSrc": "https://cdn0.woolworths.media/content/wowproductimages/medium/249392.jpg",
        "name": "Temptation Quiche Petite Cheese & Spinach 300g",
        "price": 6,
        "unitPrice": "$2.00 / 100G"
    },
    {
        "category": "freezer",
        "href": "https://www.woolworths.com.au/shop/productdetails/90000242/weis-bar-ice-cream-blackberry-rich-vanilla-bars-280ml-4pk-x3-bundle",
        "imgName": "90000242.jpg",
        "imgSrc": "https://cdn0.woolworths.media/content/wowproductimages/medium/90000242.jpg",
        "name": "Weis Bar Ice Cream Blackberry Rich Vanilla Bars 280ml 4pk X3 Bundle",
        "price": 18,
        "unitPrice": "$2.14 / 100ML"
    },
    {
        "category": "freezer",
        "href": "https://www.woolworths.com.au/shop/productdetails/22497/golden-wok-asian-mini-dim-sims",
        "imgName": "022497.jpg",
        "imgSrc": "https://cdn0.woolworths.media/content/wowproductimages/medium/022497.jpg",
        "name": "Golden Wok Asian Mini Dim Sims 660g",
        "price": 10,
        "unitPrice": "$1.52 / 100G"
    },
    {
        "category": "freezer",
        "href": "https://www.woolworths.com.au/shop/productdetails/77883/patties-pasties-party",
        "imgName": "077883.jpg",
        "imgSrc": "https://cdn0.woolworths.media/content/wowproductimages/medium/077883.jpg",
        "name": "Patties Pasties Party 12pk 500g",
        "price": 7.15,
        "unitPrice": "$1.43 / 100G"
    },
    {
        "category": "freezer",
        "href": "https://www.woolworths.com.au/shop/productdetails/569379/boost-frozen-raspberries",
        "imgName": "569379.jpg",
        "imgSrc": "https://cdn0.woolworths.media/content/wowproductimages/medium/569379.jpg",
        "name": "Boost Frozen Raspberries 1kg",
        "price": 9,
        "unitPrice": "$9.00 / 1KG"
    },
    {
        "category": "freezer",
        "href": "https://www.woolworths.com.au/shop/productdetails/633613/arnott-s-frozen-mint-slice",
        "imgName": "633613.jpg",
        "imgSrc": "https://cdn0.woolworths.media/content/wowproductimages/medium/633613.jpg",
        "name": "Arnott's Frozen Mint Slice 4pk",
        "price": 8,
        "unitPrice": "$2.00 / 100ML"
    },
    {
        "category": "freezer",
        "href": "https://www.woolworths.com.au/shop/productdetails/581050/super-green-smoothies-detox-unbeetable",
        "imgName": "581050.jpg",
        "imgSrc": "https://cdn0.woolworths.media/content/wowproductimages/medium/581050.jpg",
        "name": "Super Green Smoothies Detox Unbeetable 150g",
        "price": 3.5,
        "unitPrice": "$23.33 / 1KG"
    },
    {
        "category": "freezer",
        "href": "https://www.woolworths.com.au/shop/productdetails/636680/magnum-ice-cream-double-hazelnut",
        "imgName": "636680.jpg",
        "imgSrc": "https://cdn0.woolworths.media/content/wowproductimages/medium/636680.jpg",
        "name": "Magnum Ice Cream Double Hazelnut 4pk 408ml",
        "price": 8,
        "unitPrice": "$1.96 / 100ML"
    },
    {
        "category": "freezer",
        "href": "https://www.woolworths.com.au/shop/productdetails/631007/woolworths-mini-dough-balls-with-garlic-butter-dip",
        "imgName": "631007.jpg",
        "imgSrc": "https://cdn0.woolworths.media/content/wowproductimages/medium/631007.jpg",
        "name": "Woolworths Mini Dough Balls With Garlic Butter Dip 200g",
        "price": 3,
        "unitPrice": "$1.50 / 100G"
    },
    {
        "category": "freezer",
        "href": "https://www.woolworths.com.au/shop/productdetails/881549/weis-frozen-yoghurt-mango-toasted-coconut",
        "imgName": "881549.jpg",
        "imgSrc": "https://cdn0.woolworths.media/content/wowproductimages/medium/881549.jpg",
        "name": "Weis Frozen Yoghurt Mango & Toasted Coconut 6pk 264ml",
        "price": 6.8,
        "unitPrice": "$2.58 / 100ML"
    },
    {
        "category": "freezer",
        "href": "https://www.woolworths.com.au/shop/productdetails/581052/super-green-smoothies-glow-chocolicious",
        "imgName": "581052.jpg",
        "imgSrc": "https://cdn0.woolworths.media/content/wowproductimages/medium/581052.jpg",
        "name": "Super Green Smoothies Glow Chocolicious 150g",
        "price": 3.5,
        "unitPrice": "$23.33 / 1KG"
    },
    {
        "category": "freezer",
        "href": "https://www.woolworths.com.au/shop/productdetails/634889/sara-lee-choc-salted-caramel-dessert-brownie",
        "imgName": "634889.jpg",
        "imgSrc": "https://cdn0.woolworths.media/content/wowproductimages/medium/634889.jpg",
        "name": "Sara Lee Choc Salted Caramel Dessert Brownie 350g",
        "price": 6.25,
        "unitPrice": "$1.79 / 100G"
    },
    {
        "category": "freezer",
        "href": "https://www.woolworths.com.au/shop/productdetails/96215/mccain-peas",
        "imgName": "096215.jpg",
        "imgSrc": "https://cdn0.woolworths.media/content/wowproductimages/medium/096215.jpg",
        "name": "Mccain Peas  1kg",
        "price": 4.29,
        "special": 3.8,
        "unitPrice": "$3.80 / 1KG"
    },
    {
        "category": "freezer",
        "href": "https://www.woolworths.com.au/shop/productdetails/27756/essentials-frozen-beef-lasagne",
        "imgName": "027756.jpg",
        "imgSrc": "https://cdn0.woolworths.media/content/wowproductimages/medium/027756.jpg",
        "name": "Essentials Frozen Beef Lasagne 400g",
        "price": 2.25,
        "unitPrice": "$0.56 / 100G"
    },
    {
        "category": "freezer",
        "href": "https://www.woolworths.com.au/shop/productdetails/700544/woolworths-fish-fingers-fillets",
        "imgName": "700544.jpg",
        "imgSrc": "https://cdn0.woolworths.media/content/wowproductimages/medium/700544.jpg",
        "name": "Woolworths Fish Fingers Fillets 400g",
        "price": 3.8,
        "unitPrice": "$9.50 / 1KG"
    },
    {
        "category": "freezer",
        "href": "https://www.woolworths.com.au/shop/productdetails/153673/magnum-mini-ice-cream-almond",
        "imgName": "153673.jpg",
        "imgSrc": "https://cdn0.woolworths.media/content/wowproductimages/medium/153673.jpg",
        "name": "Magnum Mini Ice Cream Almond 6pk 360ml",
        "price": 8,
        "unitPrice": "$2.22 / 100ML"
    },
    {
        "category": "freezer",
        "href": "https://www.woolworths.com.au/shop/productdetails/754170/woolworths-australian-peas",
        "imgName": "754170.jpg",
        "imgSrc": "https://cdn0.woolworths.media/content/wowproductimages/medium/754170.jpg",
        "name": "Woolworths Australian Peas 500g",
        "price": 1.6,
        "unitPrice": "$3.20 / 1KG"
    },
    {
        "category": "freezer",
        "href": "https://www.woolworths.com.au/shop/productdetails/482993/super-nature-super-lunch-moroccan-lamb-cous-cous",
        "imgName": "482993.jpg",
        "imgSrc": "https://cdn0.woolworths.media/content/wowproductimages/medium/482993.jpg",
        "name": "Super Nature Super Lunch Moroccan Lamb & Cous Cous  200g",
        "price": 4.8,
        "unitPrice": "$2.40 / 100G"
    },
    {
        "category": "freezer",
        "href": "https://www.woolworths.com.au/shop/productdetails/228739/heinz-steam-fresh-broccoli-carrot-snap-pea",
        "imgName": "228739.jpg",
        "imgSrc": "https://cdn0.woolworths.media/content/wowproductimages/medium/228739.jpg",
        "name": "Heinz Steam Fresh Broccoli Carrot Snap Pea 450g",
        "price": 3.49,
        "unitPrice": "$7.76 / 1KG"
    },
    {
        "category": "freezer",
        "href": "https://www.woolworths.com.au/shop/productdetails/522781/birds-eye-deli-new-zealand-hoki-wholegrain-sea-salt",
        "imgName": "522781.jpg",
        "imgSrc": "https://cdn0.woolworths.media/content/wowproductimages/medium/522781.jpg",
        "name": "Birds Eye Deli New Zealand Hoki Wholegrain & Sea Salt 260g",
        "price": 6.99,
        "unitPrice": "$26.88 / 1KG"
    },
    {
        "category": "freezer",
        "href": "https://www.woolworths.com.au/shop/productdetails/705130/mr-chens-prawn-hargow",
        "imgName": "705130.jpg",
        "imgSrc": "https://cdn0.woolworths.media/content/wowproductimages/medium/705130.jpg",
        "name": "Mr Chens Prawn Hargow  300g",
        "price": 7.5,
        "unitPrice": "$2.50 / 100G"
    },
    {
        "category": "freezer",
        "href": "https://www.woolworths.com.au/shop/productdetails/429362/bell-farms-frozen-chips-steak-cut",
        "imgName": "429362.jpg",
        "imgSrc": "https://cdn0.woolworths.media/content/wowproductimages/medium/429362.jpg",
        "name": "Bell Farms Frozen Chips Steak Cut 1kg",
        "price": 3,
        "unitPrice": "$3.00 / 1KG"
    },
    {
        "category": "freezer",
        "href": "https://www.woolworths.com.au/shop/productdetails/30748/patties-sausage-roll-party",
        "imgName": "030748.jpg",
        "imgSrc": "https://cdn0.woolworths.media/content/wowproductimages/medium/030748.jpg",
        "name": "Patties Sausage Roll Party 450g",
        "price": 7.15,
        "unitPrice": "$1.59 / 100G"
    },
    {
        "category": "freezer",
        "href": "https://www.woolworths.com.au/shop/productdetails/729346/steggles-crumbed-mini-chicken-garlic-kiev-balls",
        "imgName": "729346.jpg",
        "imgSrc": "https://cdn0.woolworths.media/content/wowproductimages/medium/729346.jpg",
        "name": "Steggles Crumbed Mini Chicken Garlic Kiev Balls 400g",
        "price": 6.99,
        "unitPrice": "$17.48 / 1KG"
    },
    {
        "category": "freezer",
        "href": "https://www.woolworths.com.au/shop/productdetails/143408/streets-paddle-pop-banana",
        "imgName": "143408.jpg",
        "imgSrc": "https://cdn0.woolworths.media/content/wowproductimages/medium/143408.jpg",
        "name": "Streets Paddle Pop Banana  10pk 680ml",
        "price": 7,
        "unitPrice": "$1.03 / 100ML"
    },
    {
        "category": "freezer",
        "href": "https://www.woolworths.com.au/shop/productdetails/782318/findus-jamie-oliver-fish-fingers",
        "imgName": "782318.jpg",
        "imgSrc": "https://cdn0.woolworths.media/content/wowproductimages/medium/782318.jpg",
        "name": "Findus Jamie Oliver Fish Fingers  720g",
        "price": 8.99,
        "unitPrice": "$12.49 / 1KG"
    },
    {
        "category": "freezer",
        "href": "https://www.woolworths.com.au/shop/productdetails/430247/nestle-frozen-fruit-tingles-tub",
        "imgName": "430247.jpg",
        "imgSrc": "https://cdn0.woolworths.media/content/wowproductimages/medium/430247.jpg",
        "name": "Nestle Frozen Fruit Tingles Tub 470ml",
        "price": 7,
        "unitPrice": "$1.49 / 100ML"
    },
    {
        "category": "freezer",
        "href": "https://www.woolworths.com.au/shop/productdetails/299318/syndian-curried-pumpkin-bites",
        "imgName": "299318.jpg",
        "imgSrc": "https://cdn0.woolworths.media/content/wowproductimages/medium/299318.jpg",
        "name": "Syndian Curried Pumpkin Bites 250g",
        "price": 6.5,
        "unitPrice": "$2.60 / 100G"
    },
    {
        "category": "freezer",
        "href": "https://www.woolworths.com.au/shop/productdetails/744640/findus-jamie-oliver-fish-cakes-pollock",
        "imgName": "744640.jpg",
        "imgSrc": "https://cdn0.woolworths.media/content/wowproductimages/medium/744640.jpg",
        "name": "Findus Jamie Oliver Fish Cakes Pollock 4pk 200g",
        "price": 4.69,
        "unitPrice": "$23.45 / 1KG"
    },
    {
        "category": "freezer",
        "href": "https://www.woolworths.com.au/shop/productdetails/9136/logan-farm-spinach-portions",
        "imgName": "009136.jpg",
        "imgSrc": "https://cdn0.woolworths.media/content/wowproductimages/medium/009136.jpg",
        "name": "Logan Farm Spinach Portions 500g",
        "price": 3.09,
        "unitPrice": "$6.18 / 1KG"
    },
    {
        "category": "freezer",
        "href": "https://www.woolworths.com.au/shop/productdetails/65820/ingham-s-marinated-chicken-tender-honey-soy",
        "imgName": "065820.jpg",
        "imgSrc": "https://cdn0.woolworths.media/content/wowproductimages/medium/065820.jpg",
        "name": "Ingham's Marinated Chicken Tender Honey/soy 400g",
        "price": 8.3,
        "unitPrice": "$20.75 / 1KG"
    },
    {
        "category": "freezer",
        "href": "https://www.woolworths.com.au/shop/productdetails/782326/ocean-chef-salmon-parcels-in-leek-cheese-sauce",
        "imgName": "782326.jpg",
        "imgSrc": "https://cdn0.woolworths.media/content/wowproductimages/medium/782326.jpg",
        "name": "Ocean Chef Salmon Parcels In Leek & Cheese Sauce 280g",
        "price": 9.99,
        "unitPrice": "$35.68 / 1KG"
    },
    {
        "category": "freezer",
        "href": "https://www.woolworths.com.au/shop/productdetails/32972/griffs-meal-curried-prawns-rice",
        "imgName": "032972.jpg",
        "imgSrc": "https://cdn0.woolworths.media/content/wowproductimages/medium/032972.jpg",
        "name": "Griffs Meal Curried Prawns & Rice 400g",
        "price": 5,
        "unitPrice": "$1.25 / 100G"
    },
    {
        "category": "freezer",
        "href": "https://www.woolworths.com.au/shop/productdetails/766566/weis-frozen-yoghurt-vanilla-bean",
        "imgName": "766566.jpg",
        "imgSrc": "https://cdn0.woolworths.media/content/wowproductimages/medium/766566.jpg",
        "name": "Weis Frozen Yoghurt Vanilla Bean 1l tub",
        "price": 8,
        "unitPrice": "$0.80 / 100ML"
    },
    {
        "category": "freezer",
        "href": "https://www.woolworths.com.au/shop/productdetails/96698/homebrand-frozen-straight-cut-potato-chips",
        "imgName": "096698.jpg",
        "imgSrc": "https://cdn0.woolworths.media/content/wowproductimages/medium/096698.jpg",
        "name": "Homebrand Frozen Straight Cut Potato Chips 1kg",
        "price": 1.89,
        "unitPrice": "$1.89 / 1KG"
    },
    {
        "category": "freezer",
        "href": "https://www.woolworths.com.au/shop/productdetails/636655/magnum-tub-ice-cream-classic",
        "imgName": "636655.jpg",
        "imgSrc": "https://cdn0.woolworths.media/content/wowproductimages/medium/636655.jpg",
        "name": "Magnum Tub Ice Cream Classic 440ml",
        "price": 8,
        "unitPrice": "$1.82 / 100ML"
    },
    {
        "category": "freezer",
        "href": "https://www.woolworths.com.au/shop/productdetails/90000100/heinz-steamer-bag-with-fresh-carrot-corn-broccoli-750g-x4-bundle",
        "imgName": "90000100.jpg",
        "imgSrc": "https://cdn0.woolworths.media/content/wowproductimages/medium/90000100.jpg",
        "name": "Heinz Steamer Bag With Fresh Carrot, Corn & Broccoli 750g X4 Bundle",
        "price": 18,
        "unitPrice": "$6.00 / 1KG"
    },
    {
        "category": "freezer",
        "href": "https://www.woolworths.com.au/shop/productdetails/90000188/mccain-healthy-choice-meals-italian-beef-chia-meatballs-350g-x5-bundle",
        "imgName": "90000188.jpg",
        "imgSrc": "https://cdn0.woolworths.media/content/wowproductimages/medium/90000188.jpg",
        "name": "Mccain Healthy Choice Meals Italian Beef & Chia Meatballs 350g X5 Bundle",
        "price": 20,
        "unitPrice": "$1.14 / 100G"
    },
    {
        "category": "freezer",
        "href": "https://www.woolworths.com.au/shop/productdetails/90000234/super-nature-split-pea-lentil-dhal-350g-x5-bundle",
        "imgName": "90000234.jpg",
        "imgSrc": "https://cdn0.woolworths.media/content/wowproductimages/medium/90000234.jpg",
        "name": "Super Nature Split Pea & Lentil Dhal 350g X5 Bundle",
        "price": 20,
        "unitPrice": "$1.14 / 100G"
    },
    {
        "category": "freezer",
        "href": "https://www.woolworths.com.au/shop/productdetails/90000194/mccain-healthy-choice-meals-teriyaki-chicken-340g-bundle",
        "imgName": "90000194.jpg",
        "imgSrc": "https://cdn0.woolworths.media/content/wowproductimages/medium/90000194.jpg",
        "name": "Mccain Healthy Choice Meals Teriyaki Chicken 340g Bundle",
        "price": 20,
        "unitPrice": "$1.18 / 100G"
    },
    {
        "category": "freezer",
        "href": "https://www.woolworths.com.au/shop/productdetails/90000239/weis-bar-ice-cream-passionfruit-banana-pineapple-bars-280ml-4pk-x3-bundle",
        "imgName": "90000239.jpg",
        "imgSrc": "https://cdn0.woolworths.media/content/wowproductimages/medium/90000239.jpg",
        "name": "Weis Bar Ice Cream Passionfruit, Banana & Pineapple Bars 280ml 4pk X3 Bundle",
        "price": 18,
        "unitPrice": "$2.14 / 100ML"
    },
    {
        "category": "freezer",
        "href": "https://www.woolworths.com.au/shop/productdetails/209196/golden-wok-asian-dim-sims-bonus-pack",
        "imgName": "209196.jpg",
        "imgSrc": "https://cdn0.woolworths.media/content/wowproductimages/medium/209196.jpg",
        "name": "Golden Wok Asian Dim Sims Bonus Pack 35pk 1.75kg",
        "price": 10,
        "unitPrice": "$0.57 / 100G"
    },
    {
        "category": "freezer",
        "href": "https://www.woolworths.com.au/shop/productdetails/4961/birds-eye-pommes-noisettes",
        "imgName": "004961.jpg",
        "imgSrc": "https://cdn0.woolworths.media/content/wowproductimages/medium/004961.jpg",
        "name": "Birds Eye Pommes Noisettes  350g",
        "price": 3.75,
        "unitPrice": "$10.71 / 1KG"
    },
    {
        "category": "freezer",
        "href": "https://www.woolworths.com.au/shop/productdetails/854298/mccain-straight-sweet-potato-chips",
        "imgName": "854298.jpg",
        "imgSrc": "https://cdn0.woolworths.media/content/wowproductimages/medium/854298.jpg",
        "name": "Mccain Straight Sweet Potato Chips 750g",
        "price": 5.7,
        "unitPrice": "$7.60 / 1KG"
    },
    {
        "category": "freezer",
        "href": "https://www.woolworths.com.au/shop/productdetails/224053/birds-eye-fish-cakes-salmon-with-vegetables-herbs",
        "imgName": "224053.jpg",
        "imgSrc": "https://cdn0.woolworths.media/content/wowproductimages/medium/224053.jpg",
        "name": "Birds Eye Fish Cakes Salmon With Vegetables & Herbs 480g",
        "price": 7.5,
        "unitPrice": "$15.63 / 1KG"
    },
    {
        "category": "freezer",
        "href": "https://www.woolworths.com.au/shop/productdetails/254088/borg-s-pastizzis-greek-spinach-fetta",
        "imgName": "254088.jpg",
        "imgSrc": "https://cdn0.woolworths.media/content/wowproductimages/medium/254088.jpg",
        "name": "Borg's Pastizzis Greek Spinach & Fetta 625g",
        "price": 6,
        "unitPrice": "$0.96 / 100G"
    },
    {
        "category": "freezer",
        "href": "https://www.woolworths.com.au/shop/productdetails/482961/super-nature-super-lunch-japanese-chicken-with-green-tea-noodles",
        "imgName": "482961.jpg",
        "imgSrc": "https://cdn0.woolworths.media/content/wowproductimages/medium/482961.jpg",
        "name": "Super Nature Super Lunch Japanese Chicken With Green Tea Noodles 200g",
        "price": 4.8,
        "unitPrice": "$2.40 / 100G"
    },
    {
        "category": "freezer",
        "href": "https://www.woolworths.com.au/shop/productdetails/651192/asiana-yum-cha-selection-sampler-pack",
        "imgName": "651192.jpg",
        "imgSrc": "https://cdn0.woolworths.media/content/wowproductimages/medium/651192.jpg",
        "name": "Asiana Yum Cha Selection Sampler Pack 210g",
        "price": 2.5,
        "unitPrice": "$1.19 / 100G"
    },
    {
        "category": "freezer",
        "href": "https://www.woolworths.com.au/shop/productdetails/896368/bayview-gluten-free-salt-pepper-squid",
        "imgName": "896368.jpg",
        "imgSrc": "https://cdn0.woolworths.media/content/wowproductimages/medium/896368.jpg",
        "name": "Bayview Gluten Free Salt & Pepper Squid 280g",
        "price": 8.99,
        "unitPrice": "$3.21 / 100G"
    },
    {
        "category": "freezer",
        "href": "https://www.woolworths.com.au/shop/productdetails/786301/herbert-adams-pies-chunky-slow-cooked-beef",
        "imgName": "786301.jpg",
        "imgSrc": "https://cdn0.woolworths.media/content/wowproductimages/medium/786301.jpg",
        "name": "Herbert Adams Pies Chunky Slow Cooked Beef 2pk",
        "price": 6.3,
        "unitPrice": "$1.58 / 100G"
    },
    {
        "category": "freezer",
        "href": "https://www.woolworths.com.au/shop/productdetails/308697/steggles-crumbed-chicken-tenders",
        "imgName": "308697.jpg",
        "imgSrc": "https://cdn0.woolworths.media/content/wowproductimages/medium/308697.jpg",
        "name": "Steggles Crumbed Chicken Tenders 375g",
        "price": 7.8,
        "unitPrice": "$20.80 / 1KG"
    },
    {
        "category": "freezer",
        "href": "https://www.woolworths.com.au/shop/productdetails/38910/birds-eye-oven-bake-crumbed-lemon",
        "imgName": "038910.jpg",
        "imgSrc": "https://cdn0.woolworths.media/content/wowproductimages/medium/038910.jpg",
        "name": "Birds Eye Oven Bake Crumbed Lemon 425g",
        "price": 8.79,
        "unitPrice": "$20.68 / 1KG"
    },
    {
        "category": "freezer",
        "href": "https://www.woolworths.com.au/shop/productdetails/192350/sargents-party-pack",
        "imgName": "192350.jpg",
        "imgSrc": "https://cdn0.woolworths.media/content/wowproductimages/medium/192350.jpg",
        "name": "Sargents Party Pack  36pk 1.2kg",
        "price": 13.5,
        "unitPrice": "$1.13 / 100G"
    },
    {
        "category": "freezer",
        "href": "https://www.woolworths.com.au/shop/productdetails/643197/tegel-tempura-battered-chicken-nuggets",
        "imgName": "643197.jpg",
        "imgSrc": "https://cdn0.woolworths.media/content/wowproductimages/medium/643197.jpg",
        "name": "Tegel Tempura Battered Chicken Nuggets 380g",
        "price": 7,
        "unitPrice": "$18.42 / 1KG"
    },
    {
        "category": "freezer",
        "href": "https://www.woolworths.com.au/shop/productdetails/705357/dr-oetker-ristorante-pizza-hawaiian",
        "imgName": "705357.jpg",
        "imgSrc": "https://cdn0.woolworths.media/content/wowproductimages/medium/705357.jpg",
        "name": "Dr Oetker Ristorante Pizza Hawaiian 355g",
        "price": 7.5,
        "unitPrice": "$2.11 / 100G"
    },
    {
        "category": "freezer",
        "href": "https://www.woolworths.com.au/shop/productdetails/738336/the-real-yorkshire-pudding-snacks",
        "imgName": "738336.jpg",
        "imgSrc": "https://cdn0.woolworths.media/content/wowproductimages/medium/738336.jpg",
        "name": "The Real Yorkshire Pudding Snacks  12pk 230g",
        "price": 4.39,
        "unitPrice": "$19.09 / 1KG"
    },
    {
        "category": "freezer",
        "href": "https://www.woolworths.com.au/shop/productdetails/791708/weis-for-dessert-ice-cream-vanilla-bean",
        "imgName": "791708.jpg",
        "imgSrc": "https://cdn0.woolworths.media/content/wowproductimages/medium/791708.jpg",
        "name": "Weis For Dessert Ice Cream Vanilla Bean 1l tub",
        "price": 9,
        "unitPrice": "$0.90 / 100ML"
    },
    {
        "category": "freezer",
        "href": "https://www.woolworths.com.au/shop/productdetails/6181/weis-sorbet-lemon",
        "imgName": "006181.jpg",
        "imgSrc": "https://cdn0.woolworths.media/content/wowproductimages/medium/006181.jpg",
        "name": "Weis Sorbet Lemon 1l tub",
        "price": 7,
        "unitPrice": "$0.70 / 100ML"
    },
    {
        "category": "freezer",
        "href": "https://www.woolworths.com.au/shop/productdetails/508723/proud-punch-sticks-paging-dr-green",
        "imgName": "508723.jpg",
        "imgSrc": "https://cdn0.woolworths.media/content/wowproductimages/medium/508723.jpg",
        "name": "Proud & Punch Sticks Paging Dr Green 6pk 450ml",
        "price": 8,
        "unitPrice": "$1.78 / 100ML"
    },
    {
        "category": "freezer",
        "href": "https://www.woolworths.com.au/shop/productdetails/768622/birds-eye-stir-fry-oriental",
        "imgName": "768622.jpg",
        "imgSrc": "https://cdn0.woolworths.media/content/wowproductimages/medium/768622.jpg",
        "name": "Birds Eye Stir Fry Oriental 850g",
        "price": 5,
        "unitPrice": "$5.88 / 1KG"
    },
    {
        "category": "freezer",
        "href": "https://www.woolworths.com.au/shop/productdetails/143410/paddle-pop-reduced-fat-ice-cream-rainbow",
        "imgName": "143410.jpg",
        "imgSrc": "https://cdn0.woolworths.media/content/wowproductimages/medium/143410.jpg",
        "name": "Paddle Pop Reduced Fat Ice Cream Rainbow 10pk 680ml",
        "price": 7,
        "unitPrice": "$1.03 / 100ML"
    },
    {
        "category": "freezer",
        "href": "https://www.woolworths.com.au/shop/productdetails/169430/streets-golden-gaytime-ice-cream-original",
        "imgName": "169430.jpg",
        "imgSrc": "https://cdn0.woolworths.media/content/wowproductimages/medium/169430.jpg",
        "name": "Streets Golden Gaytime Ice Cream Original 4pk 400ml",
        "price": 8,
        "unitPrice": "$2.00 / 100ML"
    },
    {
        "category": "freezer",
        "href": "https://www.woolworths.com.au/shop/productdetails/20144/ready-go-eat-burgers-fried-chicken",
        "imgName": "020144.jpg",
        "imgSrc": "https://cdn0.woolworths.media/content/wowproductimages/medium/020144.jpg",
        "name": "Ready Go Eat Burgers Fried Chicken 165g",
        "price": 3.15,
        "unitPrice": "$1.91 / 100G"
    },
    {
        "category": "freezer",
        "href": "https://www.woolworths.com.au/shop/productdetails/262537/ingham-s-chicken-pieces-chicken-buffalo-wings",
        "imgName": "262537.jpg",
        "imgSrc": "https://cdn0.woolworths.media/content/wowproductimages/medium/262537.jpg",
        "name": "Ingham's Chicken Pieces Chicken Buffalo Wings 700g",
        "price": 9.15,
        "unitPrice": "$13.07 / 1KG"
    },
    {
        "category": "freezer",
        "href": "https://www.woolworths.com.au/shop/productdetails/505082/haagen-dazs-classic-collection-ice-cream",
        "imgName": "505082.jpg",
        "imgSrc": "https://cdn0.woolworths.media/content/wowproductimages/medium/505082.jpg",
        "name": "Haagen Dazs Classic Collection Ice Cream 4pk 400ml",
        "price": 12.5,
        "unitPrice": "$3.13 / 100ML"
    },
    {
        "category": "freezer",
        "href": "https://www.woolworths.com.au/shop/productdetails/752330/birds-eye-deli-seasoned-chips-parmesan-garlic-basil",
        "imgName": "752330.jpg",
        "imgSrc": "https://cdn0.woolworths.media/content/wowproductimages/medium/752330.jpg",
        "name": "Birds Eye Deli Seasoned Chips Parmesan, Garlic & Basil 600g",
        "price": 3.7,
        "unitPrice": "$6.17 / 1KG"
    },
    {
        "category": "freezer",
        "href": "https://www.woolworths.com.au/shop/productdetails/97997/essentials-crumbed-chicken-nuggets",
        "imgName": "097997.jpg",
        "imgSrc": "https://cdn0.woolworths.media/content/wowproductimages/medium/097997.jpg",
        "name": "Essentials Crumbed Chicken Nuggets 500g",
        "price": 2.89,
        "unitPrice": "$5.78 / 1KG"
    },
    {
        "category": "freezer",
        "href": "https://www.woolworths.com.au/shop/productdetails/22349/mccain-dinner-veal-cordon-bleu",
        "imgName": "022349.jpg",
        "imgSrc": "https://cdn0.woolworths.media/content/wowproductimages/medium/022349.jpg",
        "name": "Mccain Dinner Veal Cordon Bleu 320g",
        "price": 7,
        "unitPrice": "$2.19 / 100G"
    },
    {
        "category": "freezer",
        "href": "https://www.woolworths.com.au/shop/productdetails/65662/pampas-pastry-savoury-flan-pie-base",
        "imgName": "065662.jpg",
        "imgSrc": "https://cdn0.woolworths.media/content/wowproductimages/medium/065662.jpg",
        "name": "Pampas Pastry Savoury Flan Pie Base 220g",
        "price": 3.45,
        "unitPrice": "$1.57 / 100G"
    },
    {
        "category": "freezer",
        "href": "https://www.woolworths.com.au/shop/productdetails/99281/mccain-potato-wedges-crunchy-hot-bandito",
        "imgName": "099281.jpg",
        "imgSrc": "https://cdn0.woolworths.media/content/wowproductimages/medium/099281.jpg",
        "name": "Mccain Potato Wedges Crunchy Hot Bandito 750g",
        "price": 3.99,
        "unitPrice": "$5.32 / 1KG"
    },
    {
        "category": "freezer",
        "href": "https://www.woolworths.com.au/shop/productdetails/199982/paddle-pop-water-ice-cyclone",
        "imgName": "199982.jpg",
        "imgSrc": "https://cdn0.woolworths.media/content/wowproductimages/medium/199982.jpg",
        "name": "Paddle Pop Water Ice Cyclone 8pk 688ml",
        "price": 7,
        "unitPrice": "$1.02 / 100ML"
    },
    {
        "category": "freezer",
        "href": "https://www.woolworths.com.au/shop/productdetails/199986/splice-fruit-ice-pine-lime",
        "imgName": "199986.jpg",
        "imgSrc": "https://cdn0.woolworths.media/content/wowproductimages/medium/199986.jpg",
        "name": "Splice Fruit Ice Pine Lime 8pk 605ml",
        "price": 7,
        "unitPrice": "$1.20 / 100ML"
    },
    {
        "category": "freezer",
        "href": "https://www.woolworths.com.au/shop/productdetails/248164/essentials-asian-dim-sims",
        "imgName": "248164.jpg",
        "imgSrc": "https://cdn0.woolworths.media/content/wowproductimages/medium/248164.jpg",
        "name": "Essentials Asian Dim Sims 30pk 1.5kg",
        "price": 4.2,
        "unitPrice": "$0.28 / 100G"
    },
    {
        "category": "freezer",
        "href": "https://www.woolworths.com.au/shop/productdetails/250016/mrs-macs-sausage-roll-microwave",
        "imgName": "250016.jpg",
        "imgSrc": "https://cdn0.woolworths.media/content/wowproductimages/medium/250016.jpg",
        "name": "Mrs Macs Sausage Roll Microwave 175g",
        "price": 2.25,
        "unitPrice": "$1.29 / 100G"
    },
    {
        "category": "freezer",
        "href": "https://www.woolworths.com.au/shop/productdetails/573292/mccain-rustica-pizza-margherita",
        "imgName": "573292.jpg",
        "imgSrc": "https://cdn0.woolworths.media/content/wowproductimages/medium/573292.jpg",
        "name": "Mccain Rustica Pizza Margherita  350g",
        "price": 7.5,
        "unitPrice": "$2.14 / 100G"
    },
    {
        "category": "freezer",
        "href": "https://www.woolworths.com.au/shop/productdetails/664157/bannisters-farm-cheese-roasted-onion-potato-skins",
        "imgName": "664157.jpg",
        "imgSrc": "https://cdn0.woolworths.media/content/wowproductimages/medium/664157.jpg",
        "name": "Bannisters' Farm Cheese & Roasted Onion Potato Skins 260g",
        "price": 4,
        "unitPrice": "$15.38 / 1KG"
    },
    {
        "category": "freezer",
        "href": "https://www.woolworths.com.au/shop/productdetails/744827/bayview-gluten-free-chicken-pieces-breast-bites",
        "imgName": "744827.jpg",
        "imgSrc": "https://cdn0.woolworths.media/content/wowproductimages/medium/744827.jpg",
        "name": "Bayview Gluten Free Chicken Pieces Breast  Bites 260g",
        "price": 8.99,
        "unitPrice": "$3.46 / 100G"
    },
    {
        "category": "freezer",
        "href": "https://www.woolworths.com.au/shop/productdetails/793945/patties-tiny-party-pies-beef",
        "imgName": "793945.jpg",
        "imgSrc": "https://cdn0.woolworths.media/content/wowproductimages/medium/793945.jpg",
        "name": "Patties Tiny Party Pies Beef 750g",
        "price": 8,
        "unitPrice": "$1.07 / 100G"
    },
    {
        "category": "freezer",
        "href": "https://www.woolworths.com.au/shop/productdetails/847145/mccain-healthy-choice-wholegrains-chicken-mushroom-risotto",
        "imgName": "847145.jpg",
        "imgSrc": "https://cdn0.woolworths.media/content/wowproductimages/medium/847145.jpg",
        "name": "Mccain Healthy Choice Wholegrains Chicken & Mushroom Risotto 350g",
        "price": 6.6,
        "unitPrice": "$1.89 / 100G"
    },
    {
        "category": "freezer",
        "href": "https://www.woolworths.com.au/shop/productdetails/881866/bulla-reduced-fat-strawberry-cream-ice-cream",
        "imgName": "881866.jpg",
        "imgSrc": "https://cdn0.woolworths.media/content/wowproductimages/medium/881866.jpg",
        "name": "Bulla Reduced Fat Strawberry & Cream Ice Cream 2l",
        "price": 4,
        "unitPrice": "$0.20 / 100ML"
    },
    {
        "category": "freezer",
        "href": "https://www.woolworths.com.au/shop/productdetails/90000243/peters-ice-cream-neapolitan-4l-x2-bundle",
        "imgName": "90000243.jpg",
        "imgSrc": "https://cdn0.woolworths.media/content/wowproductimages/medium/90000243.jpg",
        "name": "Peters Ice Cream Neapolitan 4l X2 Bundle",
        "price": 16,
        "unitPrice": "$0.20 / 100ML"
    },
    {
        "category": "freezer",
        "href": "https://www.woolworths.com.au/shop/productdetails/90000812/streets-paddle-pop-rainbow-680ml-10pk-x-2-bundle",
        "imgName": "90000812.jpg",
        "imgSrc": "https://cdn0.woolworths.media/content/wowproductimages/medium/90000812.jpg",
        "name": "Streets Paddle Pop Rainbow 680ml 10pk X 2 Bundle",
        "price": 10,
        "unitPrice": "$0.74 / ML"
    },
    {
        "category": "freezer",
        "href": "https://www.woolworths.com.au/shop/productdetails/90000515/oob-organic-frozen-mixed-berries-500g-x3-bundle",
        "imgName": "90000515.jpg",
        "imgSrc": "https://cdn0.woolworths.media/content/wowproductimages/medium/90000515.jpg",
        "name": "Oob Organic Frozen Mixed Berries 500g X3 Bundle",
        "price": 25,
        "unitPrice": "$16.67 / 1KG"
    },
    {
        "category": "freezer",
        "href": "https://www.woolworths.com.au/shop/productdetails/90000811/streets-paddle-pop-chocolate-680ml-10pk-x-2-bundle",
        "imgName": "90000811.jpg",
        "imgSrc": "https://cdn0.woolworths.media/content/wowproductimages/medium/90000811.jpg",
        "name": "Streets Paddle Pop Chocolate 680ml 10pk X 2 Bundle",
        "price": 10,
        "unitPrice": "$0.74 / ML"
    },
    {
        "category": "freezer",
        "href": "https://www.woolworths.com.au/shop/productdetails/90000106/woolworths-delicious-nutritious-meals-chicken-pesto-pasta-390g-x5-bundle",
        "imgName": "90000106.jpg",
        "imgSrc": "https://cdn0.woolworths.media/content/wowproductimages/medium/90000106.jpg",
        "name": "Woolworths Delicious Nutritious Meals Chicken Pesto Pasta 390g X5 Bundle",
        "price": 20,
        "unitPrice": "$1.03 / 100G"
    },
    {
        "category": "freezer",
        "href": "https://www.woolworths.com.au/shop/productdetails/90000210/mccain-ham-pineapple-pizza-slices-600g-6pk-x2-bundle",
        "imgName": "90000210.jpg",
        "imgSrc": "https://cdn0.woolworths.media/content/wowproductimages/medium/90000210.jpg",
        "name": "Mccain Ham & Pineapple Pizza Slices 600g 6pk X2 Bundle",
        "price": 10,
        "unitPrice": "$0.83 / 100G"
    },
    {
        "category": "freezer",
        "href": "https://www.woolworths.com.au/shop/productdetails/90000235/super-nature-sweet-potato-cottage-pie-350g-x5-bundle",
        "imgName": "90000235.jpg",
        "imgSrc": "https://cdn0.woolworths.media/content/wowproductimages/medium/90000235.jpg",
        "name": "Super Nature Sweet Potato Cottage Pie 350g X5 Bundle",
        "price": 20,
        "unitPrice": "$1.14 / 100G"
    },
    {
        "category": "freezer",
        "href": "https://www.woolworths.com.au/shop/productdetails/629375/ever-green-fresh-egg-noodles",
        "imgName": "629375.jpg",
        "imgSrc": "https://cdn0.woolworths.media/content/wowproductimages/medium/629375.jpg",
        "name": "Ever Green Fresh Egg Noodles 500g",
        "price": 3.5,
        "unitPrice": "$0.70 / 100G"
    },
    {
        "category": "freezer",
        "href": "https://www.woolworths.com.au/shop/productdetails/940362/super-nature-beef-kale-lasagne",
        "imgName": "940362.jpg",
        "imgSrc": "https://cdn0.woolworths.media/content/wowproductimages/medium/940362.jpg",
        "name": "Super Nature Beef Kale Lasagne 350g",
        "price": 6.3,
        "unitPrice": "$1.80 / 100G"
    },
    {
        "category": "freezer",
        "href": "https://www.woolworths.com.au/shop/productdetails/657183/super-nature-wellness-bowl-wholegrain-butter-chicken-ancient-grains",
        "imgName": "657183.jpg",
        "imgSrc": "https://cdn0.woolworths.media/content/wowproductimages/medium/657183.jpg",
        "name": "Super Nature Wellness Bowl Wholegrain Butter Chicken & Ancient Grains 350g",
        "price": 6.3,
        "unitPrice": "$1.80 / 100G"
    },
    {
        "category": "freezer",
        "href": "https://www.woolworths.com.au/shop/productdetails/503673/haagen-dazs-vanilla-ice-cream",
        "imgName": "503673.jpg",
        "imgSrc": "https://cdn0.woolworths.media/content/wowproductimages/medium/503673.jpg",
        "name": "Haagen Dazs Vanilla Ice Cream 457ml",
        "price": 11.5,
        "unitPrice": "$2.52 / 100ML"
    },
    {
        "category": "freezer",
        "href": "https://www.woolworths.com.au/shop/productdetails/586850/birds-eye-golden-crunch-crisps-lightly-seasoned",
        "imgName": "586850.jpg",
        "imgSrc": "https://cdn0.woolworths.media/content/wowproductimages/medium/586850.jpg",
        "name": "Birds Eye Golden Crunch Crisps Lightly Seasoned 500g",
        "price": 3.99,
        "unitPrice": "$7.98 / 1KG"
    },
    {
        "category": "freezer",
        "href": "https://www.woolworths.com.au/shop/productdetails/633620/peters-lactose-free-ice-cream-cookies-cream",
        "imgName": "633620.jpg",
        "imgSrc": "https://cdn0.woolworths.media/content/wowproductimages/medium/633620.jpg",
        "name": "Peters Lactose Free Ice Cream Cookies & Cream 1.2l",
        "price": 7.6,
        "unitPrice": "$0.63 / 100ML"
    },
    {
        "category": "freezer",
        "href": "https://www.woolworths.com.au/shop/productdetails/942352/nannas-frozen-crepes",
        "imgName": "942352.jpg",
        "imgSrc": "https://cdn0.woolworths.media/content/wowproductimages/medium/942352.jpg",
        "name": "Nannas Frozen Crepes  400g",
        "price": 6,
        "unitPrice": "$1.50 / 100G"
    },
    {
        "category": "freezer",
        "href": "https://www.woolworths.com.au/shop/productdetails/931859/oob-organic-frozen-blueberries",
        "imgName": "931859.jpg",
        "imgSrc": "https://cdn0.woolworths.media/content/wowproductimages/medium/931859.jpg",
        "name": "Oob Organic Frozen Blueberries  450g",
        "price": 9.7,
        "unitPrice": "$21.56 / 1KG"
    },
    {
        "category": "freezer",
        "href": "https://www.woolworths.com.au/shop/productdetails/657086/super-nature-wellness-bowl-green-chickpea-curry-with-quinoa-brown-rice",
        "imgName": "657086.jpg",
        "imgSrc": "https://cdn0.woolworths.media/content/wowproductimages/medium/657086.jpg",
        "name": "Super Nature Wellness Bowl Green Chickpea Curry With Quinoa & Brown Rice 350g",
        "price": 6.3,
        "unitPrice": "$1.80 / 100G"
    },
    {
        "category": "freezer",
        "href": "https://www.woolworths.com.au/shop/productdetails/545704/coco-lucus-butter-chicken-jasmine-rice",
        "imgName": "545704.jpg",
        "imgSrc": "https://cdn0.woolworths.media/content/wowproductimages/medium/545704.jpg",
        "name": "Coco & Lucus Butter Chicken & Jasmine Rice 220g",
        "price": 5,
        "unitPrice": "$2.27 / 100G"
    },
    {
        "category": "freezer",
        "href": "https://www.woolworths.com.au/shop/productdetails/645092/weis-real-good-feel-good-pineapple-coconut-lime",
        "imgName": "645092.jpg",
        "imgSrc": "https://cdn0.woolworths.media/content/wowproductimages/medium/645092.jpg",
        "name": "Weis Real Good Feel Good Pineapple Coconut Lime 4x70ml",
        "price": 7.5,
        "unitPrice": "$2.68 / 100ML"
    },
    {
        "category": "freezer",
        "href": "https://www.woolworths.com.au/shop/productdetails/652578/mr-chens-gluten-free-prawn-hargow",
        "imgName": "652578.jpg",
        "imgSrc": "https://cdn0.woolworths.media/content/wowproductimages/medium/652578.jpg",
        "name": "Mr Chens Gluten Free Prawn Hargow 204g",
        "price": 7.5,
        "unitPrice": "$3.68 / 100G"
    },
    {
        "category": "freezer",
        "href": "https://www.woolworths.com.au/shop/productdetails/636657/paddle-pop-ice-cream-bionic-bubble-gum",
        "imgName": "636657.jpg",
        "imgSrc": "https://cdn0.woolworths.media/content/wowproductimages/medium/636657.jpg",
        "name": "Paddle Pop Ice Cream Bionic Bubble Gum 10pk 680ml",
        "price": 7,
        "unitPrice": "$1.03 / 100ML"
    },
    {
        "category": "freezer",
        "href": "https://www.woolworths.com.au/shop/productdetails/569472/boost-frozen-blue-berries",
        "imgName": "569472.jpg",
        "imgSrc": "https://cdn0.woolworths.media/content/wowproductimages/medium/569472.jpg",
        "name": "Boost Frozen Blue Berries 1kg",
        "price": 9,
        "unitPrice": "$9.00 / 1KG"
    },
    {
        "category": "freezer",
        "href": "https://www.woolworths.com.au/shop/productdetails/536231/bell-farms-hash-browns",
        "imgName": "536231.jpg",
        "imgSrc": "https://cdn0.woolworths.media/content/wowproductimages/medium/536231.jpg",
        "name": "Bell Farms Hash Browns  1kg",
        "price": 3,
        "unitPrice": "$3.00 / 1KG"
    },
    {
        "category": "freezer",
        "href": "https://www.woolworths.com.au/shop/productdetails/636579/streets-blue-ribbon-rocklea-road-ice-cream",
        "imgName": "636579.jpg",
        "imgSrc": "https://cdn0.woolworths.media/content/wowproductimages/medium/636579.jpg",
        "name": "Streets Blue Ribbon Rocklea Road Ice Cream 1.25l",
        "price": 7,
        "unitPrice": "$0.56 / 100ML"
    },
    {
        "category": "freezer",
        "href": "https://www.woolworths.com.au/shop/productdetails/505061/haagen-dazs-belgian-chocolate-ice-cream",
        "imgName": "505061.jpg",
        "imgSrc": "https://cdn0.woolworths.media/content/wowproductimages/medium/505061.jpg",
        "name": "Haagen Dazs Belgian Chocolate Ice Cream 457ml",
        "price": 11.5,
        "unitPrice": "$2.52 / 100ML"
    },
    {
        "category": "freezer",
        "href": "https://www.woolworths.com.au/shop/productdetails/93832/birds-eye-corn-cobs-super-sweet",
        "imgName": "093832.jpg",
        "imgSrc": "https://cdn0.woolworths.media/content/wowproductimages/medium/093832.jpg",
        "name": "Birds Eye Corn Cobs Super Sweet 1kg",
        "price": 4.99,
        "unitPrice": "$4.99 / 1KG"
    },
    {
        "category": "freezer",
        "href": "https://www.woolworths.com.au/shop/productdetails/429360/bell-farms-crunchy-chips",
        "imgName": "429360.jpg",
        "imgSrc": "https://cdn0.woolworths.media/content/wowproductimages/medium/429360.jpg",
        "name": "Bell Farms Crunchy Chips  750g",
        "price": 3,
        "unitPrice": "$4.00 / 1KG"
    },
    {
        "category": "freezer",
        "href": "https://www.woolworths.com.au/shop/productdetails/586852/birds-eye-steam-fresh-scalloped-potatoes-with-cheese-sauce",
        "imgName": "586852.jpg",
        "imgSrc": "https://cdn0.woolworths.media/content/wowproductimages/medium/586852.jpg",
        "name": "Birds Eye Steam Fresh Scalloped Potatoes With Cheese Sauce 400g",
        "price": 3.99,
        "unitPrice": "$9.98 / 1KG"
    },
    {
        "category": "freezer",
        "href": "https://www.woolworths.com.au/shop/productdetails/618572/mccain-rustic-skin-on-chunky-cut",
        "imgName": "618572.jpg",
        "imgSrc": "https://cdn0.woolworths.media/content/wowproductimages/medium/618572.jpg",
        "name": "Mccain Rustic Skin On Chunky Cut 750g",
        "price": 3.69,
        "unitPrice": "$4.92 / 1KG"
    },
    {
        "category": "freezer",
        "href": "https://www.woolworths.com.au/shop/productdetails/838669/macro-organic-chopped-spinach-frozen",
        "imgName": "838669.jpg",
        "imgSrc": "https://cdn0.woolworths.media/content/wowproductimages/medium/838669.jpg",
        "name": "Macro Organic Chopped Spinach Frozen 250g",
        "price": 1.99,
        "unitPrice": "$0.80 / 100G"
    },
    {
        "category": "freezer",
        "href": "https://www.woolworths.com.au/shop/productdetails/536099/bell-farms-bubble-n-squeak-potato-vegetable-pattie",
        "imgName": "536099.jpg",
        "imgSrc": "https://cdn0.woolworths.media/content/wowproductimages/medium/536099.jpg",
        "name": "Bell Farms Bubble 'n Squeak Potato & Vegetable Pattie 600g",
        "price": 2.8,
        "unitPrice": "$4.67 / 1KG"
    },
    {
        "category": "freezer",
        "href": "https://www.woolworths.com.au/shop/productdetails/506922/blue-ribbon-reduced-fat-ice-cream-mint-biscuit",
        "imgName": "506922.jpg",
        "imgSrc": "https://cdn0.woolworths.media/content/wowproductimages/medium/506922.jpg",
        "name": "Blue Ribbon Reduced Fat Ice Cream Mint Biscuit 1.25l tub",
        "price": 7,
        "unitPrice": "$0.56 / 100ML"
    },
    {
        "category": "freezer",
        "href": "https://www.woolworths.com.au/shop/productdetails/567545/sealord-hoki-parmesan-rosemary",
        "imgName": "567545.jpg",
        "imgSrc": "https://cdn0.woolworths.media/content/wowproductimages/medium/567545.jpg",
        "name": "Sealord Hoki Parmesan & Rosemary  2pk 300g",
        "price": 6.59,
        "unitPrice": "$21.97 / 1KG"
    },
    {
        "category": "freezer",
        "href": "https://www.woolworths.com.au/shop/productdetails/506921/blue-ribbon-reduced-fat-ice-cream-oreo-cookies-cream",
        "imgName": "506921.jpg",
        "imgSrc": "https://cdn0.woolworths.media/content/wowproductimages/medium/506921.jpg",
        "name": "Blue Ribbon Reduced Fat Ice Cream Oreo Cookies & Cream 1.25l tub",
        "price": 7,
        "unitPrice": "$0.56 / 100ML"
    },
    {
        "category": "freezer",
        "href": "https://www.woolworths.com.au/shop/productdetails/952040/borgs-mixed-berry-strudel",
        "imgName": "952040.jpg",
        "imgSrc": "https://cdn0.woolworths.media/content/wowproductimages/medium/952040.jpg",
        "name": "Borgs Mixed Berry Strudel  600g",
        "price": 6,
        "unitPrice": "$1.00 / 100G"
    },
    {
        "category": "freezer",
        "href": "https://www.woolworths.com.au/shop/productdetails/659513/borgs-pastizzi-pulled-chicken-leek",
        "imgName": "659513.jpg",
        "imgSrc": "https://cdn0.woolworths.media/content/wowproductimages/medium/659513.jpg",
        "name": "Borgs Pastizzi Pulled Chicken& Leek 625g",
        "price": 6,
        "unitPrice": "$0.96 / 100G"
    },
    {
        "category": "freezer",
        "href": "https://www.woolworths.com.au/shop/productdetails/739902/nanna-s-rhubarb-apple-crumble",
        "imgName": "739902.jpg",
        "imgSrc": "https://cdn0.woolworths.media/content/wowproductimages/medium/739902.jpg",
        "name": "Nanna's Rhubarb & Apple Crumble  550g",
        "price": 6,
        "unitPrice": "$1.09 / 100G"
    },
    {
        "category": "freezer",
        "href": "https://www.woolworths.com.au/shop/productdetails/20011/sara-lee-puddings-chocolate",
        "imgName": "020011.jpg",
        "imgSrc": "https://cdn0.woolworths.media/content/wowproductimages/medium/020011.jpg",
        "name": "Sara Lee Puddings Chocolate 475g",
        "price": 6.25,
        "unitPrice": "$1.32 / 100G"
    },
    {
        "category": "freezer",
        "href": "https://www.woolworths.com.au/shop/productdetails/631008/woolworths-frozen-garlic-bread",
        "imgName": "631008.jpg",
        "imgSrc": "https://cdn0.woolworths.media/content/wowproductimages/medium/631008.jpg",
        "name": "Woolworths Frozen Garlic Bread 225g",
        "price": 2,
        "unitPrice": "$0.89 / 100G"
    },
    {
        "category": "freezer",
        "href": "https://www.woolworths.com.au/shop/productdetails/646683/weis-vanilla-honey-almond-frozen-yoghurt-snack-bars",
        "imgName": "646683.jpg",
        "imgSrc": "https://cdn0.woolworths.media/content/wowproductimages/medium/646683.jpg",
        "name": "Weis Vanilla Honey & Almond Frozen Yoghurt Snack Bars 6x44ml",
        "price": 6.8,
        "unitPrice": "$2.58 / 100ML"
    },
    {
        "category": "freezer",
        "href": "https://www.woolworths.com.au/shop/productdetails/432881/cornetto-classic-ice-cream-classic-chocolate",
        "imgName": "432881.jpg",
        "imgSrc": "https://cdn0.woolworths.media/content/wowproductimages/medium/432881.jpg",
        "name": "Cornetto Classic Ice Cream Classic Chocolate 4pk 440ml",
        "price": 7,
        "unitPrice": "$1.59 / 100ML"
    },
    {
        "category": "freezer",
        "href": "https://www.woolworths.com.au/shop/productdetails/645095/weis-real-good-feel-good-mango-passionfruit-coconut",
        "imgName": "645095.jpg",
        "imgSrc": "https://cdn0.woolworths.media/content/wowproductimages/medium/645095.jpg",
        "name": "Weis Real Good Feel Good Mango Passionfruit Coconut 4x120ml",
        "price": 7.5,
        "unitPrice": "$2.68 / 100ML"
    },
    {
        "category": "freezer",
        "href": "https://www.woolworths.com.au/shop/productdetails/572115/so-good-mango-coconut",
        "imgName": "572115.jpg",
        "imgSrc": "https://cdn0.woolworths.media/content/wowproductimages/medium/572115.jpg",
        "name": "So Good Mango Coconut  475ml",
        "price": 6.5,
        "unitPrice": "$1.37 / 100ML"
    },
    {
        "category": "freezer",
        "href": "https://www.woolworths.com.au/shop/productdetails/633724/cadbury-hazelnut-sticks",
        "imgName": "633724.jpg",
        "imgSrc": "https://cdn0.woolworths.media/content/wowproductimages/medium/633724.jpg",
        "name": "Cadbury Hazelnut Sticks  4pk 360ml",
        "price": 5,
        "unitPrice": "$1.39 / 100ML"
    },
    {
        "category": "freezer",
        "href": "https://www.woolworths.com.au/shop/productdetails/561699/peters-maxibon-iced-coffee-620ml",
        "imgName": "561699.jpg",
        "imgSrc": "https://cdn0.woolworths.media/content/wowproductimages/medium/561699.jpg",
        "name": "Peters Maxibon Iced Coffee 620ml  4pk 620ml",
        "price": 8.4,
        "unitPrice": "$1.35 / 100ML"
    },
    {
        "category": "freezer",
        "href": "https://www.woolworths.com.au/shop/productdetails/153676/magnum-mini-ice-cream-classic",
        "imgName": "153676.jpg",
        "imgSrc": "https://cdn0.woolworths.media/content/wowproductimages/medium/153676.jpg",
        "name": "Magnum Mini Ice Cream Classic 6pk 360ml",
        "price": 8,
        "unitPrice": "$2.22 / 100ML"
    },
    {
        "category": "freezer",
        "href": "https://www.woolworths.com.au/shop/productdetails/706708/heinz-mixed-vegetables",
        "imgName": "706708.jpg",
        "imgSrc": "https://cdn0.woolworths.media/content/wowproductimages/medium/706708.jpg",
        "name": "Heinz Mixed Vegetables  1kg",
        "price": 4.69,
        "unitPrice": "$4.69 / 1KG"
    },
    {
        "category": "freezer",
        "href": "https://www.woolworths.com.au/shop/productdetails/38939/birds-eye-hash-browns",
        "imgName": "038939.jpg",
        "imgSrc": "https://cdn0.woolworths.media/content/wowproductimages/medium/038939.jpg",
        "name": "Birds Eye Hash Browns  375g",
        "price": 3.19,
        "unitPrice": "$8.51 / 1KG"
    },
    {
        "category": "freezer",
        "href": "https://www.woolworths.com.au/shop/productdetails/435777/fro-pro-ice-cream-peanut-butter-chocolate",
        "imgName": "435777.jpg",
        "imgSrc": "https://cdn0.woolworths.media/content/wowproductimages/medium/435777.jpg",
        "name": "Fro Pro Ice Cream Peanut Butter & Chocolate 520ml tub",
        "price": 10,
        "unitPrice": "$1.92 / 100ML"
    },
    {
        "category": "freezer",
        "href": "https://www.woolworths.com.au/shop/productdetails/544367/annabel-karmel-chicken-veggie-rice",
        "imgName": "544367.jpg",
        "imgSrc": "https://cdn0.woolworths.media/content/wowproductimages/medium/544367.jpg",
        "name": "Annabel Karmel Chicken & Veggie Rice 200g",
        "price": 4,
        "special": 3,
        "unitPrice": "$1.50 / 100G"
    },
    {
        "category": "freezer",
        "href": "https://www.woolworths.com.au/shop/productdetails/732365/wel-pac-edamame-salted-frozen",
        "imgName": "732365.jpg",
        "imgSrc": "https://cdn0.woolworths.media/content/wowproductimages/medium/732365.jpg",
        "name": "Wel Pac Edamame Salted Frozen 454g",
        "price": 3.29,
        "unitPrice": "$7.25 / 1KG"
    },
    {
        "category": "freezer",
        "href": "https://www.woolworths.com.au/shop/productdetails/729421/steggles-frozen-chicken-kiev-kiev",
        "imgName": "729421.jpg",
        "imgSrc": "https://cdn0.woolworths.media/content/wowproductimages/medium/729421.jpg",
        "name": "Steggles Frozen Chicken Kiev Kiev 350g",
        "price": 7.99,
        "unitPrice": "$22.83 / 1KG"
    },
    {
        "category": "freezer",
        "href": "https://www.woolworths.com.au/shop/productdetails/96525/sara-lee-butter-cake-banana",
        "imgName": "096525.jpg",
        "imgSrc": "https://cdn0.woolworths.media/content/wowproductimages/medium/096525.jpg",
        "name": "Sara Lee Butter Cake Banana 350g",
        "price": 6.25,
        "unitPrice": "$1.79 / 100G"
    },
    {
        "category": "freezer",
        "href": "https://www.woolworths.com.au/shop/productdetails/554389/boost-smoothie-mix-rawesome",
        "imgName": "554389.jpg",
        "imgSrc": "https://cdn0.woolworths.media/content/wowproductimages/medium/554389.jpg",
        "name": "Boost Smoothie Mix Rawesome 3pk 660g",
        "price": 7,
        "unitPrice": "$10.61 / 1KG"
    },
    {
        "category": "freezer",
        "href": "https://www.woolworths.com.au/shop/productdetails/345040/ben-jerry-s-ice-cream-chocolate-fudge-brownie",
        "imgName": "345040.jpg",
        "imgSrc": "https://cdn0.woolworths.media/content/wowproductimages/medium/345040.jpg",
        "name": "Ben & Jerry's Ice Cream Chocolate Fudge Brownie 458ml tub",
        "price": 12,
        "unitPrice": "$2.62 / 100ML"
    },
    {
        "category": "freezer",
        "href": "https://www.woolworths.com.au/shop/productdetails/744613/findus-jamie-oliver-fish-cakes-with-parsley-crumb",
        "imgName": "744613.jpg",
        "imgSrc": "https://cdn0.woolworths.media/content/wowproductimages/medium/744613.jpg",
        "name": "Findus Jamie Oliver Fish Cakes With Parsley Crumb 4pk 200g",
        "price": 4.69,
        "unitPrice": "$23.45 / 1KG"
    },
    {
        "category": "freezer",
        "href": "https://www.woolworths.com.au/shop/productdetails/728499/dr-oetker-ristorante-pizza-spinaci",
        "imgName": "728499.jpg",
        "imgSrc": "https://cdn0.woolworths.media/content/wowproductimages/medium/728499.jpg",
        "name": "Dr Oetker Ristorante Pizza Spinaci 390g",
        "price": 7.5,
        "unitPrice": "$1.92 / 100G"
    },
    {
        "category": "freezer",
        "href": "https://www.woolworths.com.au/shop/productdetails/465115/sealord-hoki-fillets-premium-lime-coconut",
        "imgName": "465115.jpg",
        "imgSrc": "https://cdn0.woolworths.media/content/wowproductimages/medium/465115.jpg",
        "name": "Sealord Hoki Fillets Premium Lime & Coconut 350g",
        "price": 6.59,
        "unitPrice": "$21.97 / 1KG"
    },
    {
        "category": "freezer",
        "href": "https://www.woolworths.com.au/shop/productdetails/90000086/i-j-salt-pepper-crumbed-calamari-360g-x2-bundle",
        "imgName": "90000086.jpg",
        "imgSrc": "https://cdn0.woolworths.media/content/wowproductimages/medium/90000086.jpg",
        "name": "I&j Salt & Pepper Crumbed Calamari 360g X2 Bundle",
        "price": 14,
        "unitPrice": "$19.44 / 1KG"
    },
    {
        "category": "freezer",
        "href": "https://www.woolworths.com.au/shop/productdetails/90000142/lean-cuisine-thai-green-curry-pots-320g-x5-bundle",
        "imgName": "90000142.jpg",
        "imgSrc": "https://cdn0.woolworths.media/content/wowproductimages/medium/90000142.jpg",
        "name": "Lean Cuisine Thai Green Curry Pots 320g X5 Bundle",
        "price": 20,
        "unitPrice": "$1.25 / 100G"
    },
    {
        "category": "freezer",
        "href": "https://www.woolworths.com.au/shop/productdetails/90000173/mccain-healthy-choice-meals-roast-chicken-dinner-320g-x5-bundle",
        "imgName": "90000173.jpg",
        "imgSrc": "https://cdn0.woolworths.media/content/wowproductimages/medium/90000173.jpg",
        "name": "Mccain Healthy Choice Meals Roast Chicken Dinner 320g X5 Bundle",
        "price": 20,
        "unitPrice": "$1.25 / 100G"
    },
    {
        "category": "freezer",
        "href": "https://www.woolworths.com.au/shop/productdetails/650016/batman-ice-cream",
        "imgName": "650016.jpg",
        "imgSrc": "https://cdn0.woolworths.media/content/wowproductimages/medium/650016.jpg",
        "name": "Batman Ice Cream  6pk 360ml",
        "price": 5,
        "unitPrice": "$1.39 / 100ML"
    },
    {
        "category": "freezer",
        "href": "https://www.woolworths.com.au/shop/productdetails/211190/heinz-steam-fresh-carrot-corn-broccoli",
        "imgName": "211190.jpg",
        "imgSrc": "https://cdn0.woolworths.media/content/wowproductimages/medium/211190.jpg",
        "name": "Heinz Steam Fresh Carrot Corn & Broccoli 450g",
        "price": 3.49,
        "unitPrice": "$7.76 / 1KG"
    },
    {
        "category": "freezer",
        "href": "https://www.woolworths.com.au/shop/productdetails/840271/sealord-premium-hoki-fillets-wholemeal",
        "imgName": "840271.jpg",
        "imgSrc": "https://cdn0.woolworths.media/content/wowproductimages/medium/840271.jpg",
        "name": "Sealord Premium Hoki Fillets Wholemeal 2pk 300g",
        "price": 6.59,
        "unitPrice": "$21.97 / 1KG"
    },
    {
        "category": "freezer",
        "href": "https://www.woolworths.com.au/shop/productdetails/505074/haagen-dazs-strawberries-cream-ice-cream",
        "imgName": "505074.jpg",
        "imgSrc": "https://cdn0.woolworths.media/content/wowproductimages/medium/505074.jpg",
        "name": "Haagen Dazs Strawberries & Cream Ice Cream 457ml",
        "price": 11.5,
        "unitPrice": "$2.52 / 100ML"
    },
    {
        "category": "freezer",
        "href": "https://www.woolworths.com.au/shop/productdetails/482847/weight-watchers-frozen-meal-thai-red-prawn-curry",
        "imgName": "482847.jpg",
        "imgSrc": "https://cdn0.woolworths.media/content/wowproductimages/medium/482847.jpg",
        "name": "Weight Watchers Frozen Meal Thai Red Prawn Curry 340g",
        "price": 6.5,
        "unitPrice": "$1.91 / 100G"
    },
    {
        "category": "freezer",
        "href": "https://www.woolworths.com.au/shop/productdetails/253640/weis-sorbet-summer-berries",
        "imgName": "253640.jpg",
        "imgSrc": "https://cdn0.woolworths.media/content/wowproductimages/medium/253640.jpg",
        "name": "Weis Sorbet Summer Berries 1l tub",
        "price": 7,
        "unitPrice": "$0.70 / 100ML"
    },
    {
        "category": "freezer",
        "href": "https://www.woolworths.com.au/shop/productdetails/505306/ingham-s-frozen-chicken-nuggets-microwave",
        "imgName": "505306.jpg",
        "imgSrc": "https://cdn0.woolworths.media/content/wowproductimages/medium/505306.jpg",
        "name": "Ingham's Frozen Chicken Nuggets Microwave 400g",
        "price": 7.15,
        "unitPrice": "$17.88 / 1KG"
    },
    {
        "category": "freezer",
        "href": "https://www.woolworths.com.au/shop/productdetails/77888/patties-party-pies",
        "imgName": "077888.jpg",
        "imgSrc": "https://cdn0.woolworths.media/content/wowproductimages/medium/077888.jpg",
        "name": "Patties Party Pies  12pk 560g",
        "price": 7.15,
        "unitPrice": "$1.28 / 100G"
    },
    {
        "category": "freezer",
        "href": "https://www.woolworths.com.au/shop/productdetails/96568/sara-lee-family-pies-desserts-blueberry-danish",
        "imgName": "096568.jpg",
        "imgSrc": "https://cdn0.woolworths.media/content/wowproductimages/medium/096568.jpg",
        "name": "Sara Lee Family Pies & Desserts Blueberry Danish 400g",
        "price": 6.25,
        "unitPrice": "$1.56 / 100G"
    },
    {
        "category": "freezer",
        "href": "https://www.woolworths.com.au/shop/productdetails/330933/skinny-cow-ice-cream-sundae-double-choc-vanilla-caramel",
        "imgName": "330933.jpg",
        "imgSrc": "https://cdn0.woolworths.media/content/wowproductimages/medium/330933.jpg",
        "name": "Skinny Cow Ice Cream Sundae Double Choc Vanilla Caramel 4pk 680ml",
        "price": 8,
        "unitPrice": "$1.18 / 100ML"
    },
    {
        "category": "freezer",
        "href": "https://www.woolworths.com.au/shop/productdetails/705113/mr-chens-steam-selection",
        "imgName": "705113.jpg",
        "imgSrc": "https://cdn0.woolworths.media/content/wowproductimages/medium/705113.jpg",
        "name": "Mr Chens Steam Selection  240g",
        "price": 7.5,
        "unitPrice": "$3.13 / 100G"
    },
    {
        "category": "freezer",
        "href": "https://www.woolworths.com.au/shop/productdetails/46280/sara-lee-deep-dish-pie-with-apple-crumble-top",
        "imgName": "046280.jpg",
        "imgSrc": "https://cdn0.woolworths.media/content/wowproductimages/medium/046280.jpg",
        "name": "Sara Lee Deep Dish Pie With Apple Crumble Top 800g",
        "price": 7.5,
        "unitPrice": "$0.94 / 100G"
    },
    {
        "category": "freezer",
        "href": "https://www.woolworths.com.au/shop/productdetails/90000109/woolworths-delicious-nutritious-meals-salmon-fishcakes-350g-x5-bundle",
        "imgName": "90000109.jpg",
        "imgSrc": "https://cdn0.woolworths.media/content/wowproductimages/medium/90000109.jpg",
        "name": "Woolworths Delicious Nutritious Meals Salmon Fishcakes 350g X5 Bundle",
        "price": 20,
        "unitPrice": "$1.14 / 100G"
    },
    {
        "category": "freezer",
        "href": "https://www.woolworths.com.au/shop/productdetails/90000514/boost-smoothie-mix-green-pastures-660g-3pk-x3-bundle",
        "imgName": "90000514.jpg",
        "imgSrc": "https://cdn0.woolworths.media/content/wowproductimages/medium/90000514.jpg",
        "name": "Boost Smoothie Mix 'green Pastures' 660g 3pk X3 Bundle",
        "price": 18,
        "unitPrice": "$9.09 / 1KG"
    },
    {
        "category": "freezer",
        "href": "https://www.woolworths.com.au/shop/productdetails/93756/mccain-dinner-roast-lamb",
        "imgName": "093756.jpg",
        "imgSrc": "https://cdn0.woolworths.media/content/wowproductimages/medium/093756.jpg",
        "name": "Mccain Dinner Roast Lamb 320g",
        "price": 7,
        "unitPrice": "$2.19 / 100G"
    },
    {
        "category": "freezer",
        "href": "https://www.woolworths.com.au/shop/productdetails/93757/mccain-dinner-roast-beef",
        "imgName": "093757.jpg",
        "imgSrc": "https://cdn0.woolworths.media/content/wowproductimages/medium/093757.jpg",
        "name": "Mccain Dinner Roast Beef 320g",
        "price": 7,
        "unitPrice": "$2.19 / 100G"
    },
    {
        "category": "freezer",
        "href": "https://www.woolworths.com.au/shop/productdetails/571929/birdseye-oven-bake-salt-pepper",
        "imgName": "571929.jpg",
        "imgSrc": "https://cdn0.woolworths.media/content/wowproductimages/medium/571929.jpg",
        "name": "Birdseye Oven Bake Salt & Pepper  425g",
        "price": 8.79,
        "unitPrice": "$20.68 / 1KG"
    },
    {
        "category": "freezer",
        "href": "https://www.woolworths.com.au/shop/productdetails/90000170/mccain-healthy-choice-meals-lamb-cutlet-gravy-320g-x5-bundle",
        "imgName": "90000170.jpg",
        "imgSrc": "https://cdn0.woolworths.media/content/wowproductimages/medium/90000170.jpg",
        "name": "Mccain Healthy Choice Meals Lamb Cutlet & Gravy 320g X5 Bundle",
        "price": 20,
        "unitPrice": "$1.25 / 100G"
    },
    {
        "category": "freezer",
        "href": "https://www.woolworths.com.au/shop/productdetails/90000823/streets-magnum-mini-almond-360ml-6pk-x-2-bundle",
        "imgName": "90000823.jpg",
        "imgSrc": "https://cdn0.woolworths.media/content/wowproductimages/medium/90000823.jpg",
        "name": "Streets Magnum Mini Almond 360ml 6pk X 2 Bundle",
        "price": 14,
        "unitPrice": "$1.94 / ML"
    },
    {
        "category": "freezer",
        "href": "https://www.woolworths.com.au/shop/productdetails/90000177/mccain-healthy-choice-meals-fettuccine-carbonara-370g-x5-bundle",
        "imgName": "90000177.jpg",
        "imgSrc": "https://cdn0.woolworths.media/content/wowproductimages/medium/90000177.jpg",
        "name": "Mccain Healthy Choice Meals Fettuccine Carbonara 370g X5 Bundle",
        "price": 20,
        "unitPrice": "$1.07 / 100G"
    },
    {
        "category": "freezer",
        "href": "https://www.woolworths.com.au/shop/productdetails/90000094/mccain-beer-batter-shoestring-chips-750g-x3-bundle",
        "imgName": "90000094.jpg",
        "imgSrc": "https://cdn0.woolworths.media/content/wowproductimages/medium/90000094.jpg",
        "name": "Mccain Beer Batter Shoestring Chips 750g X3 Bundle",
        "price": 10.5,
        "unitPrice": "$4.67 / 1KG"
    },
    {
        "category": "freezer",
        "href": "https://www.woolworths.com.au/shop/productdetails/90000104/woolworths-delicious-nutritious-meals-asian-style-chicken-375g-x5-bundle",
        "imgName": "90000104.jpg",
        "imgSrc": "https://cdn0.woolworths.media/content/wowproductimages/medium/90000104.jpg",
        "name": "Woolworths Delicious Nutritious Meals Asian Style Chicken 375g X5 Bundle",
        "price": 20,
        "unitPrice": "$1.07 / 100G"
    },
    {
        "category": "freezer",
        "href": "https://www.woolworths.com.au/shop/productdetails/90000089/ingham-s-southern-style-chicken-tenders-400g-x4-bundle",
        "imgName": "90000089.jpg",
        "imgSrc": "https://cdn0.woolworths.media/content/wowproductimages/medium/90000089.jpg",
        "name": "Ingham's Southern Style Chicken Tenders 400g X4 Bundle",
        "price": 26,
        "unitPrice": "$16.25 / 1KG"
    },
    {
        "category": "freezer",
        "href": "https://www.woolworths.com.au/shop/productdetails/90000078/boost-smoothie-mix-tropical-sunrise-660g-3pk-x3-bundle",
        "imgName": "90000078.jpg",
        "imgSrc": "https://cdn0.woolworths.media/content/wowproductimages/medium/90000078.jpg",
        "name": "Boost Smoothie Mix 'tropical Sunrise' 660g 3pk X3 Bundle",
        "price": 18,
        "unitPrice": "$9.09 / 1KG"
    },
    {
        "category": "freezer",
        "href": "https://www.woolworths.com.au/shop/productdetails/69811/sanitarium-so-good-chocolate-bliss",
        "imgName": "069811.jpg",
        "imgSrc": "https://cdn0.woolworths.media/content/wowproductimages/medium/069811.jpg",
        "name": "Sanitarium So Good Chocolate Bliss 1l tub",
        "price": 6.6,
        "unitPrice": "$0.66 / 100ML"
    },
    {
        "category": "freezer",
        "href": "https://www.woolworths.com.au/shop/productdetails/249382/birds-eye-country-harvest-mixed-vegetables-garden",
        "imgName": "249382.jpg",
        "imgSrc": "https://cdn0.woolworths.media/content/wowproductimages/medium/249382.jpg",
        "name": "Birds Eye Country Harvest Mixed Vegetables Garden 1kg",
        "price": 5,
        "unitPrice": "$5.00 / 1KG"
    },
    {
        "category": "freezer",
        "href": "https://www.woolworths.com.au/shop/productdetails/705695/birds-eye-country-harvest-mixed-vegetables-spring-greens",
        "imgName": "705695.jpg",
        "imgSrc": "https://cdn0.woolworths.media/content/wowproductimages/medium/705695.jpg",
        "name": "Birds Eye Country Harvest Mixed Vegetables Spring Greens 1kg",
        "price": 5,
        "unitPrice": "$5.00 / 1KG"
    },
    {
        "category": "freezer",
        "href": "https://www.woolworths.com.au/shop/productdetails/786269/herbert-adams-pies-chunky-slow-cooked-beef-mush",
        "imgName": "786269.jpg",
        "imgSrc": "https://cdn0.woolworths.media/content/wowproductimages/medium/786269.jpg",
        "name": "Herbert Adams Pies Chunky Slow Cooked Beef & Mush 2pk",
        "price": 6.3,
        "unitPrice": "$1.58 / 100G"
    },
    {
        "category": "freezer",
        "href": "https://www.woolworths.com.au/shop/productdetails/96708/sara-lee-carrot-cake",
        "imgName": "096708.jpg",
        "imgSrc": "https://cdn0.woolworths.media/content/wowproductimages/medium/096708.jpg",
        "name": "Sara Lee Carrot Cake  400g",
        "price": 6.25,
        "unitPrice": "$1.56 / 100G"
    },
    {
        "category": "freezer",
        "href": "https://www.woolworths.com.au/shop/productdetails/96530/sara-lee-butter-chocolate-cake",
        "imgName": "096530.jpg",
        "imgSrc": "https://cdn0.woolworths.media/content/wowproductimages/medium/096530.jpg",
        "name": "Sara Lee Butter Chocolate Cake  400g",
        "price": 6.25,
        "unitPrice": "$1.79 / 100G"
    },
    {
        "category": "freezer",
        "href": "https://www.woolworths.com.au/shop/productdetails/139320/birds-eye-golden-crunch-wedges",
        "imgName": "139320.jpg",
        "imgSrc": "https://cdn0.woolworths.media/content/wowproductimages/medium/139320.jpg",
        "name": "Birds Eye Golden Crunch Wedges 1kg",
        "price": 4.29,
        "unitPrice": "$4.29 / 1KG"
    },
    {
        "category": "freezer",
        "href": "https://www.woolworths.com.au/shop/productdetails/766488/borg-s-pastizzis-spinach-and-ricotta-cheese",
        "imgName": "766488.jpg",
        "imgSrc": "https://cdn0.woolworths.media/content/wowproductimages/medium/766488.jpg",
        "name": "Borg's Pastizzis Spinach And Ricotta Cheese 625g",
        "price": 6,
        "unitPrice": "$0.96 / 100G"
    },
    {
        "category": "freezer",
        "href": "https://www.woolworths.com.au/shop/productdetails/508730/steggles-chicken-breast-fingers",
        "imgName": "508730.jpg",
        "imgSrc": "https://cdn0.woolworths.media/content/wowproductimages/medium/508730.jpg",
        "name": "Steggles Chicken Breast Fingers  1kg",
        "price": 10.99,
        "unitPrice": "$10.99 / 1KG"
    },
    {
        "category": "freezer",
        "href": "https://www.woolworths.com.au/shop/productdetails/767778/birds-eye-peas-baby-frozen",
        "imgName": "767778.jpg",
        "imgSrc": "https://cdn0.woolworths.media/content/wowproductimages/medium/767778.jpg",
        "name": "Birds Eye Peas Baby Frozen 1kg",
        "price": 4.7,
        "unitPrice": "$4.70 / 1KG"
    },
    {
        "category": "freezer",
        "href": "https://www.woolworths.com.au/shop/productdetails/940341/super-nature-split-pea-lentil-dhal",
        "imgName": "940341.jpg",
        "imgSrc": "https://cdn0.woolworths.media/content/wowproductimages/medium/940341.jpg",
        "name": "Super Nature Split Pea & Lentil Dhal 350g",
        "price": 6.3,
        "unitPrice": "$1.80 / 100G"
    },
    {
        "category": "freezer",
        "href": "https://www.woolworths.com.au/shop/productdetails/763596/woolworths-select-pastry-shortcrust",
        "imgName": "763596.jpg",
        "imgSrc": "https://cdn0.woolworths.media/content/wowproductimages/medium/763596.jpg",
        "name": "Woolworths Select Pastry Shortcrust 1kg",
        "price": 2.35,
        "unitPrice": "$0.24 / 100G"
    },
    {
        "category": "freezer",
        "href": "https://www.woolworths.com.au/shop/productdetails/505304/ingham-s-frozen-chicken-breast-tender-southern-style",
        "imgName": "505304.jpg",
        "imgSrc": "https://cdn0.woolworths.media/content/wowproductimages/medium/505304.jpg",
        "name": "Ingham's Frozen Chicken Breast Tender Southern Style 400g",
        "price": 8.3,
        "unitPrice": "$20.75 / 1KG"
    },
    {
        "category": "freezer",
        "href": "https://www.woolworths.com.au/shop/productdetails/745513/temptation-bakeries-quiche-petite",
        "imgName": "745513.jpg",
        "imgSrc": "https://cdn0.woolworths.media/content/wowproductimages/medium/745513.jpg",
        "name": "Temptation Bakeries Quiche Petite 30pk 500g",
        "price": 10,
        "unitPrice": "$2.00 / 100G"
    },
    {
        "category": "freezer",
        "href": "https://www.woolworths.com.au/shop/productdetails/296501/i-j-frozen-calamari-rings",
        "imgName": "296501.jpg",
        "imgSrc": "https://cdn0.woolworths.media/content/wowproductimages/medium/296501.jpg",
        "name": "I&j Frozen Calamari Rings 400g",
        "price": 7.99,
        "unitPrice": "$19.98 / 1KG"
    },
    {
        "category": "freezer",
        "href": "https://www.woolworths.com.au/shop/productdetails/37621/birds-eye-corn-kernels-super-sweet",
        "imgName": "037621.jpg",
        "imgSrc": "https://cdn0.woolworths.media/content/wowproductimages/medium/037621.jpg",
        "name": "Birds Eye Corn Kernels Super Sweet 1kg",
        "price": 4.99,
        "unitPrice": "$4.99 / 1KG"
    },
    {
        "category": "freezer",
        "href": "https://www.woolworths.com.au/shop/productdetails/16536/mccain-straight-cut-healthy-choice",
        "imgName": "016536.jpg",
        "imgSrc": "https://cdn0.woolworths.media/content/wowproductimages/medium/016536.jpg",
        "name": "Mccain Straight Cut Healthy Choice 1kg",
        "price": 4.29,
        "unitPrice": "$4.29 / 1KG"
    },
    {
        "category": "freezer",
        "href": "https://www.woolworths.com.au/shop/productdetails/66363/connoisseur-ice-cream-cookies-cream",
        "imgName": "066363.jpg",
        "imgSrc": "https://cdn0.woolworths.media/content/wowproductimages/medium/066363.jpg",
        "name": "Connoisseur Ice Cream Cookies & Cream 1l tub",
        "price": 10,
        "unitPrice": "$1.00 / 100ML"
    },
    {
        "category": "freezer",
        "href": "https://www.woolworths.com.au/shop/productdetails/259609/connoisseur-ice-cream-caramel-honey-macadamia",
        "imgName": "259609.jpg",
        "imgSrc": "https://cdn0.woolworths.media/content/wowproductimages/medium/259609.jpg",
        "name": "Connoisseur Ice Cream Caramel Honey Macadamia 1l tub",
        "price": 10,
        "unitPrice": "$1.00 / 100ML"
    },
    {
        "category": "freezer",
        "href": "https://www.woolworths.com.au/shop/productdetails/580733/super-green-smoothies-smooth-me-skinny",
        "imgName": "580733.jpg",
        "imgSrc": "https://cdn0.woolworths.media/content/wowproductimages/medium/580733.jpg",
        "name": "Super Green Smoothies Smooth Me Skinny 150g",
        "price": 3.5,
        "unitPrice": "$23.33 / 1KG"
    },
    {
        "category": "freezer",
        "href": "https://www.woolworths.com.au/shop/productdetails/427332/sanitarium-so-good-coconut-vanilla",
        "imgName": "427332.jpg",
        "imgSrc": "https://cdn0.woolworths.media/content/wowproductimages/medium/427332.jpg",
        "name": "Sanitarium So Good Coconut Vanilla 475ml tub",
        "price": 6.5,
        "unitPrice": "$1.37 / 100ML"
    },
    {
        "category": "freezer",
        "href": "https://www.woolworths.com.au/shop/productdetails/577070/halo-top-mint-choc-chip-ice-cream",
        "imgName": "577070.jpg",
        "imgSrc": "https://cdn0.woolworths.media/content/wowproductimages/medium/577070.jpg",
        "name": "Halo Top Mint Choc Chip Ice Cream 473ml",
        "price": 10,
        "unitPrice": "$2.11 / 100ML"
    },
    {
        "category": "freezer",
        "href": "https://www.woolworths.com.au/shop/productdetails/744148/mr-chens-chive-prawn-wonton",
        "imgName": "744148.jpg",
        "imgSrc": "https://cdn0.woolworths.media/content/wowproductimages/medium/744148.jpg",
        "name": "Mr Chens Chive & Prawn Wonton 240g",
        "price": 7.5,
        "unitPrice": "$3.13 / 100G"
    },
    {
        "category": "freezer",
        "href": "https://www.woolworths.com.au/shop/productdetails/90000152/lean-cuisine-steamed-sun-dried-tomato-chicken-370g-x5-bundle",
        "imgName": "90000152.jpg",
        "imgSrc": "https://cdn0.woolworths.media/content/wowproductimages/medium/90000152.jpg",
        "name": "Lean Cuisine Steamed Sun Dried Tomato & Chicken 370g X5 Bundle",
        "price": 20,
        "unitPrice": "$1.08 / 100G"
    },
    {
        "category": "freezer",
        "href": "https://www.woolworths.com.au/shop/productdetails/90000209/mccain-cheese-bacon-pizza-slices-600g-6pk-x2-bundle",
        "imgName": "90000209.jpg",
        "imgSrc": "https://cdn0.woolworths.media/content/wowproductimages/medium/90000209.jpg",
        "name": "Mccain Cheese & Bacon Pizza Slices 600g 6pk X2 Bundle",
        "price": 10,
        "unitPrice": "$0.83 / 100G"
    },
    {
        "category": "freezer",
        "href": "https://www.woolworths.com.au/shop/productdetails/90000240/weis-bar-ice-cream-mango-cream-bars-280ml-4pk-x3-bundle",
        "imgName": "90000240.jpg",
        "imgSrc": "https://cdn0.woolworths.media/content/wowproductimages/medium/90000240.jpg",
        "name": "Weis Bar Ice Cream Mango & Cream Bars 280ml 4pk X3 Bundle",
        "price": 18,
        "unitPrice": "$2.14 / 100ML"
    },
    {
        "category": "freezer",
        "href": "https://www.woolworths.com.au/shop/productdetails/90000807/streets-calippo-mini-lemon-orange-lime-575ml-10pk-x-2-bundle",
        "imgName": "90000807.jpg",
        "imgSrc": "https://cdn0.woolworths.media/content/wowproductimages/medium/90000807.jpg",
        "name": "Streets Calippo Mini Lemon Orange Lime 575ml 10pk X 2 Bundle",
        "price": 10,
        "unitPrice": "$0.87 / ML"
    },
    {
        "category": "freezer",
        "href": "https://www.woolworths.com.au/shop/productdetails/90000809/streets-paddle-pop-cyclone-688ml-8pk-x-2-bundle",
        "imgName": "90000809.jpg",
        "imgSrc": "https://cdn0.woolworths.media/content/wowproductimages/medium/90000809.jpg",
        "name": "Streets Paddle Pop Cyclone 688ml 8pk X 2 Bundle",
        "price": 10,
        "unitPrice": "$0.73 / ML"
    },
    {
        "category": "freezer",
        "href": "https://www.woolworths.com.au/shop/productdetails/90000190/mccain-healthy-choice-meals-chicken-mushroom-risotto-350g-x5-bundle",
        "imgName": "90000190.jpg",
        "imgSrc": "https://cdn0.woolworths.media/content/wowproductimages/medium/90000190.jpg",
        "name": "Mccain Healthy Choice Meals Chicken & Mushroom Risotto 350g X5 Bundle",
        "price": 20,
        "unitPrice": "$1.14 / 100G"
    },
    {
        "category": "freezer",
        "href": "https://www.woolworths.com.au/shop/productdetails/90000092/ingham-s-marinated-sweet-chilli-chicken-tenders-400g-x4-bundle",
        "imgName": "90000092.jpg",
        "imgSrc": "https://cdn0.woolworths.media/content/wowproductimages/medium/90000092.jpg",
        "name": "Ingham's Marinated Sweet Chilli Chicken Tenders 400g X4 Bundle",
        "price": 26,
        "unitPrice": "$16.25 / 1KG"
    },
    {
        "category": "freezer",
        "href": "https://www.woolworths.com.au/shop/productdetails/20032/sara-lee-sticky-date-pudding",
        "imgName": "020032.jpg",
        "imgSrc": "https://cdn0.woolworths.media/content/wowproductimages/medium/020032.jpg",
        "name": "Sara Lee Sticky Date Pudding  475g",
        "price": 6.25,
        "unitPrice": "$1.32 / 100G"
    },
    {
        "category": "freezer",
        "href": "https://www.woolworths.com.au/shop/productdetails/96775/homebrand-fish-fingers",
        "imgName": "096775.jpg",
        "imgSrc": "https://cdn0.woolworths.media/content/wowproductimages/medium/096775.jpg",
        "name": "Homebrand Fish Fingers  1kg",
        "price": 3.79,
        "unitPrice": "$3.79 / 1KG"
    },
    {
        "category": "freezer",
        "href": "https://www.woolworths.com.au/shop/productdetails/345039/ben-jerry-s-ice-cream-cookie-dough",
        "imgName": "345039.jpg",
        "imgSrc": "https://cdn0.woolworths.media/content/wowproductimages/medium/345039.jpg",
        "name": "Ben & Jerry's Ice Cream Cookie Dough 458ml tub",
        "price": 12,
        "unitPrice": "$2.62 / 100ML"
    },
    {
        "category": "freezer",
        "href": "https://www.woolworths.com.au/shop/productdetails/339262/steggles-tempura-chicken-breast-nuggets",
        "imgName": "339262.jpg",
        "imgSrc": "https://cdn0.woolworths.media/content/wowproductimages/medium/339262.jpg",
        "name": "Steggles Tempura Chicken Breast Nuggets 400g",
        "price": 4.99,
        "unitPrice": "$12.48 / 1KG"
    },
    {
        "category": "freezer",
        "href": "https://www.woolworths.com.au/shop/productdetails/262474/steggles-chicken-pieces-burger-southern-style",
        "imgName": "262474.jpg",
        "imgSrc": "https://cdn0.woolworths.media/content/wowproductimages/medium/262474.jpg",
        "name": "Steggles Chicken Pieces Burger Southern Style 450g",
        "price": 6.25,
        "unitPrice": "$13.89 / 1KG"
    },
    {
        "category": "freezer",
        "href": "https://www.woolworths.com.au/shop/productdetails/668015/streets-golden-gaytime-unicorn-limited-edition",
        "imgName": "668015.jpg",
        "imgSrc": "https://cdn0.woolworths.media/content/wowproductimages/medium/668015.jpg",
        "name": "Streets Golden Gaytime Unicorn Limited Edition 400ml",
        "price": 8,
        "unitPrice": "$2.00 / 100ML"
    },
    {
        "category": "freezer",
        "href": "https://www.woolworths.com.au/shop/productdetails/767356/herbert-adams-sausage-rolls-king-island-beef-12pk",
        "imgName": "767356.jpg",
        "imgSrc": "https://cdn0.woolworths.media/content/wowproductimages/medium/767356.jpg",
        "name": "Herbert Adams Sausage Rolls King Island Beef 12pk 560g",
        "price": 7.9,
        "unitPrice": "$1.88 / 100G"
    },
    {
        "category": "freezer",
        "href": "https://www.woolworths.com.au/shop/productdetails/717222/heinz-steam-fresh-carrot-corn-broccoli",
        "imgName": "717222.jpg",
        "imgSrc": "https://cdn0.woolworths.media/content/wowproductimages/medium/717222.jpg",
        "name": "Heinz Steam Fresh Carrot Corn & Broccoli 750g",
        "price": 5.09,
        "unitPrice": "$6.79 / 1KG"
    },
    {
        "category": "freezer",
        "href": "https://www.woolworths.com.au/shop/productdetails/781530/sara-lee-ice-cream-salted-caramel",
        "imgName": "781530.jpg",
        "imgSrc": "https://cdn0.woolworths.media/content/wowproductimages/medium/781530.jpg",
        "name": "Sara Lee Ice Cream Salted Caramel 1l tub",
        "price": 9,
        "special": 6,
        "unitPrice": "$0.60 / 100ML"
    },
    {
        "category": "freezer",
        "href": "https://www.woolworths.com.au/shop/productdetails/950975/woolworths-french-style-cheesecake",
        "imgName": "950975.jpg",
        "imgSrc": "https://cdn0.woolworths.media/content/wowproductimages/medium/950975.jpg",
        "name": "Woolworths French Style Cheesecake 450g",
        "price": 3,
        "unitPrice": "$0.67 / 100G"
    },
    {
        "category": "freezer",
        "href": "https://www.woolworths.com.au/shop/productdetails/788021/mccain-healthy-choice-penne-tomato-bacon",
        "imgName": "788021.jpg",
        "imgSrc": "https://cdn0.woolworths.media/content/wowproductimages/medium/788021.jpg",
        "name": "Mccain Healthy Choice Penne Tomato Bacon 280g",
        "price": 4,
        "unitPrice": "$1.33 / 100G"
    },
    {
        "category": "freezer",
        "href": "https://www.woolworths.com.au/shop/productdetails/798985/mccain-healthy-choice-wholegrains-italian-beef-chia-meatballs",
        "imgName": "798985.jpg",
        "imgSrc": "https://cdn0.woolworths.media/content/wowproductimages/medium/798985.jpg",
        "name": "Mccain Healthy Choice Wholegrains Italian Beef & Chia Meatballs 350g",
        "price": 6.6,
        "unitPrice": "$1.89 / 100G"
    },
    {
        "category": "freezer",
        "href": "https://www.woolworths.com.au/shop/productdetails/886761/woolworths-delicious-nutritious-meals-salmon-fishcakes",
        "imgName": "886761.jpg",
        "imgSrc": "https://cdn0.woolworths.media/content/wowproductimages/medium/886761.jpg",
        "name": "Woolworths Delicious Nutritious Meals Salmon Fishcakes 350g",
        "price": 6.5,
        "unitPrice": "$1.86 / 100G"
    },
    {
        "category": "freezer",
        "href": "https://www.woolworths.com.au/shop/productdetails/147714/herbert-adams-rolls-flaky-cheese-spinach",
        "imgName": "147714.jpg",
        "imgSrc": "https://cdn0.woolworths.media/content/wowproductimages/medium/147714.jpg",
        "name": "Herbert Adams Rolls Flaky Cheese & Spinach 440g",
        "price": 5,
        "unitPrice": "$1.14 / 100G"
    },
    {
        "category": "freezer",
        "href": "https://www.woolworths.com.au/shop/productdetails/339271/steggles-tempura-chicken-dino-snacks",
        "imgName": "339271.jpg",
        "imgSrc": "https://cdn0.woolworths.media/content/wowproductimages/medium/339271.jpg",
        "name": "Steggles Tempura Chicken Dino Snacks 400g",
        "price": 5,
        "unitPrice": "$12.50 / 1KG"
    },
    {
        "category": "freezer",
        "href": "https://www.woolworths.com.au/shop/productdetails/383594/steggles-chicken-pieces-ovenroasted-wings",
        "imgName": "383594.jpg",
        "imgSrc": "https://cdn0.woolworths.media/content/wowproductimages/medium/383594.jpg",
        "name": "Steggles Chicken Pieces Ovenroasted Wings 1kg",
        "price": 10.99,
        "unitPrice": "$10.99 / 1KG"
    },
    {
        "category": "freezer",
        "href": "https://www.woolworths.com.au/shop/productdetails/7280/peters-icy-pole-lemonade",
        "imgName": "007280.jpg",
        "imgSrc": "https://cdn0.woolworths.media/content/wowproductimages/medium/007280.jpg",
        "name": "Peters Icy Pole Lemonade 8pk 600ml",
        "price": 4.6,
        "unitPrice": "$0.77 / 100ML"
    },
    {
        "category": "freezer",
        "href": "https://www.woolworths.com.au/shop/productdetails/6981/birds-eye-wild-caught-deep-sea-dory-original-crumb",
        "imgName": "006981.jpg",
        "imgSrc": "https://cdn0.woolworths.media/content/wowproductimages/medium/006981.jpg",
        "name": "Birds Eye Wild Caught Deep Sea Dory Original Crumb 425g",
        "price": 9.49,
        "unitPrice": "$22.33 / 1KG"
    },
    {
        "category": "freezer",
        "href": "https://www.woolworths.com.au/shop/productdetails/40950/peters-ice-cream-cake-party",
        "imgName": "040950.jpg",
        "imgSrc": "https://cdn0.woolworths.media/content/wowproductimages/medium/040950.jpg",
        "name": "Peters Ice Cream Cake Party 1.5l",
        "price": 13,
        "unitPrice": "$0.87 / 100ML"
    },
    {
        "category": "freezer",
        "href": "https://www.woolworths.com.au/shop/productdetails/224036/birds-eye-steam-fresh-lemon-parsley-fish-fillets",
        "imgName": "224036.jpg",
        "imgSrc": "https://cdn0.woolworths.media/content/wowproductimages/medium/224036.jpg",
        "name": "Birds Eye Steam Fresh Lemon & Parsley Fish Fillets 360g",
        "price": 7.99,
        "unitPrice": "$22.19 / 1KG"
    },
    {
        "category": "freezer",
        "href": "https://www.woolworths.com.au/shop/productdetails/215441/calippo-mini-water-ice-lemon-orange-lime",
        "imgName": "215441.jpg",
        "imgSrc": "https://cdn0.woolworths.media/content/wowproductimages/medium/215441.jpg",
        "name": "Calippo Mini Water Ice Lemon Orange & Lime 10pk 570ml",
        "price": 7,
        "unitPrice": "$1.22 / 100ML"
    },
    {
        "category": "freezer",
        "href": "https://www.woolworths.com.au/shop/productdetails/330934/peters-ice-cream-no-added-sugar-creamy-vanilla",
        "imgName": "330934.jpg",
        "imgSrc": "https://cdn0.woolworths.media/content/wowproductimages/medium/330934.jpg",
        "name": "Peters Ice Cream No Added Sugar Creamy Vanilla 1.2l tub",
        "price": 7.6,
        "unitPrice": "$0.63 / 100ML"
    },
    {
        "category": "freezer",
        "href": "https://www.woolworths.com.au/shop/productdetails/326523/steggles-chicken-pieces-spicy-hot-tenders",
        "imgName": "326523.jpg",
        "imgSrc": "https://cdn0.woolworths.media/content/wowproductimages/medium/326523.jpg",
        "name": "Steggles Chicken Pieces Spicy Hot Tenders 400g",
        "price": 7.8,
        "unitPrice": "$19.50 / 1KG"
    },
    {
        "category": "freezer",
        "href": "https://www.woolworths.com.au/shop/productdetails/338482/birds-eye-southern-blue-whiting-original-crumb",
        "imgName": "338482.jpg",
        "imgSrc": "https://cdn0.woolworths.media/content/wowproductimages/medium/338482.jpg",
        "name": "Birds Eye Southern Blue Whiting Original Crumb 425g",
        "price": 9.49,
        "unitPrice": "$22.33 / 1KG"
    },
    {
        "category": "freezer",
        "href": "https://www.woolworths.com.au/shop/productdetails/482975/super-nature-super-lunch-italian-chicken-with-quinoa-brown-rice",
        "imgName": "482975.jpg",
        "imgSrc": "https://cdn0.woolworths.media/content/wowproductimages/medium/482975.jpg",
        "name": "Super Nature Super Lunch Italian Chicken With Quinoa & Brown Rice 200g",
        "price": 4.8,
        "unitPrice": "$2.40 / 100G"
    },
    {
        "category": "freezer",
        "href": "https://www.woolworths.com.au/shop/productdetails/508042/woolworths-frozen-pizza-bbq-meat-lovers",
        "imgName": "508042.jpg",
        "imgSrc": "https://cdn0.woolworths.media/content/wowproductimages/medium/508042.jpg",
        "name": "Woolworths Frozen Pizza Bbq Meat Lovers 500g",
        "price": 2.95,
        "unitPrice": "$0.59 / 100G"
    },
    {
        "category": "freezer",
        "href": "https://www.woolworths.com.au/shop/productdetails/765648/petite-cuisine-hamburger-patties-20pk",
        "imgName": "765648.jpg",
        "imgSrc": "https://cdn0.woolworths.media/content/wowproductimages/medium/765648.jpg",
        "name": "Petite Cuisine Hamburger Patties 20pk  1kg",
        "price": 8.7,
        "unitPrice": "$0.87 / 100G"
    },
    {
        "category": "freezer",
        "href": "https://www.woolworths.com.au/shop/productdetails/772496/papa-giuseppi-s-bakehouse-crust-hawaiian",
        "imgName": "772496.jpg",
        "imgSrc": "https://cdn0.woolworths.media/content/wowproductimages/medium/772496.jpg",
        "name": "Papa Giuseppi's Bakehouse Crust Hawaiian 465g",
        "price": 8,
        "unitPrice": "$1.72 / 100G"
    },
    {
        "category": "freezer",
        "href": "https://www.woolworths.com.au/shop/productdetails/790325/jase-s-kitchen-sausage-rolls-gluten-free",
        "imgName": "790325.jpg",
        "imgSrc": "https://cdn0.woolworths.media/content/wowproductimages/medium/790325.jpg",
        "name": "Jase's Kitchen Sausage Rolls Gluten Free 3pk 390g",
        "price": 9.99,
        "unitPrice": "$2.56 / 100G"
    },
    {
        "category": "freezer",
        "href": "https://www.woolworths.com.au/shop/productdetails/931860/oob-organic-frozen-mixed-berries",
        "imgName": "931860.jpg",
        "imgSrc": "https://cdn0.woolworths.media/content/wowproductimages/medium/931860.jpg",
        "name": "Oob Organic Frozen Mixed Berries 500g",
        "price": 9.7,
        "unitPrice": "$19.40 / 1KG"
    },
    {
        "category": "freezer",
        "href": "https://www.woolworths.com.au/shop/productdetails/657180/super-nature-bento-box-teriyaki-chicken-with-rice-seaweed-endamane-mix",
        "imgName": "657180.jpg",
        "imgSrc": "https://cdn0.woolworths.media/content/wowproductimages/medium/657180.jpg",
        "name": "Super Nature Bento Box Teriyaki Chicken With Rice Seaweed & Endamane Mix 350g",
        "price": 6.3,
        "unitPrice": "$1.80 / 100G"
    },
    {
        "category": "freezer",
        "href": "https://www.woolworths.com.au/shop/productdetails/600955/woolworths-chocolate-coated-ice-cream",
        "imgName": "600955.jpg",
        "imgSrc": "https://cdn0.woolworths.media/content/wowproductimages/medium/600955.jpg",
        "name": "Woolworths Chocolate Coated Ice Cream 10x86ml",
        "price": 3,
        "unitPrice": "$0.35 / 100ML"
    },
    {
        "category": "freezer",
        "href": "https://www.woolworths.com.au/shop/productdetails/96566/sara-lee-family-pies-desserts-apricot-danish",
        "imgName": "096566.jpg",
        "imgSrc": "https://cdn0.woolworths.media/content/wowproductimages/medium/096566.jpg",
        "name": "Sara Lee Family Pies & Desserts Apricot Danish 400g",
        "price": 6.25,
        "unitPrice": "$1.56 / 100G"
    },
    {
        "category": "freezer",
        "href": "https://www.woolworths.com.au/shop/productdetails/622130/woolworths-party-pack-party-pies-sausage-rolls",
        "imgName": "622130.jpg",
        "imgSrc": "https://cdn0.woolworths.media/content/wowproductimages/medium/622130.jpg",
        "name": "Woolworths Party Pack Party Pies & Sausage Rolls 30pk 1.25kg",
        "price": 8,
        "unitPrice": "$0.64 / 100G"
    },
    {
        "category": "freezer",
        "href": "https://www.woolworths.com.au/shop/productdetails/657087/super-nature-wellness-bowl-satay-chicken-with-quinoa-chickpea-wild-rice",
        "imgName": "657087.jpg",
        "imgSrc": "https://cdn0.woolworths.media/content/wowproductimages/medium/657087.jpg",
        "name": "Super Nature Wellness Bowl Satay Chicken With Quinoa Chickpea & Wild Rice 350g",
        "price": 6.3,
        "unitPrice": "$1.80 / 100G"
    },
    {
        "category": "freezer",
        "href": "https://www.woolworths.com.au/shop/productdetails/657078/on-the-menu-beer-battered-fish-chips",
        "imgName": "657078.jpg",
        "imgSrc": "https://cdn0.woolworths.media/content/wowproductimages/medium/657078.jpg",
        "name": "On The Menu Beer Battered Fish & Chips 320g",
        "price": 6,
        "unitPrice": "$1.88 / 100G"
    },
    {
        "category": "freezer",
        "href": "https://www.woolworths.com.au/shop/productdetails/657181/super-nature-wellness-bowl-chicken-pumpkin-quinoa",
        "imgName": "657181.jpg",
        "imgSrc": "https://cdn0.woolworths.media/content/wowproductimages/medium/657181.jpg",
        "name": "Super Nature Wellness Bowl Chicken Pumpkin & Quinoa 350g",
        "price": 6.3,
        "unitPrice": "$1.80 / 100G"
    },
    {
        "category": "freezer",
        "href": "https://www.woolworths.com.au/shop/productdetails/586842/birds-eye-deli-french-fries-garlic-herb-lemon",
        "imgName": "586842.jpg",
        "imgSrc": "https://cdn0.woolworths.media/content/wowproductimages/medium/586842.jpg",
        "name": "Birds Eye Deli French Fries Garlic Herb & Lemon 600g",
        "price": 3.7,
        "unitPrice": "$6.17 / 1KG"
    },
    {
        "category": "freezer",
        "href": "https://www.woolworths.com.au/shop/productdetails/651258/on-the-menu-beef-burrito",
        "imgName": "651258.jpg",
        "imgSrc": "https://cdn0.woolworths.media/content/wowproductimages/medium/651258.jpg",
        "name": "On The Menu Beef Burrito 170g",
        "price": 4,
        "unitPrice": "$2.35 / 100G"
    },
    {
        "category": "freezer",
        "href": "https://www.woolworths.com.au/shop/productdetails/567552/sealord-hoki-pale-ale-beer-batter",
        "imgName": "567552.jpg",
        "imgSrc": "https://cdn0.woolworths.media/content/wowproductimages/medium/567552.jpg",
        "name": "Sealord Hoki Pale Ale Beer Batter 2pk 280g",
        "price": 6.59,
        "unitPrice": "$23.54 / 1KG"
    },
    {
        "category": "freezer",
        "href": "https://www.woolworths.com.au/shop/productdetails/567277/sealord-dori-wholemeal-crumb",
        "imgName": "567277.jpg",
        "imgSrc": "https://cdn0.woolworths.media/content/wowproductimages/medium/567277.jpg",
        "name": "Sealord Dori Wholemeal Crumb  2pk 230g",
        "price": 7.49,
        "unitPrice": "$32.57 / 1KG"
    },
    {
        "category": "freezer",
        "href": "https://www.woolworths.com.au/shop/productdetails/661425/mccain-beef-bacon-pasta-bake",
        "imgName": "661425.jpg",
        "imgSrc": "https://cdn0.woolworths.media/content/wowproductimages/medium/661425.jpg",
        "name": "Mccain Beef & Bacon Pasta Bake 400g",
        "price": 4.5,
        "unitPrice": "$1.13 / 100G"
    },
    {
        "category": "freezer",
        "href": "https://www.woolworths.com.au/shop/productdetails/576705/despicable-me-frozen-stick",
        "imgName": "576705.jpg",
        "imgSrc": "https://cdn0.woolworths.media/content/wowproductimages/medium/576705.jpg",
        "name": "Despicable Me Frozen Stick  6pk 360ml",
        "price": 5,
        "unitPrice": "$1.39 / 100ML"
    },
    {
        "category": "freezer",
        "href": "https://www.woolworths.com.au/shop/productdetails/581042/super-green-smoothies-energy-rocket-fuel",
        "imgName": "581042.jpg",
        "imgSrc": "https://cdn0.woolworths.media/content/wowproductimages/medium/581042.jpg",
        "name": "Super Green Smoothies Energy Rocket Fuel 150g",
        "price": 3.5,
        "unitPrice": "$23.33 / 1KG"
    },
    {
        "category": "freezer",
        "href": "https://www.woolworths.com.au/shop/productdetails/644977/inghams-chicken-cheesy-nuggets",
        "imgName": "644977.jpg",
        "imgSrc": "https://cdn0.woolworths.media/content/wowproductimages/medium/644977.jpg",
        "name": "Inghams Chicken Cheesy Nuggets 400g",
        "price": 7.15,
        "unitPrice": "$17.88 / 1KG"
    },
    {
        "category": "freezer",
        "href": "https://www.woolworths.com.au/shop/productdetails/612272/woolworths-choc-dipped-milk-ice-variety-pack",
        "imgName": "612272.jpg",
        "imgSrc": "https://cdn0.woolworths.media/content/wowproductimages/medium/612272.jpg",
        "name": "Woolworths Choc Dipped Milk Ice Variety Pack 10x72ml",
        "price": 3.49,
        "unitPrice": "$0.48 / 100ML"
    },
    {
        "category": "freezer",
        "href": "https://www.woolworths.com.au/shop/productdetails/574746/quorn-vegan-nuggets",
        "imgName": "574746.jpg",
        "imgSrc": "https://cdn0.woolworths.media/content/wowproductimages/medium/574746.jpg",
        "name": "Quorn Vegan Nuggets  280g",
        "price": 7,
        "unitPrice": "$2.50 / 100G"
    },
    {
        "category": "freezer",
        "href": "https://www.woolworths.com.au/shop/productdetails/609202/mccain-traditional-roast-potato",
        "imgName": "609202.jpg",
        "imgSrc": "https://cdn0.woolworths.media/content/wowproductimages/medium/609202.jpg",
        "name": "Mccain Traditional Roast Potato  650g",
        "price": 3.69,
        "unitPrice": "$5.68 / 1KG"
    },
    {
        "category": "freezer",
        "href": "https://www.woolworths.com.au/shop/productdetails/536096/bell-farms-salted-edamame",
        "imgName": "536096.jpg",
        "imgSrc": "https://cdn0.woolworths.media/content/wowproductimages/medium/536096.jpg",
        "name": "Bell Farms Salted Edamame  400g",
        "price": 2.5,
        "unitPrice": "$6.25 / 1KG"
    },
    {
        "category": "freezer",
        "href": "https://www.woolworths.com.au/shop/productdetails/940328/mrs-macs-microwave-quiche-lorraine",
        "imgName": "940328.jpg",
        "imgSrc": "https://cdn0.woolworths.media/content/wowproductimages/medium/940328.jpg",
        "name": "Mrs Macs Microwave Quiche Lorraine  175g",
        "price": 3,
        "unitPrice": "$1.71 / 100G"
    },
    {
        "category": "freezer",
        "href": "https://www.woolworths.com.au/shop/productdetails/657079/super-nature-slow-cooked-lamb-ragu-wholemeal-pappardelle",
        "imgName": "657079.jpg",
        "imgSrc": "https://cdn0.woolworths.media/content/wowproductimages/medium/657079.jpg",
        "name": "Super Nature Slow Cooked Lamb Ragu Wholemeal Pappardelle 350g",
        "price": 6.3,
        "unitPrice": "$1.80 / 100G"
    },
    {
        "category": "freezer",
        "href": "https://www.woolworths.com.au/shop/productdetails/657404/pepes-creamy-ricotta-cheese-pastizzi",
        "imgName": "657404.jpg",
        "imgSrc": "https://cdn0.woolworths.media/content/wowproductimages/medium/657404.jpg",
        "name": "Pepes Creamy Ricotta Cheese Pastizzi 400g",
        "price": 5,
        "unitPrice": "$1.25 / 100G"
    },
    {
        "category": "freezer",
        "href": "https://www.woolworths.com.au/shop/productdetails/439768/kbs-prawn-gyoza",
        "imgName": "439768.jpg",
        "imgSrc": "https://cdn0.woolworths.media/content/wowproductimages/medium/439768.jpg",
        "name": "Kbs Prawn Gyoza 1kg",
        "price": 21.3,
        "unitPrice": "$2.13 / 100G"
    },
    {
        "category": "freezer",
        "href": "https://www.woolworths.com.au/shop/productdetails/577924/woolworths-chicken-mushroom-risotto",
        "imgName": "577924.jpg",
        "imgSrc": "https://cdn0.woolworths.media/content/wowproductimages/medium/577924.jpg",
        "name": "Woolworths Chicken & Mushroom Risotto 300g",
        "price": 3.99,
        "unitPrice": "$1.33 / 100G"
    },
    {
        "category": "freezer",
        "href": "https://www.woolworths.com.au/shop/productdetails/633608/proud-punch-keep-calm-carrot-on",
        "imgName": "633608.jpg",
        "imgSrc": "https://cdn0.woolworths.media/content/wowproductimages/medium/633608.jpg",
        "name": "Proud & Punch Keep Calm & Carrot On  6pk 530ml",
        "price": 8,
        "unitPrice": "$1.51 / 100ML"
    },
    {
        "category": "freezer",
        "href": "https://www.woolworths.com.au/shop/productdetails/574410/nestle-frozen-redskin-tub",
        "imgName": "574410.jpg",
        "imgSrc": "https://cdn0.woolworths.media/content/wowproductimages/medium/574410.jpg",
        "name": "Nestle Frozen Redskin Tub 470ml",
        "price": 7,
        "unitPrice": "$1.49 / 100ML"
    },
    {
        "category": "freezer",
        "href": "https://www.woolworths.com.au/shop/productdetails/567279/sealord-dori-classic-crumb",
        "imgName": "567279.jpg",
        "imgSrc": "https://cdn0.woolworths.media/content/wowproductimages/medium/567279.jpg",
        "name": "Sealord Dori Classic Crumb  4pk 320g",
        "price": 7.49,
        "unitPrice": "$23.41 / 1KG"
    },
    {
        "category": "freezer",
        "href": "https://www.woolworths.com.au/shop/productdetails/634898/sara-lee-red-velvet-cake",
        "imgName": "634898.jpg",
        "imgSrc": "https://cdn0.woolworths.media/content/wowproductimages/medium/634898.jpg",
        "name": "Sara Lee Red Velvet Cake 350g",
        "price": 6.25,
        "unitPrice": "$1.79 / 100G"
    },
    {
        "category": "freezer",
        "href": "https://www.woolworths.com.au/shop/productdetails/303065/maggie-beer-ice-cream-burnt-fig-honeycomb",
        "imgName": "303065.jpg",
        "imgSrc": "https://cdn0.woolworths.media/content/wowproductimages/medium/303065.jpg",
        "name": "Maggie Beer Ice Cream Burnt Fig & Honeycomb 500ml tub",
        "price": 10,
        "unitPrice": "$2.00 / 100ML"
    },
    {
        "category": "freezer",
        "href": "https://www.woolworths.com.au/shop/productdetails/888537/blue-ribbon-reduced-fat-ice-cream-original-golden-gaytime",
        "imgName": "888537.jpg",
        "imgSrc": "https://cdn0.woolworths.media/content/wowproductimages/medium/888537.jpg",
        "name": "Blue Ribbon Reduced Fat Ice Cream Original Golden Gaytime 1.25l tub",
        "price": 7,
        "unitPrice": "$0.56 / 100ML"
    },
    {
        "category": "freezer",
        "href": "https://www.woolworths.com.au/shop/productdetails/618640/mccain-rustic-skin-on-thin-cut",
        "imgName": "618640.jpg",
        "imgSrc": "https://cdn0.woolworths.media/content/wowproductimages/medium/618640.jpg",
        "name": "Mccain Rustic Skin On Thin Cut 750g",
        "price": 3.69,
        "unitPrice": "$4.92 / 1KG"
    },
    {
        "category": "freezer",
        "href": "https://www.woolworths.com.au/shop/productdetails/839441/birds-eye-steam-plus-cous-cous",
        "imgName": "839441.jpg",
        "imgSrc": "https://cdn0.woolworths.media/content/wowproductimages/medium/839441.jpg",
        "name": "Birds Eye Steam Plus Cous Cous 400g",
        "price": 5,
        "unitPrice": "$12.50 / 1KG"
    },
    {
        "category": "freezer",
        "href": "https://www.woolworths.com.au/shop/productdetails/508517/connoisseur-ice-cream-chocolate-brownie",
        "imgName": "508517.jpg",
        "imgSrc": "https://cdn0.woolworths.media/content/wowproductimages/medium/508517.jpg",
        "name": "Connoisseur Ice Cream Chocolate Brownie 1l tub",
        "price": 10,
        "unitPrice": "$1.00 / 100ML"
    },
    {
        "category": "freezer",
        "href": "https://www.woolworths.com.au/shop/productdetails/54664/herbert-adams-pasties-vegetable",
        "imgName": "054664.jpg",
        "imgSrc": "https://cdn0.woolworths.media/content/wowproductimages/medium/054664.jpg",
        "name": "Herbert Adams Pasties Vegetable 700g",
        "price": 7.5,
        "unitPrice": "$1.07 / 100G"
    },
    {
        "category": "freezer",
        "href": "https://www.woolworths.com.au/shop/productdetails/635323/bulla-real-dairy-nut-free",
        "imgName": "635323.jpg",
        "imgSrc": "https://cdn0.woolworths.media/content/wowproductimages/medium/635323.jpg",
        "name": "Bulla Real Dairy Nut Free 2l",
        "price": 7,
        "unitPrice": "$0.35 / 100ML"
    },
    {
        "category": "freezer",
        "href": "https://www.woolworths.com.au/shop/productdetails/716244/peters-maxibon-ice-cream-caramel-rough-nut",
        "imgName": "716244.jpg",
        "imgSrc": "https://cdn0.woolworths.media/content/wowproductimages/medium/716244.jpg",
        "name": "Peters Maxibon Ice Cream Caramel Rough Nut 4pk 620ml",
        "price": 8.4,
        "unitPrice": "$1.35 / 100ML"
    },
    {
        "category": "freezer",
        "href": "https://www.woolworths.com.au/shop/productdetails/574617/cadbury-ice-cream-rocky-road-chocolate",
        "imgName": "574617.jpg",
        "imgSrc": "https://cdn0.woolworths.media/content/wowproductimages/medium/574617.jpg",
        "name": "Cadbury Ice Cream Rocky Road Chocolate 500ml",
        "price": 5,
        "unitPrice": "$1.00 / 100ML"
    },
    {
        "category": "freezer",
        "href": "https://www.woolworths.com.au/shop/productdetails/634895/sara-lee-triple-chocolate-bavarian",
        "imgName": "634895.jpg",
        "imgSrc": "https://cdn0.woolworths.media/content/wowproductimages/medium/634895.jpg",
        "name": "Sara Lee Triple Chocolate Bavarian 510g",
        "price": 7,
        "unitPrice": "$1.37 / 100G"
    },
    {
        "category": "freezer",
        "href": "https://www.woolworths.com.au/shop/productdetails/574921/bulla-decorate-ice-cream-cake",
        "imgName": "574921.jpg",
        "imgSrc": "https://cdn0.woolworths.media/content/wowproductimages/medium/574921.jpg",
        "name": "Bulla Decorate Ice Cream Cake  1.5l",
        "price": 10,
        "unitPrice": "$0.67 / 100ML"
    },
    {
        "category": "freezer",
        "href": "https://www.woolworths.com.au/shop/productdetails/651251/four-n-twenty-mac-cheese-toppers",
        "imgName": "651251.jpg",
        "imgSrc": "https://cdn0.woolworths.media/content/wowproductimages/medium/651251.jpg",
        "name": "Four N Twenty Mac & Cheese Toppers 145g",
        "price": 2.5,
        "unitPrice": "$1.72 / 100G"
    },
    {
        "category": "freezer",
        "href": "https://www.woolworths.com.au/shop/productdetails/354575/four-n-twenty-pies-angus-beef",
        "imgName": "354575.jpg",
        "imgSrc": "https://cdn0.woolworths.media/content/wowproductimages/medium/354575.jpg",
        "name": "Four N Twenty Pies Angus Beef 4pk 760g",
        "price": 8.7,
        "unitPrice": "$1.14 / 100G"
    },
    {
        "category": "freezer",
        "href": "https://www.woolworths.com.au/shop/productdetails/739139/sara-lee-tiramisu",
        "imgName": "739139.jpg",
        "imgSrc": "https://cdn0.woolworths.media/content/wowproductimages/medium/739139.jpg",
        "name": "Sara Lee Tiramisu  415g",
        "price": 7,
        "unitPrice": "$1.69 / 100G"
    },
    {
        "category": "freezer",
        "href": "https://www.woolworths.com.au/shop/productdetails/485661/magnum-ice-cream-peppermint",
        "imgName": "485661.jpg",
        "imgSrc": "https://cdn0.woolworths.media/content/wowproductimages/medium/485661.jpg",
        "name": "Magnum Ice Cream Peppermint 4pk 428ml",
        "price": 8,
        "unitPrice": "$1.87 / 100ML"
    },
    {
        "category": "freezer",
        "href": "https://www.woolworths.com.au/shop/productdetails/39353/birds-eye-fish-cakes-oven-fry",
        "imgName": "039353.jpg",
        "imgSrc": "https://cdn0.woolworths.media/content/wowproductimages/medium/039353.jpg",
        "name": "Birds Eye Fish Cakes Oven Fry 300g",
        "price": 4.99,
        "unitPrice": "$16.63 / 1KG"
    },
    {
        "category": "freezer",
        "href": "https://www.woolworths.com.au/shop/productdetails/576393/twisted-frozen-yoghurt-creamy-coconut",
        "imgName": "576393.jpg",
        "imgSrc": "https://cdn0.woolworths.media/content/wowproductimages/medium/576393.jpg",
        "name": "Twisted Frozen Yoghurt Creamy Coconut 480ml",
        "price": 6.99,
        "unitPrice": "$1.46 / 100ML"
    },
    {
        "category": "freezer",
        "href": "https://www.woolworths.com.au/shop/productdetails/573399/streets-cornetto-oreo",
        "imgName": "573399.jpg",
        "imgSrc": "https://cdn0.woolworths.media/content/wowproductimages/medium/573399.jpg",
        "name": "Streets Cornetto Oreo  4pk 440ml",
        "price": 7,
        "unitPrice": "$1.59 / 100ML"
    },
    {
        "category": "freezer",
        "href": "https://www.woolworths.com.au/shop/productdetails/573139/mccain-rustica-pizza-four-cheese",
        "imgName": "573139.jpg",
        "imgSrc": "https://cdn0.woolworths.media/content/wowproductimages/medium/573139.jpg",
        "name": "Mccain Rustica Pizza Four Cheese  383g",
        "price": 7.5,
        "unitPrice": "$1.96 / 100G"
    },
    {
        "category": "freezer",
        "href": "https://www.woolworths.com.au/shop/productdetails/427326/sanitarium-so-good-choc-almond",
        "imgName": "427326.jpg",
        "imgSrc": "https://cdn0.woolworths.media/content/wowproductimages/medium/427326.jpg",
        "name": "Sanitarium So Good Choc Almond  475ml tub",
        "price": 6.5,
        "unitPrice": "$1.37 / 100ML"
    },
    {
        "category": "freezer",
        "href": "https://www.woolworths.com.au/shop/productdetails/572295/maggie-beer-salted-honey-roasted-almond-ice-cream",
        "imgName": "572295.jpg",
        "imgSrc": "https://cdn0.woolworths.media/content/wowproductimages/medium/572295.jpg",
        "name": "Maggie Beer Salted Honey & Roasted Almond Ice Cream 500ml",
        "price": 10,
        "unitPrice": "$2.00 / 100ML"
    },
    {
        "category": "freezer",
        "href": "https://www.woolworths.com.au/shop/productdetails/503067/weis-ice-cream-bar-blackberry-rich-vanilla",
        "imgName": "503067.jpg",
        "imgSrc": "https://cdn0.woolworths.media/content/wowproductimages/medium/503067.jpg",
        "name": "Weis Ice Cream Bar Blackberry Rich Vanilla 4pk 280ml",
        "price": 6.8,
        "unitPrice": "$2.43 / 100ML"
    },
    {
        "category": "freezer",
        "href": "https://www.woolworths.com.au/shop/productdetails/195679/mccain-pizza-garlic",
        "imgName": "195679.jpg",
        "imgSrc": "https://cdn0.woolworths.media/content/wowproductimages/medium/195679.jpg",
        "name": "Mccain Pizza Garlic 320g",
        "price": 4.5,
        "unitPrice": "$1.41 / 100G"
    },
    {
        "category": "freezer",
        "href": "https://www.woolworths.com.au/shop/productdetails/664158/bannisters-farm-cheese-jalapeno-potato-skins",
        "imgName": "664158.jpg",
        "imgSrc": "https://cdn0.woolworths.media/content/wowproductimages/medium/664158.jpg",
        "name": "Bannisters' Farm Cheese & Jalapeno Potato Skins 260g",
        "price": 4,
        "unitPrice": "$15.38 / 1KG"
    },
    {
        "category": "freezer",
        "href": "https://www.woolworths.com.au/shop/productdetails/224380/weis-ice-cream-macadamia-with-mango-cream",
        "imgName": "224380.jpg",
        "imgSrc": "https://cdn0.woolworths.media/content/wowproductimages/medium/224380.jpg",
        "name": "Weis Ice Cream Macadamia With Mango & Cream 4pk 280ml",
        "price": 6.8,
        "unitPrice": "$2.43 / 100ML"
    },
    {
        "category": "freezer",
        "href": "https://www.woolworths.com.au/shop/productdetails/263648/sara-lee-chocolate-swirl-bavarian",
        "imgName": "263648.jpg",
        "imgSrc": "https://cdn0.woolworths.media/content/wowproductimages/medium/263648.jpg",
        "name": "Sara Lee Chocolate Swirl Bavarian  375g",
        "price": 6.25,
        "unitPrice": "$1.67 / 100G"
    },
    {
        "category": "freezer",
        "href": "https://www.woolworths.com.au/shop/productdetails/435525/over-the-moo-dairy-free-ice-cream-choc-choc-who-s-there-",
        "imgName": "435525.jpg",
        "imgSrc": "https://cdn0.woolworths.media/content/wowproductimages/medium/435525.jpg",
        "name": "Over The Moo Dairy Free Ice Cream Choc! Choc! Who's There? 500ml tub",
        "price": 10,
        "unitPrice": "$2.00 / 100ML"
    },
    {
        "category": "freezer",
        "href": "https://www.woolworths.com.au/shop/productdetails/506911/streets-cornetto-golden-gaytime",
        "imgName": "506911.jpg",
        "imgSrc": "https://cdn0.woolworths.media/content/wowproductimages/medium/506911.jpg",
        "name": "Streets Cornetto Golden Gaytime 4pk 440ml",
        "price": 7,
        "unitPrice": "$1.59 / 100ML"
    },
    {
        "category": "freezer",
        "href": "https://www.woolworths.com.au/shop/productdetails/881525/weis-frozen-yoghurt-mango-toasted-coconut",
        "imgName": "881525.jpg",
        "imgSrc": "https://cdn0.woolworths.media/content/wowproductimages/medium/881525.jpg",
        "name": "Weis Frozen Yoghurt Mango & Toasted Coconut 1l tub",
        "price": 8,
        "unitPrice": "$0.80 / 100ML"
    },
    {
        "category": "freezer",
        "href": "https://www.woolworths.com.au/shop/productdetails/485660/magnum-ice-cream-classic",
        "imgName": "485660.jpg",
        "imgSrc": "https://cdn0.woolworths.media/content/wowproductimages/medium/485660.jpg",
        "name": "Magnum Ice Cream Classic 4pk 428ml",
        "price": 8,
        "unitPrice": "$1.87 / 100ML"
    },
    {
        "category": "freezer",
        "href": "https://www.woolworths.com.au/shop/productdetails/72878/essentials-fish-oven-crumbed",
        "imgName": "072878.jpg",
        "imgSrc": "https://cdn0.woolworths.media/content/wowproductimages/medium/072878.jpg",
        "name": "Essentials Fish Oven Crumbed  500g",
        "price": 3.99,
        "unitPrice": "$7.98 / 1KG"
    },
    {
        "category": "freezer",
        "href": "https://www.woolworths.com.au/shop/productdetails/90000074/boost-smoothie-mix-rise-shine-660g-3pk-x3-bundle",
        "imgName": "90000074.jpg",
        "imgSrc": "https://cdn0.woolworths.media/content/wowproductimages/medium/90000074.jpg",
        "name": "Boost Smoothie Mix 'rise & Shine' 660g 3pk X3 Bundle",
        "price": 18,
        "unitPrice": "$9.09 / 1KG"
    },
    {
        "category": "freezer",
        "href": "https://www.woolworths.com.au/shop/productdetails/90000140/lean-cuisine-japanese-garlic-ginger-chicken-pots-320g-x5-bundle",
        "imgName": "90000140.jpg",
        "imgSrc": "https://cdn0.woolworths.media/content/wowproductimages/medium/90000140.jpg",
        "name": "Lean Cuisine Japanese Garlic & Ginger Chicken Pots 320g X5 Bundle",
        "price": 20,
        "unitPrice": "$1.25 / 100G"
    },
    {
        "category": "freezer",
        "href": "https://www.woolworths.com.au/shop/productdetails/90000810/streets-paddle-pop-banana-680ml-10pk-x-2-bundle",
        "imgName": "90000810.jpg",
        "imgSrc": "https://cdn0.woolworths.media/content/wowproductimages/medium/90000810.jpg",
        "name": "Streets Paddle Pop Banana 680ml 10pk X 2 Bundle",
        "price": 10,
        "unitPrice": "$0.74 / ML"
    },
    {
        "category": "freezer",
        "href": "https://www.woolworths.com.au/shop/productdetails/53205/mccain-potato-wedges-original",
        "imgName": "053205.jpg",
        "imgSrc": "https://cdn0.woolworths.media/content/wowproductimages/medium/053205.jpg",
        "name": "Mccain Potato Wedges Original 750g",
        "price": 3.99,
        "unitPrice": "$5.32 / 1KG"
    },
    {
        "category": "freezer",
        "href": "https://www.woolworths.com.au/shop/productdetails/411280/jase-s-kitchen-frozen-pizza-base-gluten-free",
        "imgName": "411280.jpg",
        "imgSrc": "https://cdn0.woolworths.media/content/wowproductimages/medium/411280.jpg",
        "name": "Jase's Kitchen Frozen Pizza Base Gluten Free 2pk 380g",
        "price": 7.99,
        "unitPrice": "$2.10 / 100G"
    },
    {
        "category": "freezer",
        "href": "https://www.woolworths.com.au/shop/productdetails/483231/mccain-healthy-choice-wholegrain-frozen-meal-pumpkin-pasta-bake",
        "imgName": "483231.jpg",
        "imgSrc": "https://cdn0.woolworths.media/content/wowproductimages/medium/483231.jpg",
        "name": "Mccain Healthy Choice Wholegrain Frozen Meal Pumpkin Pasta Bake 340g",
        "price": 6.6,
        "unitPrice": "$2.06 / 100G"
    },
    {
        "category": "freezer",
        "href": "https://www.woolworths.com.au/shop/productdetails/227153/vegie-delights-tender-crumbed-schnitzel",
        "imgName": "227153.jpg",
        "imgSrc": "https://cdn0.woolworths.media/content/wowproductimages/medium/227153.jpg",
        "name": "Vegie Delights Tender Crumbed Schnitzel  300g",
        "price": 6.5,
        "unitPrice": "$2.17 / 100G"
    },
    {
        "category": "freezer",
        "href": "https://www.woolworths.com.au/shop/productdetails/508731/proud-punch-sticks-orange-you-glad",
        "imgName": "508731.jpg",
        "imgSrc": "https://cdn0.woolworths.media/content/wowproductimages/medium/508731.jpg",
        "name": "Proud & Punch Sticks Orange You Glad 6pk 450ml",
        "price": 8,
        "unitPrice": "$1.78 / 100ML"
    },
    {
        "category": "freezer",
        "href": "https://www.woolworths.com.au/shop/productdetails/782992/created-with-jamie-crumbed-chicken-crispy-parmesan-tomato",
        "imgName": "782992.jpg",
        "imgSrc": "https://cdn0.woolworths.media/content/wowproductimages/medium/782992.jpg",
        "name": "Created With Jamie Crumbed Chicken Crispy Parmesan & Tomato 350g",
        "price": 8.99,
        "unitPrice": "$25.69 / 1KG"
    },
    {
        "category": "freezer",
        "href": "https://www.woolworths.com.au/shop/productdetails/251708/birds-eye-wild-caught-deep-sea-dory-zesty-lemon-crumb",
        "imgName": "251708.jpg",
        "imgSrc": "https://cdn0.woolworths.media/content/wowproductimages/medium/251708.jpg",
        "name": "Birds Eye Wild Caught Deep Sea Dory Zesty Lemon Crumb 425g",
        "price": 9.49,
        "unitPrice": "$22.33 / 1KG"
    },
    {
        "category": "freezer",
        "href": "https://www.woolworths.com.au/shop/productdetails/263645/sara-lee-strawberry-cheesecake",
        "imgName": "263645.jpg",
        "imgSrc": "https://cdn0.woolworths.media/content/wowproductimages/medium/263645.jpg",
        "name": "Sara Lee Strawberry Cheesecake  410g",
        "price": 6.25,
        "unitPrice": "$1.52 / 100G"
    },
    {
        "category": "freezer",
        "href": "https://www.woolworths.com.au/shop/productdetails/642649/tegel-crispy-cracker-crumbed-chicken-tenders",
        "imgName": "642649.jpg",
        "imgSrc": "https://cdn0.woolworths.media/content/wowproductimages/medium/642649.jpg",
        "name": "Tegel Crispy Cracker Crumbed Chicken Tenders 365g",
        "price": 9,
        "unitPrice": "$24.66 / 1KG"
    },
    {
        "category": "freezer",
        "href": "https://www.woolworths.com.au/shop/productdetails/782970/created-with-jamie-crumbed-chicken-crunchy-garlic-fillets",
        "imgName": "782970.jpg",
        "imgSrc": "https://cdn0.woolworths.media/content/wowproductimages/medium/782970.jpg",
        "name": "Created With Jamie Crumbed Chicken Crunchy Garlic Fillets 350g",
        "price": 8.99,
        "unitPrice": "$25.69 / 1KG"
    },
    {
        "category": "freezer",
        "href": "https://www.woolworths.com.au/shop/productdetails/354592/four-n-twenty-pies-angus-beef-cheese-bacon",
        "imgName": "354592.jpg",
        "imgSrc": "https://cdn0.woolworths.media/content/wowproductimages/medium/354592.jpg",
        "name": "Four N Twenty Pies Angus Beef, Cheese & Bacon 4pk 760g",
        "price": 8.7,
        "unitPrice": "$1.14 / 100G"
    },
    {
        "category": "freezer",
        "href": "https://www.woolworths.com.au/shop/productdetails/90000174/mccain-healthy-choice-meals-roast-lamb-dinner-320g-x5-bundle",
        "imgName": "90000174.jpg",
        "imgSrc": "https://cdn0.woolworths.media/content/wowproductimages/medium/90000174.jpg",
        "name": "Mccain Healthy Choice Meals Roast Lamb Dinner 320g X5 Bundle",
        "price": 20,
        "unitPrice": "$1.25 / 100G"
    },
    {
        "category": "freezer",
        "href": "https://www.woolworths.com.au/shop/productdetails/90000172/mccain-healthy-choice-meals-roast-beef-dinner-320g-x5-bundle",
        "imgName": "90000172.jpg",
        "imgSrc": "https://cdn0.woolworths.media/content/wowproductimages/medium/90000172.jpg",
        "name": "Mccain Healthy Choice Meals Roast Beef Dinner 320g X5 Bundle",
        "price": 20,
        "unitPrice": "$1.25 / 100G"
    },
    {
        "category": "freezer",
        "href": "https://www.woolworths.com.au/shop/productdetails/90000115/fry-s-meat-free-stir-fry-strips-with-rice-protein-chia-300g-x5-bundle",
        "imgName": "90000115.jpg",
        "imgSrc": "https://cdn0.woolworths.media/content/wowproductimages/medium/90000115.jpg",
        "name": "Fry's 'meat Free' Stir Fry Strips With Rice Protein & Chia 300g X5 Bundle",
        "price": 20,
        "unitPrice": "$1.33 / 100G"
    },
    {
        "category": "freezer",
        "href": "https://www.woolworths.com.au/shop/productdetails/90000085/birds-eye-fish-fingers-1kg-x3-bundle",
        "imgName": "90000085.jpg",
        "imgSrc": "https://cdn0.woolworths.media/content/wowproductimages/medium/90000085.jpg",
        "name": "Birds Eye Fish Fingers 1kg X3 Bundle",
        "price": 24,
        "unitPrice": "$8.00 / 1KG"
    },
    {
        "category": "freezer",
        "href": "https://www.woolworths.com.au/shop/productdetails/90000151/lean-cuisine-steamed-meatball-arrabbiata-380g-x5-bundle",
        "imgName": "90000151.jpg",
        "imgSrc": "https://cdn0.woolworths.media/content/wowproductimages/medium/90000151.jpg",
        "name": "Lean Cuisine Steamed Meatball Arrabbiata 380g X5 Bundle",
        "price": 20,
        "unitPrice": "$1.05 / 100G"
    },
    {
        "category": "freezer",
        "href": "https://www.woolworths.com.au/shop/productdetails/45940/birds-eye-oven-bake-lightly-battered-fish",
        "imgName": "045940.jpg",
        "imgSrc": "https://cdn0.woolworths.media/content/wowproductimages/medium/045940.jpg",
        "name": "Birds Eye Oven Bake Lightly Battered Fish  6pk 425",
        "price": 8.79,
        "unitPrice": "$20.68 / 1KG"
    },
    {
        "category": "freezer",
        "href": "https://www.woolworths.com.au/shop/productdetails/90000093/ingham-s-crumbed-chicken-nuggets-700g-x2-bundle",
        "imgName": "90000093.jpg",
        "imgSrc": "https://cdn0.woolworths.media/content/wowproductimages/medium/90000093.jpg",
        "name": "Ingham's Crumbed Chicken Nuggets 700g X2 Bundle",
        "price": 14,
        "unitPrice": "$10.00 / 1KG"
    },
    {
        "category": "freezer",
        "href": "https://www.woolworths.com.au/shop/productdetails/22533/golden-wok-asian-mini-chicken-dim-sims",
        "imgName": "022533.jpg",
        "imgSrc": "https://cdn0.woolworths.media/content/wowproductimages/medium/022533.jpg",
        "name": "Golden Wok Asian Mini Chicken Dim Sims 660g",
        "price": 10,
        "unitPrice": "$1.52 / 100G"
    },
    {
        "category": "freezer",
        "href": "https://www.woolworths.com.au/shop/productdetails/505069/haagen-dazs-salted-caramel-ice-cream",
        "imgName": "505069.jpg",
        "imgSrc": "https://cdn0.woolworths.media/content/wowproductimages/medium/505069.jpg",
        "name": "Haagen Dazs Salted Caramel Ice Cream 457ml",
        "price": 11.5,
        "unitPrice": "$2.52 / 100ML"
    },
    {
        "category": "freezer",
        "href": "https://www.woolworths.com.au/shop/productdetails/441151/ben-jerry-s-ice-cream-jimmy-fallon-the-tonight-dough",
        "imgName": "441151.jpg",
        "imgSrc": "https://cdn0.woolworths.media/content/wowproductimages/medium/441151.jpg",
        "name": "Ben & Jerry's Ice Cream Jimmy Fallon The Tonight Dough 458ml tub",
        "price": 12,
        "unitPrice": "$2.62 / 100ML"
    },
    {
        "category": "freezer",
        "href": "https://www.woolworths.com.au/shop/productdetails/580715/super-green-smoothies-well-being-get-minted",
        "imgName": "580715.jpg",
        "imgSrc": "https://cdn0.woolworths.media/content/wowproductimages/medium/580715.jpg",
        "name": "Super Green Smoothies Well Being Get Minted 150g",
        "price": 3.5,
        "unitPrice": "$23.33 / 1KG"
    },
    {
        "category": "freezer",
        "href": "https://www.woolworths.com.au/shop/productdetails/52372/mccain-dinner-chicken-parmagiana",
        "imgName": "052372.jpg",
        "imgSrc": "https://cdn0.woolworths.media/content/wowproductimages/medium/052372.jpg",
        "name": "Mccain Dinner Chicken Parmagiana 320g",
        "price": 7,
        "unitPrice": "$2.19 / 100G"
    },
    {
        "category": "freezer",
        "href": "https://www.woolworths.com.au/shop/productdetails/178950/weis-ice-cream-passionfruit-banana-pineapple",
        "imgName": "178950.jpg",
        "imgSrc": "https://cdn0.woolworths.media/content/wowproductimages/medium/178950.jpg",
        "name": "Weis Ice Cream Passionfruit Banana Pineapple 4pk 280ml",
        "price": 6.8,
        "unitPrice": "$2.43 / 100ML"
    },
    {
        "category": "freezer",
        "href": "https://www.woolworths.com.au/shop/productdetails/384044/connoisseur-ice-cream-belgian-chocolate",
        "imgName": "384044.jpg",
        "imgSrc": "https://cdn0.woolworths.media/content/wowproductimages/medium/384044.jpg",
        "name": "Connoisseur Ice Cream Belgian Chocolate 1l tub",
        "price": 10,
        "unitPrice": "$1.00 / 100ML"
    },
    {
        "category": "freezer",
        "href": "https://www.woolworths.com.au/shop/productdetails/740401/borg-s-desserts-apple-strudel",
        "imgName": "740401.jpg",
        "imgSrc": "https://cdn0.woolworths.media/content/wowproductimages/medium/740401.jpg",
        "name": "Borg's Desserts Apple Strudel 600g",
        "price": 6,
        "unitPrice": "$1.00 / 100G"
    },
    {
        "category": "freezer",
        "href": "https://www.woolworths.com.au/shop/productdetails/221063/homebrand-crinkle-cut-chips",
        "imgName": "221063.jpg",
        "imgSrc": "https://cdn0.woolworths.media/content/wowproductimages/medium/221063.jpg",
        "name": "Homebrand Crinkle Cut Chips 1kg",
        "price": 1.89,
        "unitPrice": "$1.89 / 1KG"
    },
    {
        "category": "freezer",
        "href": "https://www.woolworths.com.au/shop/productdetails/83736/ingham-s-crumbed-chicken-duet-broccoli-cheese",
        "imgName": "083736.jpg",
        "imgSrc": "https://cdn0.woolworths.media/content/wowproductimages/medium/083736.jpg",
        "name": "Ingham's Crumbed Chicken Duet Broccoli & Cheese 350g",
        "price": 7.65,
        "unitPrice": "$21.86 / 1KG"
    },
    {
        "category": "freezer",
        "href": "https://www.woolworths.com.au/shop/productdetails/651190/haldiram-s-cocktail-samosa",
        "imgName": "651190.jpg",
        "imgSrc": "https://cdn0.woolworths.media/content/wowproductimages/medium/651190.jpg",
        "name": "Haldiram's Cocktail Samosa  20pk 500g",
        "price": 8,
        "unitPrice": "$1.60 / 100G"
    },
    {
        "category": "freezer",
        "href": "https://www.woolworths.com.au/shop/productdetails/515712/mr-chens-steamed-prawn-roll",
        "imgName": "515712.jpg",
        "imgSrc": "https://cdn0.woolworths.media/content/wowproductimages/medium/515712.jpg",
        "name": "Mr Chens Steamed Prawn Roll  300g",
        "price": 7.5,
        "unitPrice": "$2.50 / 100G"
    },
    {
        "category": "freezer",
        "href": "https://www.woolworths.com.au/shop/productdetails/554388/boost-smoothie-mix-tropical-sunrise",
        "imgName": "554388.jpg",
        "imgSrc": "https://cdn0.woolworths.media/content/wowproductimages/medium/554388.jpg",
        "name": "Boost Smoothie Mix Tropical Sunrise 3pk 660g",
        "price": 7,
        "unitPrice": "$10.61 / 1KG"
    },
    {
        "category": "freezer",
        "href": "https://www.woolworths.com.au/shop/productdetails/421029/dr-oetker-ristorante-pizza-speciale",
        "imgName": "421029.jpg",
        "imgSrc": "https://cdn0.woolworths.media/content/wowproductimages/medium/421029.jpg",
        "name": "Dr Oetker Ristorante Pizza Speciale 345g",
        "price": 7.5,
        "unitPrice": "$2.17 / 100G"
    },
    {
        "category": "freezer",
        "href": "https://www.woolworths.com.au/shop/productdetails/485662/magnum-ice-cream-white",
        "imgName": "485662.jpg",
        "imgSrc": "https://cdn0.woolworths.media/content/wowproductimages/medium/485662.jpg",
        "name": "Magnum Ice Cream White 4pk 428ml",
        "price": 8,
        "unitPrice": "$1.87 / 100ML"
    },
    {
        "category": "freezer",
        "href": "https://www.woolworths.com.au/shop/productdetails/725237/skinny-cow-ice-cream-cookies-vanilla",
        "imgName": "725237.jpg",
        "imgSrc": "https://cdn0.woolworths.media/content/wowproductimages/medium/725237.jpg",
        "name": "Skinny Cow Ice Cream Cookies Vanilla 4pk 440ml",
        "price": 8,
        "unitPrice": "$1.82 / 100ML"
    },
    {
        "category": "freezer",
        "href": "https://www.woolworths.com.au/shop/productdetails/90000824/streets-magnum-mini-classic-360ml-6pk-x-2-bundle",
        "imgName": "90000824.jpg",
        "imgSrc": "https://cdn0.woolworths.media/content/wowproductimages/medium/90000824.jpg",
        "name": "Streets Magnum Mini Classic 360ml 6pk X 2 Bundle",
        "price": 14,
        "unitPrice": "$1.94 / ML"
    },
    {
        "category": "freezer",
        "href": "https://www.woolworths.com.au/shop/productdetails/90000806/streets-splice-pine-lime-584ml-8pk-x-2-bundle",
        "imgName": "90000806.jpg",
        "imgSrc": "https://cdn0.woolworths.media/content/wowproductimages/medium/90000806.jpg",
        "name": "Streets Splice Pine Lime 584ml 8pk X 2 Bundle",
        "price": 10,
        "unitPrice": "$0.86 / ML"
    },
    {
        "category": "freezer",
        "href": "https://www.woolworths.com.au/shop/productdetails/90000117/fry-s-meat-free-nuggets-with-rice-protein-chia-240g-x5-bundle",
        "imgName": "90000117.jpg",
        "imgSrc": "https://cdn0.woolworths.media/content/wowproductimages/medium/90000117.jpg",
        "name": "Fry's 'meat Free' Nuggets With Rice Protein & Chia 240g X5 Bundle",
        "price": 20,
        "unitPrice": "$1.67 / 100G"
    },
    {
        "category": "freezer",
        "href": "https://www.woolworths.com.au/shop/productdetails/90000077/oob-frozen-organic-raspberries-450g-x3-bundle",
        "imgName": "90000077.jpg",
        "imgSrc": "https://cdn0.woolworths.media/content/wowproductimages/medium/90000077.jpg",
        "name": "Oob Frozen Organic Raspberries 450g X3 Bundle",
        "price": 25,
        "unitPrice": "$18.52 / 1KG"
    },
    {
        "category": "freezer",
        "href": "https://www.woolworths.com.au/shop/productdetails/90000519/linda-mccartney-vegetarian-sausage-roll-6pk-x5-bundle",
        "imgName": "90000519.jpg",
        "imgSrc": "https://cdn0.woolworths.media/content/wowproductimages/medium/90000519.jpg",
        "name": "Linda Mccartney Vegetarian Sausage Roll 6pk X5 Bundle",
        "price": 20,
        "unitPrice": "$1.17 / 100G"
    },
    {
        "category": "freezer",
        "href": "https://www.woolworths.com.au/shop/productdetails/90000202/mccain-healthy-choice-meals-creamy-tomato-bacon-penne-280g-x5-bundle",
        "imgName": "90000202.jpg",
        "imgSrc": "https://cdn0.woolworths.media/content/wowproductimages/medium/90000202.jpg",
        "name": "Mccain Healthy Choice Meals Creamy Tomato & Bacon Penne 280g X5 Bundle",
        "price": 20,
        "unitPrice": "$1.33 / 100G"
    },
    {
        "category": "freezer",
        "href": "https://www.woolworths.com.au/shop/productdetails/90000181/mccain-healthy-choice-meals-honey-mustard-chicken-320g-x5-bundle",
        "imgName": "90000181.jpg",
        "imgSrc": "https://cdn0.woolworths.media/content/wowproductimages/medium/90000181.jpg",
        "name": "Mccain Healthy Choice Meals Honey Mustard Chicken 320g X5 Bundle",
        "price": 20,
        "unitPrice": "$1.33 / 100G"
    },
    {
        "category": "freezer",
        "href": "https://www.woolworths.com.au/shop/productdetails/90000148/lean-cuisine-steamed-butter-chicken-370g-x5-bundle",
        "imgName": "90000148.jpg",
        "imgSrc": "https://cdn0.woolworths.media/content/wowproductimages/medium/90000148.jpg",
        "name": "Lean Cuisine Steamed Butter Chicken 370g X5 Bundle",
        "price": 20,
        "unitPrice": "$1.08 / 100G"
    },
    {
        "category": "freezer",
        "href": "https://www.woolworths.com.au/shop/productdetails/90000091/ingham-s-original-lightly-crumbed-chicken-tenders-400g-x4-bundle",
        "imgName": "90000091.jpg",
        "imgSrc": "https://cdn0.woolworths.media/content/wowproductimages/medium/90000091.jpg",
        "name": "Ingham's Original Lightly Crumbed Chicken Tenders 400g X4 Bundle",
        "price": 26,
        "unitPrice": "$16.25 / 1KG"
    },
    {
        "category": "freezer",
        "href": "https://www.woolworths.com.au/shop/productdetails/90000232/super-nature-pad-thai-chicken-350g-x5-bundle",
        "imgName": "90000232.jpg",
        "imgSrc": "https://cdn0.woolworths.media/content/wowproductimages/medium/90000232.jpg",
        "name": "Super Nature Pad Thai Chicken 350g X5 Bundle",
        "price": 20,
        "unitPrice": "$1.14 / 100G"
    },
    {
        "category": "freezer",
        "href": "https://www.woolworths.com.au/shop/productdetails/45916/birds-eye-oven-bake-crumbed",
        "imgName": "045916.jpg",
        "imgSrc": "https://cdn0.woolworths.media/content/wowproductimages/medium/045916.jpg",
        "name": "Birds Eye Oven Bake Crumbed  425g",
        "price": 8.79,
        "unitPrice": "$20.68 / 1KG"
    },
    {
        "category": "freezer",
        "href": "https://www.woolworths.com.au/shop/productdetails/40920/trangs-pastry-spring-roll-sheets",
        "imgName": "040920.jpg",
        "imgSrc": "https://cdn0.woolworths.media/content/wowproductimages/medium/040920.jpg",
        "name": "Trangs Pastry Spring Roll Sheets 300g",
        "price": 2.3,
        "unitPrice": "$0.77 / 100G"
    },
    {
        "category": "freezer",
        "href": "https://www.woolworths.com.au/shop/productdetails/93777/pampas-pastry-sweet-tart-cases-sweet-tart-cases",
        "imgName": "093777.jpg",
        "imgSrc": "https://cdn0.woolworths.media/content/wowproductimages/medium/093777.jpg",
        "name": "Pampas Pastry Sweet Tart Cases Sweet Tart Cases 12pk 275g",
        "price": 5.1,
        "unitPrice": "$1.85 / 100G"
    },
    {
        "category": "freezer",
        "href": "https://www.woolworths.com.au/shop/productdetails/96604/nanna-s-waffles-original",
        "imgName": "096604.jpg",
        "imgSrc": "https://cdn0.woolworths.media/content/wowproductimages/medium/096604.jpg",
        "name": "Nanna's Waffles Original 200g",
        "price": 4.6,
        "unitPrice": "$2.30 / 100G"
    },
    {
        "category": "freezer",
        "href": "https://www.woolworths.com.au/shop/productdetails/187545/logan-farm-peas",
        "imgName": "187545.jpg",
        "imgSrc": "https://cdn0.woolworths.media/content/wowproductimages/medium/187545.jpg",
        "name": "Logan Farm Peas  1.6kg",
        "price": 4.85,
        "unitPrice": "$3.03 / 1KG"
    },
    {
        "category": "freezer",
        "href": "https://www.woolworths.com.au/shop/productdetails/482908/super-nature-super-foods-frozen-meal-pad-thai-chicken",
        "imgName": "482908.jpg",
        "imgSrc": "https://cdn0.woolworths.media/content/wowproductimages/medium/482908.jpg",
        "name": "Super Nature Super Foods Frozen Meal Pad Thai Chicken 350g",
        "price": 6.3,
        "unitPrice": "$1.80 / 100G"
    },
    {
        "category": "freezer",
        "href": "https://www.woolworths.com.au/shop/productdetails/839438/birds-eye-scalloped-potatoes",
        "imgName": "839438.jpg",
        "imgSrc": "https://cdn0.woolworths.media/content/wowproductimages/medium/839438.jpg",
        "name": "Birds Eye Scalloped Potatoes 600g",
        "price": 4.99,
        "unitPrice": "$8.32 / 1KG"
    },
    {
        "category": "freezer",
        "href": "https://www.woolworths.com.au/shop/productdetails/663765/bannisters-farm-cheese-baked-bean-potato-skins",
        "imgName": "663765.jpg",
        "imgSrc": "https://cdn0.woolworths.media/content/wowproductimages/medium/663765.jpg",
        "name": "Bannisters' Farm Cheese & Baked Bean Potato Skins 260g",
        "price": 4,
        "unitPrice": "$15.38 / 1KG"
    },
    {
        "category": "freezer",
        "href": "https://www.woolworths.com.au/shop/productdetails/940338/super-nature-super-foods-middle-eastern-chicken-with-quinoa-tabbouleh",
        "imgName": "940338.jpg",
        "imgSrc": "https://cdn0.woolworths.media/content/wowproductimages/medium/940338.jpg",
        "name": "Super Nature Super Foods Middle Eastern Chicken With Quinoa Tabbouleh 350g",
        "price": 6.3,
        "unitPrice": "$1.80 / 100G"
    },
    {
        "category": "freezer",
        "href": "https://www.woolworths.com.au/shop/productdetails/139322/birds-eye-golden-crunch-crinkle-cut-chips",
        "imgName": "139322.jpg",
        "imgSrc": "https://cdn0.woolworths.media/content/wowproductimages/medium/139322.jpg",
        "name": "Birds Eye Golden Crunch Crinkle Cut Chips 1kg",
        "price": 4.29,
        "unitPrice": "$4.29 / 1KG"
    },
    {
        "category": "freezer",
        "href": "https://www.woolworths.com.au/shop/productdetails/308993/birds-eye-fillets-natural-salmon",
        "imgName": "308993.jpg",
        "imgSrc": "https://cdn0.woolworths.media/content/wowproductimages/medium/308993.jpg",
        "name": "Birds Eye Fillets Natural Salmon 270g",
        "price": 12.5,
        "unitPrice": "$48.08 / 1KG"
    },
    {
        "category": "freezer",
        "href": "https://www.woolworths.com.au/shop/productdetails/85721/double-merino-pastry-gow-gee",
        "imgName": "085721.jpg",
        "imgSrc": "https://cdn0.woolworths.media/content/wowproductimages/medium/085721.jpg",
        "name": "Double Merino Pastry Gow Gee 275g",
        "price": 2.6,
        "unitPrice": "$0.95 / 100G"
    },
    {
        "category": "freezer",
        "href": "https://www.woolworths.com.au/shop/productdetails/96216/birds-eye-peas-garden-field-fresh",
        "imgName": "096216.jpg",
        "imgSrc": "https://cdn0.woolworths.media/content/wowproductimages/medium/096216.jpg",
        "name": "Birds Eye Peas Garden Field Fresh 1kg",
        "price": 4.39,
        "unitPrice": "$4.39 / 1KG"
    },
    {
        "category": "freezer",
        "href": "https://www.woolworths.com.au/shop/productdetails/98299/mccain-hash-browns-shredded",
        "imgName": "098299.jpg",
        "imgSrc": "https://cdn0.woolworths.media/content/wowproductimages/medium/098299.jpg",
        "name": "Mccain Hash Browns Shredded 750g",
        "price": 3.29,
        "unitPrice": "$4.39 / 1KG"
    },
    {
        "category": "freezer",
        "href": "https://www.woolworths.com.au/shop/productdetails/187540/logan-farms-corn-kernels-value-pack",
        "imgName": "187540.jpg",
        "imgSrc": "https://cdn0.woolworths.media/content/wowproductimages/medium/187540.jpg",
        "name": "Logan Farms Corn Kernels Value Pack 600g",
        "price": 2.85,
        "unitPrice": "$4.75 / 1KG"
    },
    {
        "category": "freezer",
        "href": "https://www.woolworths.com.au/shop/productdetails/250012/mrs-macs-pies-microwave-beef",
        "imgName": "250012.jpg",
        "imgSrc": "https://cdn0.woolworths.media/content/wowproductimages/medium/250012.jpg",
        "name": "Mrs Macs Pies Microwave Beef 200g",
        "price": 2.25,
        "unitPrice": "$1.13 / 100G"
    },
    {
        "category": "freezer",
        "href": "https://www.woolworths.com.au/shop/productdetails/262490/ingham-s-crumbed-chicken-breast-nuggets",
        "imgName": "262490.jpg",
        "imgSrc": "https://cdn0.woolworths.media/content/wowproductimages/medium/262490.jpg",
        "name": "Ingham's Crumbed Chicken Breast Nuggets 400g",
        "price": 5,
        "unitPrice": "$12.50 / 1KG"
    },
    {
        "category": "freezer",
        "href": "https://www.woolworths.com.au/shop/productdetails/322789/mccain-mixed-vegetables-peas-corn-carrot",
        "imgName": "322789.jpg",
        "imgSrc": "https://cdn0.woolworths.media/content/wowproductimages/medium/322789.jpg",
        "name": "Mccain Mixed Vegetables Peas Corn & Carrot 2kg",
        "price": 8.69,
        "unitPrice": "$4.35 / 1KG"
    },
    {
        "category": "freezer",
        "href": "https://www.woolworths.com.au/shop/productdetails/627821/linda-mccartney-vegetarian-burger-patties",
        "imgName": "627821.jpg",
        "imgSrc": "https://cdn0.woolworths.media/content/wowproductimages/medium/627821.jpg",
        "name": "Linda Mccartney Vegetarian Burger Patties 227g",
        "price": 5,
        "unitPrice": "$2.20 / 100G"
    },
    {
        "category": "freezer",
        "href": "https://www.woolworths.com.au/shop/productdetails/577923/woolworths-mushroom-risotto",
        "imgName": "577923.jpg",
        "imgSrc": "https://cdn0.woolworths.media/content/wowproductimages/medium/577923.jpg",
        "name": "Woolworths Mushroom Risotto 300g",
        "price": 3.99,
        "unitPrice": "$1.33 / 100G"
    },
    {
        "category": "freezer",
        "href": "https://www.woolworths.com.au/shop/productdetails/646065/steggles-chicken-nuggets",
        "imgName": "646065.jpg",
        "imgSrc": "https://cdn0.woolworths.media/content/wowproductimages/medium/646065.jpg",
        "name": "Steggles Chicken Nuggets  1kg",
        "price": 9,
        "unitPrice": "$9.00 / 1KG"
    },
    {
        "category": "freezer",
        "href": "https://www.woolworths.com.au/shop/productdetails/705420/dr-oetker-ristorante-pizza-peperoni",
        "imgName": "705420.jpg",
        "imgSrc": "https://cdn0.woolworths.media/content/wowproductimages/medium/705420.jpg",
        "name": "Dr Oetker Ristorante Pizza Peperoni 310g",
        "price": 7.5,
        "unitPrice": "$2.42 / 100G"
    },
    {
        "category": "freezer",
        "href": "https://www.woolworths.com.au/shop/productdetails/791673/zehnder-white-bread-gluten-free",
        "imgName": "791673.jpg",
        "imgSrc": "https://cdn0.woolworths.media/content/wowproductimages/medium/791673.jpg",
        "name": "Zehnder White Bread Gluten Free 700g",
        "price": 7.99,
        "unitPrice": "$1.14 / 100G"
    },
    {
        "category": "freezer",
        "href": "https://www.woolworths.com.au/shop/productdetails/516857/bell-farms-chopped-spinach",
        "imgName": "516857.jpg",
        "imgSrc": "https://cdn0.woolworths.media/content/wowproductimages/medium/516857.jpg",
        "name": "Bell Farms Chopped Spinach  250g",
        "price": 0.99,
        "unitPrice": "$3.96 / 1KG"
    },
    {
        "category": "freezer",
        "href": "https://www.woolworths.com.au/shop/productdetails/791395/skinny-cow-ice-cream-cheesecake",
        "imgName": "791395.jpg",
        "imgSrc": "https://cdn0.woolworths.media/content/wowproductimages/medium/791395.jpg",
        "name": "Skinny Cow Ice Cream Cheesecake 4pk 680ml",
        "price": 8,
        "unitPrice": "$1.18 / 100ML"
    },
    {
        "category": "freezer",
        "href": "https://www.woolworths.com.au/shop/productdetails/574624/pampas-chocolate-shortcrust-pie-case",
        "imgName": "574624.jpg",
        "imgSrc": "https://cdn0.woolworths.media/content/wowproductimages/medium/574624.jpg",
        "name": "Pampas Chocolate Shortcrust Pie Case 220g",
        "price": 4,
        "unitPrice": "$1.82 / 100G"
    },
    {
        "category": "freezer",
        "href": "https://www.woolworths.com.au/shop/productdetails/629485/ever-green-fresh-fried-chow-mein-noodles",
        "imgName": "629485.jpg",
        "imgSrc": "https://cdn0.woolworths.media/content/wowproductimages/medium/629485.jpg",
        "name": "Ever Green Fresh Fried Chow Mein Noodles 350g",
        "price": 3.5,
        "unitPrice": "$1.00 / 100G"
    },
    {
        "category": "freezer",
        "href": "https://www.woolworths.com.au/shop/productdetails/928664/sara-lee-incredibly-crunchy-lemon-cheesecake",
        "imgName": "928664.jpg",
        "imgSrc": "https://cdn0.woolworths.media/content/wowproductimages/medium/928664.jpg",
        "name": "Sara Lee Incredibly Crunchy Lemon Cheesecake 485g",
        "price": 7,
        "unitPrice": "$1.44 / 100G"
    },
    {
        "category": "freezer",
        "href": "https://www.woolworths.com.au/shop/productdetails/656726/crazy-dragon-chicken-karaage",
        "imgName": "656726.jpg",
        "imgSrc": "https://cdn0.woolworths.media/content/wowproductimages/medium/656726.jpg",
        "name": "Crazy Dragon Chicken Karaage 600g",
        "price": 15,
        "unitPrice": "$2.50 / 100G"
    },
    {
        "category": "freezer",
        "href": "https://www.woolworths.com.au/shop/productdetails/642846/tegel-extra-crunchy-chicken-burgers",
        "imgName": "642846.jpg",
        "imgSrc": "https://cdn0.woolworths.media/content/wowproductimages/medium/642846.jpg",
        "name": "Tegel Extra Crunchy Chicken Burgers 355g",
        "price": 9,
        "unitPrice": "$25.35 / 1KG"
    },
    {
        "category": "freezer",
        "href": "https://www.woolworths.com.au/shop/productdetails/633922/zehnder-gluten-free-chocolate-puddings",
        "imgName": "633922.jpg",
        "imgSrc": "https://cdn0.woolworths.media/content/wowproductimages/medium/633922.jpg",
        "name": "Zehnder Gluten Free Chocolate Puddings 2x90g",
        "price": 5.99,
        "unitPrice": "$3.33 / 100G"
    },
    {
        "category": "freezer",
        "href": "https://www.woolworths.com.au/shop/productdetails/657089/super-nature-wellness-bowl-korean-bbq-beef",
        "imgName": "657089.jpg",
        "imgSrc": "https://cdn0.woolworths.media/content/wowproductimages/medium/657089.jpg",
        "name": "Super Nature Wellness Bowl Korean Bbq Beef 350g",
        "price": 6.3,
        "unitPrice": "$1.80 / 100G"
    },
    {
        "category": "freezer",
        "href": "https://www.woolworths.com.au/shop/productdetails/623861/woolworths-garlic-cheese-pizza",
        "imgName": "623861.jpg",
        "imgSrc": "https://cdn0.woolworths.media/content/wowproductimages/medium/623861.jpg",
        "name": "Woolworths Garlic Cheese Pizza  2pk 320g",
        "price": 4,
        "unitPrice": "$1.25 / 100G"
    },
    {
        "category": "freezer",
        "href": "https://www.woolworths.com.au/shop/productdetails/646082/steggles-sweet-chilli-chicken-tenders",
        "imgName": "646082.jpg",
        "imgSrc": "https://cdn0.woolworths.media/content/wowproductimages/medium/646082.jpg",
        "name": "Steggles Sweet Chilli Chicken Tenders 1kg",
        "price": 11,
        "unitPrice": "$11.00 / 1KG"
    },
    {
        "category": "freezer",
        "href": "https://www.woolworths.com.au/shop/productdetails/881471/connoisseur-ice-cream-raspberry-white-chocolate",
        "imgName": "881471.jpg",
        "imgSrc": "https://cdn0.woolworths.media/content/wowproductimages/medium/881471.jpg",
        "name": "Connoisseur Ice Cream Raspberry White Chocolate 1l tub",
        "price": 10,
        "unitPrice": "$1.00 / 100ML"
    },
    {
        "category": "freezer",
        "href": "https://www.woolworths.com.au/shop/productdetails/506827/streets-blue-ribbon-gelateria-chocolate-inspiration",
        "imgName": "506827.jpg",
        "imgSrc": "https://cdn0.woolworths.media/content/wowproductimages/medium/506827.jpg",
        "name": "Streets Blue Ribbon Gelateria Chocolate Inspiration  900ml tub",
        "price": 8,
        "unitPrice": "$0.89 / 100ML"
    },
    {
        "category": "freezer",
        "href": "https://www.woolworths.com.au/shop/productdetails/516856/macro-organic-mix-vegetables",
        "imgName": "516856.jpg",
        "imgSrc": "https://cdn0.woolworths.media/content/wowproductimages/medium/516856.jpg",
        "name": "Macro Organic Mix Vegetables  500g",
        "price": 2.6,
        "unitPrice": "$5.20 / 1KG"
    },
    {
        "category": "freezer",
        "href": "https://www.woolworths.com.au/shop/productdetails/940490/crazy-dragon-hong-kong-pork-dumplings",
        "imgName": "940490.jpg",
        "imgSrc": "https://cdn0.woolworths.media/content/wowproductimages/medium/940490.jpg",
        "name": "Crazy Dragon Hong Kong Pork Dumplings  750g",
        "price": 15,
        "unitPrice": "$2.00 / 100G"
    },
    {
        "category": "freezer",
        "href": "https://www.woolworths.com.au/shop/productdetails/657417/pepes-cheese-spinach-pastizzi",
        "imgName": "657417.jpg",
        "imgSrc": "https://cdn0.woolworths.media/content/wowproductimages/medium/657417.jpg",
        "name": "Pepes Cheese & Spinach Pastizzi 400g",
        "price": 5,
        "unitPrice": "$1.25 / 100G"
    },
    {
        "category": "freezer",
        "href": "https://www.woolworths.com.au/shop/productdetails/515189/on-the-menu-bacon-egg-muffin",
        "imgName": "515189.jpg",
        "imgSrc": "https://cdn0.woolworths.media/content/wowproductimages/medium/515189.jpg",
        "name": "On The Menu Bacon & Egg Muffin  140g",
        "price": 3.8,
        "unitPrice": "$2.71 / 100G"
    },
    {
        "category": "freezer",
        "href": "https://www.woolworths.com.au/shop/productdetails/571926/i-j-salt-pepper-calamari",
        "imgName": "571926.jpg",
        "imgSrc": "https://cdn0.woolworths.media/content/wowproductimages/medium/571926.jpg",
        "name": "I&j Salt & Pepper Calamari 360g",
        "price": 7.99,
        "unitPrice": "$22.19 / 1KG"
    },
    {
        "category": "freezer",
        "href": "https://www.woolworths.com.au/shop/productdetails/536095/bell-farms-kale",
        "imgName": "536095.jpg",
        "imgSrc": "https://cdn0.woolworths.media/content/wowproductimages/medium/536095.jpg",
        "name": "Bell Farms Kale  250g",
        "price": 0.99,
        "unitPrice": "$3.96 / 1KG"
    },
    {
        "category": "freezer",
        "href": "https://www.woolworths.com.au/shop/productdetails/652583/mr-chens-premium-prawn-springroll",
        "imgName": "652583.jpg",
        "imgSrc": "https://cdn0.woolworths.media/content/wowproductimages/medium/652583.jpg",
        "name": "Mr Chens Premium Prawn Springroll 200g",
        "price": 7.5,
        "unitPrice": "$3.75 / 100G"
    },
    {
        "category": "freezer",
        "href": "https://www.woolworths.com.au/shop/productdetails/659505/hong-kong-dim-sim-kitchens-bbq-pork-buns",
        "imgName": "659505.jpg",
        "imgSrc": "https://cdn0.woolworths.media/content/wowproductimages/medium/659505.jpg",
        "name": "Hong Kong Dim Sim Kitchens Bbq Pork Buns  200g 6pk",
        "price": 5,
        "unitPrice": "$2.50 / 100G"
    },
    {
        "category": "freezer",
        "href": "https://www.woolworths.com.au/shop/productdetails/661395/mccain-healthy-choice-creamy-carbonara-wholemeal-spaghetti",
        "imgName": "661395.jpg",
        "imgSrc": "https://cdn0.woolworths.media/content/wowproductimages/medium/661395.jpg",
        "name": "Mccain Healthy Choice Creamy Carbonara Wholemeal Spaghetti 340g",
        "price": 6.6,
        "unitPrice": "$1.94 / 100G"
    },
    {
        "category": "freezer",
        "href": "https://www.woolworths.com.au/shop/productdetails/636578/ben-jerry-s-cookies-cream-core-ice-cream",
        "imgName": "636578.jpg",
        "imgSrc": "https://cdn0.woolworths.media/content/wowproductimages/medium/636578.jpg",
        "name": "Ben & Jerry's Cookies & Cream Core Ice Cream 458ml",
        "price": 14,
        "unitPrice": "$3.06 / 100ML"
    },
    {
        "category": "freezer",
        "href": "https://www.woolworths.com.au/shop/productdetails/761044/on-the-menu-shepherds-pie",
        "imgName": "761044.jpg",
        "imgSrc": "https://cdn0.woolworths.media/content/wowproductimages/medium/761044.jpg",
        "name": "On The Menu Shepherds Pie  1kg",
        "price": 7,
        "unitPrice": "$0.70 / 100G"
    },
    {
        "category": "freezer",
        "href": "https://www.woolworths.com.au/shop/productdetails/754035/birds-eye-steam-fresh-rice-mediterranean-veg",
        "imgName": "754035.jpg",
        "imgSrc": "https://cdn0.woolworths.media/content/wowproductimages/medium/754035.jpg",
        "name": "Birds Eye Steam Fresh Rice & Mediterranean Veg 400g",
        "price": 3.99,
        "unitPrice": "$9.98 / 1KG"
    },
    {
        "category": "freezer",
        "href": "https://www.woolworths.com.au/shop/productdetails/839430/birds-eye-steam-plus-quinoa-veg",
        "imgName": "839430.jpg",
        "imgSrc": "https://cdn0.woolworths.media/content/wowproductimages/medium/839430.jpg",
        "name": "Birds Eye Steam Plus Quinoa & Veg 400g",
        "price": 5,
        "unitPrice": "$12.50 / 1KG"
    },
    {
        "category": "freezer",
        "href": "https://www.woolworths.com.au/shop/productdetails/659512/borgs-corn-cheese-bacon-pastizzi",
        "imgName": "659512.jpg",
        "imgSrc": "https://cdn0.woolworths.media/content/wowproductimages/medium/659512.jpg",
        "name": "Borgs Corn Cheese & Bacon Pastizzi 625g",
        "price": 6,
        "unitPrice": "$0.96 / 100G"
    },
    {
        "category": "freezer",
        "href": "https://www.woolworths.com.au/shop/productdetails/508717/skinny-cow-mint-cookie",
        "imgName": "508717.jpg",
        "imgSrc": "https://cdn0.woolworths.media/content/wowproductimages/medium/508717.jpg",
        "name": "Skinny Cow Mint Cookie  4pk 440ml",
        "price": 8,
        "unitPrice": "$1.82 / 100ML"
    },
    {
        "category": "freezer",
        "href": "https://www.woolworths.com.au/shop/productdetails/650681/maggie-beer-chocolate-coffee-biscuit",
        "imgName": "650681.jpg",
        "imgSrc": "https://cdn0.woolworths.media/content/wowproductimages/medium/650681.jpg",
        "name": "Maggie Beer Chocolate Coffee & Biscuit  500ml",
        "price": 10,
        "unitPrice": "$2.00 / 100ML"
    },
    {
        "category": "freezer",
        "href": "https://www.woolworths.com.au/shop/productdetails/577912/twisted-frozen-yoghurt-mini-multpack",
        "imgName": "577912.jpg",
        "imgSrc": "https://cdn0.woolworths.media/content/wowproductimages/medium/577912.jpg",
        "name": "Twisted Frozen Yoghurt Mini Multpack 4x120ml",
        "price": 8,
        "unitPrice": "$1.67 / 100ML"
    },
    {
        "category": "freezer",
        "href": "https://www.woolworths.com.au/shop/productdetails/661392/mccain-sweet-chilli-chicken-tenders",
        "imgName": "661392.jpg",
        "imgSrc": "https://cdn0.woolworths.media/content/wowproductimages/medium/661392.jpg",
        "name": "Mccain Sweet Chilli Chicken Tenders 310g",
        "price": 7,
        "unitPrice": "$2.26 / 100G"
    },
    {
        "category": "freezer",
        "href": "https://www.woolworths.com.au/shop/productdetails/633098/tutto-pasta-gluten-free-vegetarian-lasagne",
        "imgName": "633098.jpg",
        "imgSrc": "https://cdn0.woolworths.media/content/wowproductimages/medium/633098.jpg",
        "name": "Tutto Pasta Gluten Free Vegetarian Lasagne 350g",
        "price": 7.79,
        "unitPrice": "$2.23 / 100G"
    },
    {
        "category": "freezer",
        "href": "https://www.woolworths.com.au/shop/productdetails/572275/sanitarium-so-good-almond-salted-caramel",
        "imgName": "572275.jpg",
        "imgSrc": "https://cdn0.woolworths.media/content/wowproductimages/medium/572275.jpg",
        "name": "Sanitarium So Good Almond Salted Caramel 475ml",
        "price": 6.5,
        "unitPrice": "$1.37 / 100ML"
    },
    {
        "category": "freezer",
        "href": "https://www.woolworths.com.au/shop/productdetails/645091/weis-australian-raspberry-creamy-frozen-yoghurt",
        "imgName": "645091.jpg",
        "imgSrc": "https://cdn0.woolworths.media/content/wowproductimages/medium/645091.jpg",
        "name": "Weis Australian Raspberry Creamy Frozen Yoghurt 1l",
        "price": 8,
        "unitPrice": "$0.80 / 100ML"
    },
    {
        "category": "freezer",
        "href": "https://www.woolworths.com.au/shop/productdetails/643658/wingin-it-southern-style-chicken-tenders",
        "imgName": "643658.jpg",
        "imgSrc": "https://cdn0.woolworths.media/content/wowproductimages/medium/643658.jpg",
        "name": "Wingin' It Southern Style Chicken Tenders 400g",
        "price": 6,
        "unitPrice": "$15.00 / 1KG"
    },
    {
        "category": "freezer",
        "href": "https://www.woolworths.com.au/shop/productdetails/508545/proud-punch-frozen-yoghurt-mixed-berry",
        "imgName": "508545.jpg",
        "imgSrc": "https://cdn0.woolworths.media/content/wowproductimages/medium/508545.jpg",
        "name": "Proud & Punch Frozen Yoghurt Mixed Berry 900ml",
        "price": 8,
        "unitPrice": "$0.89 / 100ML"
    },
    {
        "category": "freezer",
        "href": "https://www.woolworths.com.au/shop/productdetails/881576/weis-frozen-yoghurt-strawberry-vanilla-bean",
        "imgName": "881576.jpg",
        "imgSrc": "https://cdn0.woolworths.media/content/wowproductimages/medium/881576.jpg",
        "name": "Weis Frozen Yoghurt Strawberry & Vanilla Bean 6pk 264ml",
        "price": 6.8,
        "unitPrice": "$2.58 / 100ML"
    },
    {
        "category": "freezer",
        "href": "https://www.woolworths.com.au/shop/productdetails/634888/sara-lee-chocolate-fudge-dessert-brownie",
        "imgName": "634888.jpg",
        "imgSrc": "https://cdn0.woolworths.media/content/wowproductimages/medium/634888.jpg",
        "name": "Sara Lee Chocolate Fudge Dessert Brownie 350g",
        "price": 6.25,
        "unitPrice": "$1.79 / 100G"
    },
    {
        "category": "freezer",
        "href": "https://www.woolworths.com.au/shop/productdetails/645093/weis-real-good-feel-good-dark-chocolate-coconut",
        "imgName": "645093.jpg",
        "imgSrc": "https://cdn0.woolworths.media/content/wowproductimages/medium/645093.jpg",
        "name": "Weis Real Good Feel Good Dark Chocolate Coconut 4x70ml",
        "price": 7.5,
        "unitPrice": "$2.68 / 100ML"
    },
    {
        "category": "freezer",
        "href": "https://www.woolworths.com.au/shop/productdetails/485663/magnum-ice-cream-honeycomb-crunch",
        "imgName": "485663.jpg",
        "imgSrc": "https://cdn0.woolworths.media/content/wowproductimages/medium/485663.jpg",
        "name": "Magnum Ice Cream Honeycomb Crunch 4pk 428ml",
        "price": 8,
        "unitPrice": "$1.87 / 100ML"
    },
    {
        "category": "freezer",
        "href": "https://www.woolworths.com.au/shop/productdetails/55619/pepes-duck-dressed-no18",
        "imgName": "055619.jpg",
        "imgSrc": "https://cdn0.woolworths.media/content/wowproductimages/medium/055619.jpg",
        "name": "Pepes Duck Dressed No18 1.8kg",
        "price": 18.99,
        "unitPrice": "$10.55 / 1KG"
    },
    {
        "category": "freezer",
        "href": "https://www.woolworths.com.au/shop/productdetails/716852/quorn-pieces",
        "imgName": "716852.jpg",
        "imgSrc": "https://cdn0.woolworths.media/content/wowproductimages/medium/716852.jpg",
        "name": "Quorn Pieces  300g",
        "price": 6.2,
        "unitPrice": "$2.07 / 100G"
    },
    {
        "category": "freezer",
        "href": "https://www.woolworths.com.au/shop/productdetails/302384/peters-maxibon-vanilla",
        "imgName": "302384.jpg",
        "imgSrc": "https://cdn0.woolworths.media/content/wowproductimages/medium/302384.jpg",
        "name": "Peters Maxibon Vanilla  4pk 620ml",
        "price": 8.4,
        "unitPrice": "$1.35 / 100ML"
    },
    {
        "category": "freezer",
        "href": "https://www.woolworths.com.au/shop/productdetails/90000075/boost-smoothie-mix-rawesome-660g-3pk-x3-bundle",
        "imgName": "90000075.jpg",
        "imgSrc": "https://cdn0.woolworths.media/content/wowproductimages/medium/90000075.jpg",
        "name": "Boost Smoothie Mix 'rawesome' 660g 3pk X3 Bundle",
        "price": 18,
        "unitPrice": "$9.09 / 1KG"
    },
    {
        "category": "freezer",
        "href": "https://www.woolworths.com.au/shop/productdetails/90000076/oob-frozen-organic-sliced-banana-450g-x3-bundle",
        "imgName": "90000076.jpg",
        "imgSrc": "https://cdn0.woolworths.media/content/wowproductimages/medium/90000076.jpg",
        "name": "Oob Frozen Organic Sliced Banana 450g X3 Bundle",
        "price": 25,
        "unitPrice": "$18.52 / 1KG"
    },
    {
        "category": "freezer",
        "href": "https://www.woolworths.com.au/shop/productdetails/90000103/woolworths-delicious-nutritious-meals-mild-massaman-beef-365g-x5-bundle",
        "imgName": "90000103.jpg",
        "imgSrc": "https://cdn0.woolworths.media/content/wowproductimages/medium/90000103.jpg",
        "name": "Woolworths Delicious Nutritious Meals Mild Massaman Beef 365g X5 Bundle",
        "price": 20,
        "unitPrice": "$1.10 / 100G"
    },
    {
        "category": "freezer",
        "href": "https://www.woolworths.com.au/shop/productdetails/90000162/lean-cuisine-steamed-beef-tortelini-370g-x5-bundle",
        "imgName": "90000162.jpg",
        "imgSrc": "https://cdn0.woolworths.media/content/wowproductimages/medium/90000162.jpg",
        "name": "Lean Cuisine Steamed Beef Tortelini 370g X5 Bundle",
        "price": 20,
        "unitPrice": "$1.08 / 100G"
    },
    {
        "category": "freezer",
        "href": "https://www.woolworths.com.au/shop/productdetails/90000224/super-nature-beef-kale-red-quinoa-lasagne-350g-x5-bundle",
        "imgName": "90000224.jpg",
        "imgSrc": "https://cdn0.woolworths.media/content/wowproductimages/medium/90000224.jpg",
        "name": "Super Nature Beef, Kale & Red Quinoa Lasagne 350g X5 Bundle",
        "price": 20,
        "unitPrice": "$1.14 / 100G"
    },
    {
        "category": "freezer",
        "href": "https://www.woolworths.com.au/shop/productdetails/90000241/weis-bar-ice-cream-macadamia-with-mango-cream-bars-280ml-4pk-x3-bundle",
        "imgName": "90000241.jpg",
        "imgSrc": "https://cdn0.woolworths.media/content/wowproductimages/medium/90000241.jpg",
        "name": "Weis Bar Ice Cream Macadamia With Mango & Cream Bars 280ml 4pk X3 Bundle",
        "price": 18,
        "unitPrice": "$2.14 / 100ML"
    },
    {
        "category": "freezer",
        "href": "https://www.woolworths.com.au/shop/productdetails/90000820/streets-magnum-double-caramel-ego-408ml-4pk-x-2-bundle",
        "imgName": "90000820.jpg",
        "imgSrc": "https://cdn0.woolworths.media/content/wowproductimages/medium/90000820.jpg",
        "name": "Streets Magnum Double Caramel Ego 408ml 4pk X 2 Bundle",
        "price": 14,
        "unitPrice": "$1.72 / ML"
    },
    {
        "category": "freezer",
        "href": "https://www.woolworths.com.au/shop/productdetails/90000167/mccain-healthy-choice-meals-wholegrain-chicken-tomato-320g-x5-bundle",
        "imgName": "90000167.jpg",
        "imgSrc": "https://cdn0.woolworths.media/content/wowproductimages/medium/90000167.jpg",
        "name": "Mccain Healthy Choice Meals Wholegrain Chicken & Tomato 320g X5 Bundle",
        "price": 20,
        "unitPrice": "$1.25 / 100G"
    },
    {
        "category": "freezer",
        "href": "https://www.woolworths.com.au/shop/productdetails/506898/streets-magnum-ice-cream-mini-double-caramel",
        "imgName": "506898.jpg",
        "imgSrc": "https://cdn0.woolworths.media/content/wowproductimages/medium/506898.jpg",
        "name": "Streets Magnum Ice Cream Mini Double Caramel 6pk 360ml",
        "price": 8,
        "unitPrice": "$2.22 / 100ML"
    },
    {
        "category": "freezer",
        "href": "https://www.woolworths.com.au/shop/productdetails/573138/mccain-rustica-pizza-spinach-mozzarella",
        "imgName": "573138.jpg",
        "imgSrc": "https://cdn0.woolworths.media/content/wowproductimages/medium/573138.jpg",
        "name": "Mccain Rustica Pizza Spinach & Mozzarella  365g",
        "price": 7.5,
        "unitPrice": "$2.05 / 100G"
    },
    {
        "category": "freezer",
        "href": "https://www.woolworths.com.au/shop/productdetails/710211/syndian-lighter-being-veg-boost-burger",
        "imgName": "710211.jpg",
        "imgSrc": "https://cdn0.woolworths.media/content/wowproductimages/medium/710211.jpg",
        "name": "Syndian Lighter Being Veg Boost Burger 400g",
        "price": 7,
        "unitPrice": "$1.75 / 100G"
    },
    {
        "category": "freezer",
        "href": "https://www.woolworths.com.au/shop/productdetails/339254/steggles-chicken-pieces-tenders-sweet-chilli",
        "imgName": "339254.jpg",
        "imgSrc": "https://cdn0.woolworths.media/content/wowproductimages/medium/339254.jpg",
        "name": "Steggles Chicken Pieces Tenders Sweet Chilli 385g",
        "price": 7.8,
        "unitPrice": "$20.26 / 1KG"
    },
    {
        "category": "freezer",
        "href": "https://www.woolworths.com.au/shop/productdetails/752346/birds-eye-deli-seasoned-chips-sea-salt-rosemary",
        "imgName": "752346.jpg",
        "imgSrc": "https://cdn0.woolworths.media/content/wowproductimages/medium/752346.jpg",
        "name": "Birds Eye Deli Seasoned Chips Sea Salt & Rosemary 600g",
        "price": 3.7,
        "unitPrice": "$6.17 / 1KG"
    },
    {
        "category": "freezer",
        "href": "https://www.woolworths.com.au/shop/productdetails/744482/chiko-corn-jacks",
        "imgName": "744482.jpg",
        "imgSrc": "https://cdn0.woolworths.media/content/wowproductimages/medium/744482.jpg",
        "name": "Chiko Corn Jacks  575g",
        "price": 5.4,
        "unitPrice": "$0.94 / 100G"
    },
    {
        "category": "freezer",
        "href": "https://www.woolworths.com.au/shop/productdetails/573412/ben-jerry-s-ice-cream-chunklovers-collection",
        "imgName": "573412.jpg",
        "imgSrc": "https://cdn0.woolworths.media/content/wowproductimages/medium/573412.jpg",
        "name": "Ben & Jerry's Ice Cream Chunklovers Collection 3pk 360ml",
        "price": 12,
        "unitPrice": "$3.33 / 100ML"
    },
    {
        "category": "freezer",
        "href": "https://www.woolworths.com.au/shop/productdetails/580714/super-green-smoothies-bikini-babe",
        "imgName": "580714.jpg",
        "imgSrc": "https://cdn0.woolworths.media/content/wowproductimages/medium/580714.jpg",
        "name": "Super Green Smoothies Bikini Babe 150g",
        "price": 3.5,
        "unitPrice": "$23.33 / 1KG"
    },
    {
        "category": "freezer",
        "href": "https://www.woolworths.com.au/shop/productdetails/937360/fry-s-meat-free-stir-fry-strips-with-rice-protein-chia",
        "imgName": "937360.jpg",
        "imgSrc": "https://cdn0.woolworths.media/content/wowproductimages/medium/937360.jpg",
        "name": "Fry's Meat Free Stir Fry Strips With Rice Protein & Chia 300g",
        "price": 6,
        "unitPrice": "$2.00 / 100G"
    },
    {
        "category": "freezer",
        "href": "https://www.woolworths.com.au/shop/productdetails/356078/temptation-quiche-tasty-cheese-bacon",
        "imgName": "356078.jpg",
        "imgSrc": "https://cdn0.woolworths.media/content/wowproductimages/medium/356078.jpg",
        "name": "Temptation Quiche Tasty Cheese & Bacon 2pk 280g",
        "price": 5,
        "unitPrice": "$1.79 / 100G"
    },
    {
        "category": "freezer",
        "href": "https://www.woolworths.com.au/shop/productdetails/90000118/fry-s-meat-free-quinoa-brown-rice-protein-burgers-320g-4pk-x5-bundle",
        "imgName": "90000118.jpg",
        "imgSrc": "https://cdn0.woolworths.media/content/wowproductimages/medium/90000118.jpg",
        "name": "Fry's 'meat Free' Quinoa & Brown Rice Protein Burgers 320g 4pk X5 Bundle",
        "price": 20,
        "unitPrice": "$1.25 / 100G"
    },
    {
        "category": "freezer",
        "href": "https://www.woolworths.com.au/shop/productdetails/90000168/mccain-healthy-choice-meals-chicken-parmigiania-320g-x5-bundle",
        "imgName": "90000168.jpg",
        "imgSrc": "https://cdn0.woolworths.media/content/wowproductimages/medium/90000168.jpg",
        "name": "Mccain Healthy Choice Meals Chicken Parmigiania 320g X5 Bundle",
        "price": 20,
        "unitPrice": "$1.25 / 100G"
    },
    {
        "category": "freezer",
        "href": "https://www.woolworths.com.au/shop/productdetails/90000082/birds-eye-oven-bake-lightly-battered-fish-425g-6pk-x3-bundle",
        "imgName": "90000082.jpg",
        "imgSrc": "https://cdn0.woolworths.media/content/wowproductimages/medium/90000082.jpg",
        "name": "Birds Eye Oven Bake Lightly Battered Fish 425g 6pk X3 Bundle",
        "price": 22,
        "unitPrice": "$17.25 / 1KG"
    },
    {
        "category": "freezer",
        "href": "https://www.woolworths.com.au/shop/productdetails/90000180/mccain-healthy-choice-meals-chinese-chicken-cashew-280g-x5-bundle",
        "imgName": "90000180.jpg",
        "imgSrc": "https://cdn0.woolworths.media/content/wowproductimages/medium/90000180.jpg",
        "name": "Mccain Healthy Choice Meals Chinese Chicken Cashew 280g X5 Bundle",
        "price": 20,
        "unitPrice": "$1.43 / 100G"
    },
    {
        "category": "freezer",
        "href": "https://www.woolworths.com.au/shop/productdetails/4081/mccain-dinner-roast-turkey",
        "imgName": "004081.jpg",
        "imgSrc": "https://cdn0.woolworths.media/content/wowproductimages/medium/004081.jpg",
        "name": "Mccain Dinner Roast Turkey 320g",
        "price": 7,
        "unitPrice": "$2.19 / 100G"
    },
    {
        "category": "freezer",
        "href": "https://www.woolworths.com.au/shop/productdetails/93758/mccain-dinner-roast-chicken",
        "imgName": "093758.jpg",
        "imgSrc": "https://cdn0.woolworths.media/content/wowproductimages/medium/093758.jpg",
        "name": "Mccain Dinner Roast Chicken 320g",
        "price": 7,
        "unitPrice": "$2.19 / 100G"
    },
    {
        "category": "freezer",
        "href": "https://www.woolworths.com.au/shop/productdetails/146418/mccain-dinner-lamb-cutlet-gravy",
        "imgName": "146418.jpg",
        "imgSrc": "https://cdn0.woolworths.media/content/wowproductimages/medium/146418.jpg",
        "name": "Mccain Dinner Lamb Cutlet & Gravy 320g",
        "price": 7,
        "unitPrice": "$2.19 / 100G"
    },
    {
        "category": "freezer",
        "href": "https://www.woolworths.com.au/shop/productdetails/16682/ingham-s-crumbed-chicken-kiev-cordon-bleu",
        "imgName": "016682.jpg",
        "imgSrc": "https://cdn0.woolworths.media/content/wowproductimages/medium/016682.jpg",
        "name": "Ingham's Crumbed Chicken Kiev Cordon Bleu 350g",
        "price": 9,
        "unitPrice": "$25.71 / 1KG"
    },
    {
        "category": "freezer",
        "href": "https://www.woolworths.com.au/shop/productdetails/554387/boost-smoothie-mix-green-pastures",
        "imgName": "554387.jpg",
        "imgSrc": "https://cdn0.woolworths.media/content/wowproductimages/medium/554387.jpg",
        "name": "Boost Smoothie Mix Green Pastures  3pk 660g",
        "price": 7,
        "unitPrice": "$10.61 / 1KG"
    },
    {
        "category": "freezer",
        "href": "https://www.woolworths.com.au/shop/productdetails/482808/weight-watchers-frozen-meal-creamy-spaghetti-prawns",
        "imgName": "482808.jpg",
        "imgSrc": "https://cdn0.woolworths.media/content/wowproductimages/medium/482808.jpg",
        "name": "Weight Watchers Frozen Meal Creamy Spaghetti & Prawns 350g",
        "price": 6.5,
        "unitPrice": "$1.86 / 100G"
    },
    {
        "category": "freezer",
        "href": "https://www.woolworths.com.au/shop/productdetails/1793/connoisseur-ice-cream-cafe-grande",
        "imgName": "001793.jpg",
        "imgSrc": "https://cdn0.woolworths.media/content/wowproductimages/medium/001793.jpg",
        "name": "Connoisseur Ice Cream Cafe Grande 1l tub",
        "price": 10,
        "unitPrice": "$1.00 / 100ML"
    },
    {
        "category": "freezer",
        "href": "https://www.woolworths.com.au/shop/productdetails/435468/over-the-moo-dairy-free-ice-cream-vanilla-bean-missing-you",
        "imgName": "435468.jpg",
        "imgSrc": "https://cdn0.woolworths.media/content/wowproductimages/medium/435468.jpg",
        "name": "Over The Moo Dairy Free Ice Cream Vanilla Bean Missing You 500ml tub",
        "price": 10,
        "unitPrice": "$2.00 / 100ML"
    },
    {
        "category": "freezer",
        "href": "https://www.woolworths.com.au/shop/productdetails/636681/magnum-tub-ice-cream-almond",
        "imgName": "636681.jpg",
        "imgSrc": "https://cdn0.woolworths.media/content/wowproductimages/medium/636681.jpg",
        "name": "Magnum Tub Ice Cream Almond 440ml",
        "price": 8,
        "unitPrice": "$1.82 / 100ML"
    },
    {
        "category": "freezer",
        "href": "https://www.woolworths.com.au/shop/productdetails/482846/weight-watchers-frozen-meal-thai-green-chicken-curry",
        "imgName": "482846.jpg",
        "imgSrc": "https://cdn0.woolworths.media/content/wowproductimages/medium/482846.jpg",
        "name": "Weight Watchers Frozen Meal Thai Green Chicken Curry 340g",
        "price": 6.5,
        "unitPrice": "$1.91 / 100G"
    },
    {
        "category": "freezer",
        "href": "https://www.woolworths.com.au/shop/productdetails/930987/herbert-adams-slow-cooked-pulled-pork-pie",
        "imgName": "930987.jpg",
        "imgSrc": "https://cdn0.woolworths.media/content/wowproductimages/medium/930987.jpg",
        "name": "Herbert Adams Slow Cooked Pulled Pork Pie 400g 2pk",
        "price": 6.3,
        "unitPrice": "$1.58 / 100G"
    },
    {
        "category": "freezer",
        "href": "https://www.woolworths.com.au/shop/productdetails/90000203/mccain-lasagne-400g-x5-bundle",
        "imgName": "90000203.jpg",
        "imgSrc": "https://cdn0.woolworths.media/content/wowproductimages/medium/90000203.jpg",
        "name": "Mccain Lasagne 400g X5 Bundle",
        "price": 20,
        "unitPrice": "$1.00 / 100G"
    },
    {
        "category": "freezer",
        "href": "https://www.woolworths.com.au/shop/productdetails/90000808/streets-calippo-mini-raspberry-pineapple-575ml-10pk-x-2-bundle",
        "imgName": "90000808.jpg",
        "imgSrc": "https://cdn0.woolworths.media/content/wowproductimages/medium/90000808.jpg",
        "name": "Streets Calippo Mini Raspberry Pineapple 575ml 10pk X 2 Bundle",
        "price": 10,
        "unitPrice": "0.87"
    },
    {
        "category": "freezer",
        "href": "https://www.woolworths.com.au/shop/productdetails/90000244/peters-ice-cream-vanilla-4l-x2-bundle",
        "imgName": "90000244.jpg",
        "imgSrc": "https://cdn0.woolworths.media/content/wowproductimages/medium/90000244.jpg",
        "name": "Peters Ice Cream Vanilla 4l X2 Bundle",
        "price": 16,
        "unitPrice": "$0.20 / 100ML"
    },
    {
        "category": "freezer",
        "href": "https://www.woolworths.com.au/shop/productdetails/90000226/super-nature-lunch-italian-chicken-quinoa-brown-rice-200g-x5-bundle",
        "imgName": "90000226.jpg",
        "imgSrc": "https://cdn0.woolworths.media/content/wowproductimages/medium/90000226.jpg",
        "name": "Super Nature Lunch Italian Chicken, Quinoa & Brown Rice 200g X5 Bundle",
        "price": 20,
        "unitPrice": "$2.00 / 100G"
    },
    {
        "category": "freezer",
        "href": "https://www.woolworths.com.au/shop/productdetails/90000214/mccain-meals-spaghetti-bolognese-400g-x5-bundle",
        "imgName": "90000214.jpg",
        "imgSrc": "https://cdn0.woolworths.media/content/wowproductimages/medium/90000214.jpg",
        "name": "Mccain Meals Spaghetti Bolognese 400g X5 Bundle",
        "price": 20,
        "unitPrice": "$1.00 / 100G"
    },
    {
        "category": "freezer",
        "href": "https://www.woolworths.com.au/shop/productdetails/90000149/lean-cuisine-steamed-chicken-cheese-pepper-pasta-380g-x5-bundle",
        "imgName": "90000149.jpg",
        "imgSrc": "https://cdn0.woolworths.media/content/wowproductimages/medium/90000149.jpg",
        "name": "Lean Cuisine Steamed Chicken Cheese & Pepper Pasta 380g X5 Bundle",
        "price": 20,
        "unitPrice": "$1.05 / 100G"
    },
    {
        "category": "freezer",
        "href": "https://www.woolworths.com.au/shop/productdetails/90000084/birds-eye-oven-bake-crumbed-fish-425g-6pk-x3-bundle",
        "imgName": "90000084.jpg",
        "imgSrc": "https://cdn0.woolworths.media/content/wowproductimages/medium/90000084.jpg",
        "name": "Birds Eye Oven Bake Crumbed Fish 425g 6pk X3 Bundle",
        "price": 22,
        "unitPrice": "$17.25 / 1KG"
    },
    {
        "category": "freezer",
        "href": "https://www.woolworths.com.au/shop/productdetails/90000119/fry-s-meat-free-schnitzels-with-soy-flaxseed-320g-4pk-x5-bundle",
        "imgName": "90000119.jpg",
        "imgSrc": "https://cdn0.woolworths.media/content/wowproductimages/medium/90000119.jpg",
        "name": "Fry's 'meat Free' Schnitzels With Soy & Flaxseed 320g 4pk X5 Bundle",
        "price": 20,
        "unitPrice": "$1.25 / 100G"
    },
    {
        "category": "freezer",
        "href": "https://www.woolworths.com.au/shop/productdetails/90000101/heinz-steamer-bag-with-fresh-broccoli-carrots-cauliflower-750g-x4-bundle",
        "imgName": "90000101.jpg",
        "imgSrc": "https://cdn0.woolworths.media/content/wowproductimages/medium/90000101.jpg",
        "name": "Heinz Steamer Bag With Fresh Broccoli, Carrots & Cauliflower 750g X4 Bundle",
        "price": 18,
        "unitPrice": "$6.00 / 1KG"
    },
    {
        "category": "freezer",
        "href": "https://www.woolworths.com.au/shop/productdetails/90000230/super-nature-middle-eastern-chicken-with-quinoa-tabbouleh-350g-x5-bundle",
        "imgName": "90000230.jpg",
        "imgSrc": "https://cdn0.woolworths.media/content/wowproductimages/medium/90000230.jpg",
        "name": "Super Nature Middle Eastern Chicken With Quinoa Tabbouleh 350g X5 Bundle",
        "price": 20,
        "unitPrice": "$1.14 / 100G"
    },
    {
        "category": "freezer",
        "href": "https://www.woolworths.com.au/shop/productdetails/90000211/mccain-meatlovers-pizza-slices-600g-6pk-x2-bundle",
        "imgName": "90000211.jpg",
        "imgSrc": "https://cdn0.woolworths.media/content/wowproductimages/medium/90000211.jpg",
        "name": "Mccain Meatlovers Pizza Slices 600g 6pk X2 Bundle",
        "price": 10,
        "unitPrice": "$0.83 / 100G"
    },
    {
        "category": "freezer",
        "href": "https://www.woolworths.com.au/shop/productdetails/215516/marathon-puffy-dogs",
        "imgName": "215516.jpg",
        "imgSrc": "https://cdn0.woolworths.media/content/wowproductimages/medium/215516.jpg",
        "name": "Marathon Puffy Dogs 600g",
        "price": 6.7,
        "unitPrice": "$1.12 / 100G"
    },
    {
        "category": "freezer",
        "href": "https://www.woolworths.com.au/shop/productdetails/354587/four-n-twenty-pies-angus-beef-pepper",
        "imgName": "354587.jpg",
        "imgSrc": "https://cdn0.woolworths.media/content/wowproductimages/medium/354587.jpg",
        "name": "Four N Twenty Pies Angus Beef & Pepper 4pk 760g",
        "price": 8.7,
        "unitPrice": "$1.14 / 100G"
    },
    {
        "category": "freezer",
        "href": "https://www.woolworths.com.au/shop/productdetails/575585/fry-s-meat-free-quinoa-brown-rice-protein-burgers",
        "imgName": "575585.jpg",
        "imgSrc": "https://cdn0.woolworths.media/content/wowproductimages/medium/575585.jpg",
        "name": "Fry's Meat Free Quinoa & Brown Rice Protein Burgers 320g",
        "price": 6,
        "unitPrice": "$1.88 / 100G"
    },
    {
        "category": "freezer",
        "href": "https://www.woolworths.com.au/shop/productdetails/795319/mr-chens-family-pack-steam-dumpling-selection",
        "imgName": "795319.jpg",
        "imgSrc": "https://cdn0.woolworths.media/content/wowproductimages/medium/795319.jpg",
        "name": "Mr Chens Family Pack Steam Dumpling Selection 625g",
        "price": 17,
        "unitPrice": "$2.72 / 100G"
    },
    {
        "category": "freezer",
        "href": "https://www.woolworths.com.au/shop/productdetails/20122/ready-go-eat-burgers-cheese",
        "imgName": "020122.jpg",
        "imgSrc": "https://cdn0.woolworths.media/content/wowproductimages/medium/020122.jpg",
        "name": "Ready Go Eat Burgers Cheese 161g",
        "price": 3.15,
        "unitPrice": "$1.96 / 100G"
    },
    {
        "category": "freezer",
        "href": "https://www.woolworths.com.au/shop/productdetails/3665/i-j-sea-shantys",
        "imgName": "003665.jpg",
        "imgSrc": "https://cdn0.woolworths.media/content/wowproductimages/medium/003665.jpg",
        "name": "I&j Sea Shantys  420g",
        "price": 5.5,
        "unitPrice": "$13.10 / 1KG"
    },
    {
        "category": "freezer",
        "href": "https://www.woolworths.com.au/shop/productdetails/96845/homebrand-frozen-peas",
        "imgName": "096845.jpg",
        "imgSrc": "https://cdn0.woolworths.media/content/wowproductimages/medium/096845.jpg",
        "name": "Homebrand Frozen Peas  1kg",
        "price": 1.99,
        "unitPrice": "$1.99 / 1KG"
    },
    {
        "category": "freezer",
        "href": "https://www.woolworths.com.au/shop/productdetails/224035/birds-eye-steam-fresh-thai-coconut-curry-fish-fillets",
        "imgName": "224035.jpg",
        "imgSrc": "https://cdn0.woolworths.media/content/wowproductimages/medium/224035.jpg",
        "name": "Birds Eye Steam Fresh Thai Coconut Curry Fish Fillets 360g",
        "price": 7.99,
        "unitPrice": "$22.19 / 1KG"
    },
    {
        "category": "freezer",
        "href": "https://www.woolworths.com.au/shop/productdetails/250013/mrs-macs-pies-microwave-beef-cheese",
        "imgName": "250013.jpg",
        "imgSrc": "https://cdn0.woolworths.media/content/wowproductimages/medium/250013.jpg",
        "name": "Mrs Macs Pies Microwave Beef & Cheese 200g",
        "price": 2.25,
        "unitPrice": "$1.13 / 100G"
    },
    {
        "category": "freezer",
        "href": "https://www.woolworths.com.au/shop/productdetails/383909/steggles-crumbed-chicken-dino-snacks-tempura",
        "imgName": "383909.jpg",
        "imgSrc": "https://cdn0.woolworths.media/content/wowproductimages/medium/383909.jpg",
        "name": "Steggles Crumbed Chicken Dino Snacks Tempura 1kg",
        "price": 10.99,
        "unitPrice": "$10.99 / 1KG"
    },
    {
        "category": "freezer",
        "href": "https://www.woolworths.com.au/shop/productdetails/384257/peters-lactose-free-ice-cream-creamy-vanilla",
        "imgName": "384257.jpg",
        "imgSrc": "https://cdn0.woolworths.media/content/wowproductimages/medium/384257.jpg",
        "name": "Peters Lactose Free Ice Cream Creamy Vanilla 1.2l tub",
        "price": 7.6,
        "unitPrice": "$0.63 / 100ML"
    },
    {
        "category": "freezer",
        "href": "https://www.woolworths.com.au/shop/productdetails/554228/tegel-salt-pepper-chicken-morsels",
        "imgName": "554228.jpg",
        "imgSrc": "https://cdn0.woolworths.media/content/wowproductimages/medium/554228.jpg",
        "name": "Tegel Salt & Pepper Chicken Morsels 365g",
        "price": 9,
        "unitPrice": "$24.66 / 1KG"
    },
    {
        "category": "freezer",
        "href": "https://www.woolworths.com.au/shop/productdetails/937543/fry-s-meat-free-schnitzels-with-soy-flaxseed",
        "imgName": "937543.jpg",
        "imgSrc": "https://cdn0.woolworths.media/content/wowproductimages/medium/937543.jpg",
        "name": "Fry's Meat Free Schnitzels With Soy & Flaxseed 320g",
        "price": 6,
        "unitPrice": "$1.88 / 100G"
    },
    {
        "category": "freezer",
        "href": "https://www.woolworths.com.au/shop/productdetails/782978/birds-eye-steam-fresh-in-cheese-sauce-broccoli-cauliflower-carrot",
        "imgName": "782978.jpg",
        "imgSrc": "https://cdn0.woolworths.media/content/wowproductimages/medium/782978.jpg",
        "name": "Birds Eye Steam Fresh In Cheese Sauce Broccoli, Cauliflower & Carrot 400g",
        "price": 3.99,
        "unitPrice": "$9.98 / 1KG"
    },
    {
        "category": "freezer",
        "href": "https://www.woolworths.com.au/shop/productdetails/41378/weis-sorbet-mango",
        "imgName": "041378.jpg",
        "imgSrc": "https://cdn0.woolworths.media/content/wowproductimages/medium/041378.jpg",
        "name": "Weis Sorbet Mango 1l tub",
        "price": 7,
        "unitPrice": "$0.70 / 100ML"
    },
    {
        "category": "freezer",
        "href": "https://www.woolworths.com.au/shop/productdetails/79509/ingham-s-crumbed-chicken-kiev-garlic-butter",
        "imgName": "079509.jpg",
        "imgSrc": "https://cdn0.woolworths.media/content/wowproductimages/medium/079509.jpg",
        "name": "Ingham's Crumbed Chicken Kiev Garlic Butter 350g",
        "price": 9,
        "unitPrice": "$25.71 / 1KG"
    },
    {
        "category": "freezer",
        "href": "https://www.woolworths.com.au/shop/productdetails/85831/double-merino-pastry-wonton-skin-shanghai",
        "imgName": "085831.jpg",
        "imgSrc": "https://cdn0.woolworths.media/content/wowproductimages/medium/085831.jpg",
        "name": "Double Merino Pastry Wonton Skin Shanghai 40pk 270g",
        "price": 2.6,
        "unitPrice": "$0.96 / 100G"
    },
    {
        "category": "freezer",
        "href": "https://www.woolworths.com.au/shop/productdetails/46422/birds-eye-stir-fry-mix-thai",
        "imgName": "046422.jpg",
        "imgSrc": "https://cdn0.woolworths.media/content/wowproductimages/medium/046422.jpg",
        "name": "Birds Eye Stir Fry Mix Thai 500g",
        "price": 3.69,
        "unitPrice": "$7.38 / 1KG"
    },
    {
        "category": "freezer",
        "href": "https://www.woolworths.com.au/shop/productdetails/85804/ingham-s-chicken-breast-schnitzel",
        "imgName": "085804.jpg",
        "imgSrc": "https://cdn0.woolworths.media/content/wowproductimages/medium/085804.jpg",
        "name": "Ingham's Chicken Breast Schnitzel 400g",
        "price": 8.15,
        "unitPrice": "$20.38 / 1KG"
    },
    {
        "category": "freezer",
        "href": "https://www.woolworths.com.au/shop/productdetails/143407/streets-paddle-pop-chocolate",
        "imgName": "143407.jpg",
        "imgSrc": "https://cdn0.woolworths.media/content/wowproductimages/medium/143407.jpg",
        "name": "Streets Paddle Pop Chocolate  10pk 680ml",
        "price": 7,
        "unitPrice": "$1.03 / 100ML"
    },
    {
        "category": "freezer",
        "href": "https://www.woolworths.com.au/shop/productdetails/279904/calippo-mini-water-ice-raspberry-pineapple",
        "imgName": "279904.jpg",
        "imgSrc": "https://cdn0.woolworths.media/content/wowproductimages/medium/279904.jpg",
        "name": "Calippo Mini Water Ice Raspberry & Pineapple 10pk 570ml",
        "price": 7,
        "unitPrice": "$1.22 / 100ML"
    },
    {
        "category": "freezer",
        "href": "https://www.woolworths.com.au/shop/productdetails/248464/ready-go-eat-rolls-chicken",
        "imgName": "248464.jpg",
        "imgSrc": "https://cdn0.woolworths.media/content/wowproductimages/medium/248464.jpg",
        "name": "Ready Go Eat Rolls Chicken 179g",
        "price": 4,
        "unitPrice": "$2.23 / 100G"
    },
    {
        "category": "freezer",
        "href": "https://www.woolworths.com.au/shop/productdetails/349163/quorn-mince",
        "imgName": "349163.jpg",
        "imgSrc": "https://cdn0.woolworths.media/content/wowproductimages/medium/349163.jpg",
        "name": "Quorn Mince  300g",
        "price": 6.2,
        "unitPrice": "$2.07 / 100G"
    },
    {
        "category": "freezer",
        "href": "https://www.woolworths.com.au/shop/productdetails/646357/sunpork-german-style-pork-knuckle",
        "imgName": "646357.jpg",
        "imgSrc": "https://cdn0.woolworths.media/content/wowproductimages/medium/646357.jpg",
        "name": "Sunpork German Style Pork Knuckle min. 900g",
        "price": 7.2,
        "unitPrice": "$8.00 / 1KG"
    },
    {
        "category": "freezer",
        "href": "https://www.woolworths.com.au/shop/productdetails/576712/halo-top-chocolate-ice-cream",
        "imgName": "576712.jpg",
        "imgSrc": "https://cdn0.woolworths.media/content/wowproductimages/medium/576712.jpg",
        "name": "Halo Top Chocolate Ice Cream 473ml",
        "price": 10,
        "unitPrice": "$2.11 / 100ML"
    },
    {
        "category": "freezer",
        "href": "https://www.woolworths.com.au/shop/productdetails/705694/birds-eye-stir-fry-mix-chinese",
        "imgName": "705694.jpg",
        "imgSrc": "https://cdn0.woolworths.media/content/wowproductimages/medium/705694.jpg",
        "name": "Birds Eye Stir Fry Mix Chinese 850g",
        "price": 5,
        "unitPrice": "$5.88 / 1KG"
    },
    {
        "category": "freezer",
        "href": "https://www.woolworths.com.au/shop/productdetails/706960/heinz-beans-broad",
        "imgName": "706960.jpg",
        "imgSrc": "https://cdn0.woolworths.media/content/wowproductimages/medium/706960.jpg",
        "name": "Heinz Beans Broad 500g",
        "price": 3.09,
        "unitPrice": "$6.18 / 1KG"
    },
    {
        "category": "freezer",
        "href": "https://www.woolworths.com.au/shop/productdetails/704125/herbert-adams-pies-gourmet-king-beef",
        "imgName": "704125.jpg",
        "imgSrc": "https://cdn0.woolworths.media/content/wowproductimages/medium/704125.jpg",
        "name": "Herbert Adams Pies Gourmet King Beef 12pk 420g",
        "price": 7.9,
        "unitPrice": "$1.88 / 100G"
    },
    {
        "category": "freezer",
        "href": "https://www.woolworths.com.au/shop/productdetails/940359/super-nature-super-foods-sweet-potato-cottage-pie",
        "imgName": "940359.jpg",
        "imgSrc": "https://cdn0.woolworths.media/content/wowproductimages/medium/940359.jpg",
        "name": "Super Nature Super Foods Sweet Potato Cottage Pie 350g",
        "price": 6.3,
        "unitPrice": "$1.80 / 100G"
    },
    {
        "category": "freezer",
        "href": "https://www.woolworths.com.au/shop/productdetails/645090/weis-real-good-feel-good-dark-chocolate",
        "imgName": "645090.jpg",
        "imgSrc": "https://cdn0.woolworths.media/content/wowproductimages/medium/645090.jpg",
        "name": "Weis Real Good Feel Good Dark Chocolate 1l",
        "price": 8,
        "unitPrice": "$0.80 / 100ML"
    },
    {
        "category": "freezer",
        "href": "https://www.woolworths.com.au/shop/productdetails/635336/simply-gluten-free-custard-pastries",
        "imgName": "635336.jpg",
        "imgSrc": "https://cdn0.woolworths.media/content/wowproductimages/medium/635336.jpg",
        "name": "Simply Gluten Free Custard Pastries 300g",
        "price": 7.99,
        "unitPrice": "$2.66 / 100G"
    },
    {
        "category": "freezer",
        "href": "https://www.woolworths.com.au/shop/productdetails/636653/ben-jerry-s-brownie-batter-core-ice-cream",
        "imgName": "636653.jpg",
        "imgSrc": "https://cdn0.woolworths.media/content/wowproductimages/medium/636653.jpg",
        "name": "Ben & Jerry's Brownie Batter Core Ice Cream 458ml",
        "price": 14,
        "unitPrice": "$3.06 / 100ML"
    },
    {
        "category": "freezer",
        "href": "https://www.woolworths.com.au/shop/productdetails/621329/woolworths-party-sausage-rolls",
        "imgName": "621329.jpg",
        "imgSrc": "https://cdn0.woolworths.media/content/wowproductimages/medium/621329.jpg",
        "name": "Woolworths Party Sausage Rolls  24pk 900g",
        "price": 4.5,
        "unitPrice": "$0.50 / 100G"
    },
    {
        "category": "freezer",
        "href": "https://www.woolworths.com.au/shop/productdetails/533682/oob-frozen-sliced-banana-organic",
        "imgName": "533682.jpg",
        "imgSrc": "https://cdn0.woolworths.media/content/wowproductimages/medium/533682.jpg",
        "name": "Oob Frozen Sliced Banana Organic 450g",
        "price": 7,
        "unitPrice": "$15.56 / 1KG"
    },
    {
        "category": "freezer",
        "href": "https://www.woolworths.com.au/shop/productdetails/790526/dr-oetker-ristorante-pizza-quattro-formaggi",
        "imgName": "790526.jpg",
        "imgSrc": "https://cdn0.woolworths.media/content/wowproductimages/medium/790526.jpg",
        "name": "Dr Oetker Ristorante Pizza Quattro Formaggi 340g",
        "price": 7.5,
        "unitPrice": "$2.21 / 100G"
    },
    {
        "category": "freezer",
        "href": "https://www.woolworths.com.au/shop/productdetails/659511/hong-kong-dim-sim-kitchen-pork-dim-sim",
        "imgName": "659511.jpg",
        "imgSrc": "https://cdn0.woolworths.media/content/wowproductimages/medium/659511.jpg",
        "name": "Hong Kong Dim Sim Kitchen Pork Dim Sim 320g",
        "price": 5,
        "unitPrice": "$1.56 / 100G"
    },
    {
        "category": "freezer",
        "href": "https://www.woolworths.com.au/shop/productdetails/545667/coco-lucus-spaghetti-bolognese",
        "imgName": "545667.jpg",
        "imgSrc": "https://cdn0.woolworths.media/content/wowproductimages/medium/545667.jpg",
        "name": "Coco & Lucus Spaghetti Bolognese  220g",
        "price": 5,
        "unitPrice": "$2.27 / 100G"
    },
    {
        "category": "freezer",
        "href": "https://www.woolworths.com.au/shop/productdetails/633602/connoisseur-coconut-chocolate-ice-cream",
        "imgName": "633602.jpg",
        "imgSrc": "https://cdn0.woolworths.media/content/wowproductimages/medium/633602.jpg",
        "name": "Connoisseur Coconut Chocolate Ice Cream 1l",
        "price": 10,
        "unitPrice": "$1.00 / 100ML"
    },
    {
        "category": "freezer",
        "href": "https://www.woolworths.com.au/shop/productdetails/635342/simply-gluten-free-spring-rolls",
        "imgName": "635342.jpg",
        "imgSrc": "https://cdn0.woolworths.media/content/wowproductimages/medium/635342.jpg",
        "name": "Simply Gluten Free Spring Rolls 228g",
        "price": 7.99,
        "unitPrice": "$3.50 / 100G"
    },
    {
        "category": "freezer",
        "href": "https://www.woolworths.com.au/shop/productdetails/639533/essentials-french-fries",
        "imgName": "639533.jpg",
        "imgSrc": "https://cdn0.woolworths.media/content/wowproductimages/medium/639533.jpg",
        "name": "Essentials French Fries  1kg",
        "price": 1.89,
        "unitPrice": "$1.89 / 1KG"
    },
    {
        "category": "freezer",
        "href": "https://www.woolworths.com.au/shop/productdetails/573131/lean-cuisine-pots-japanese-garlic-ginger-chicken",
        "imgName": "573131.jpg",
        "imgSrc": "https://cdn0.woolworths.media/content/wowproductimages/medium/573131.jpg",
        "name": "Lean Cuisine Pots Japanese Garlic & Ginger Chicken 320g",
        "price": 7.5,
        "unitPrice": "$2.34 / 100G"
    },
    {
        "category": "freezer",
        "href": "https://www.woolworths.com.au/shop/productdetails/621328/woolworths-party-pies",
        "imgName": "621328.jpg",
        "imgSrc": "https://cdn0.woolworths.media/content/wowproductimages/medium/621328.jpg",
        "name": "Woolworths Party Pies  24pk 1.12kg",
        "price": 4.8,
        "unitPrice": "$0.43 / 100G"
    },
    {
        "category": "freezer",
        "href": "https://www.woolworths.com.au/shop/productdetails/634470/jases-kitchen-gluten-free-mini-apple-rhubarb-pies",
        "imgName": "634470.jpg",
        "imgSrc": "https://cdn0.woolworths.media/content/wowproductimages/medium/634470.jpg",
        "name": "Jases Kitchen Gluten Free Mini Apple Rhubarb Pies 300g",
        "price": 8.99,
        "unitPrice": "$3.00 / 100G"
    },
    {
        "category": "freezer",
        "href": "https://www.woolworths.com.au/shop/productdetails/633725/cadbury-top-deck-sticks",
        "imgName": "633725.jpg",
        "imgSrc": "https://cdn0.woolworths.media/content/wowproductimages/medium/633725.jpg",
        "name": "Cadbury Top Deck Sticks  4pk 360ml",
        "price": 5,
        "unitPrice": "$1.39 / 100ML"
    },
    {
        "category": "freezer",
        "href": "https://www.woolworths.com.au/shop/productdetails/574751/quorn-vegan-breaded-schnitzel",
        "imgName": "574751.jpg",
        "imgSrc": "https://cdn0.woolworths.media/content/wowproductimages/medium/574751.jpg",
        "name": "Quorn Vegan Breaded Schnitzel 200g",
        "price": 6.2,
        "unitPrice": "$3.10 / 100G"
    },
    {
        "category": "freezer",
        "href": "https://www.woolworths.com.au/shop/productdetails/657184/super-nature-wellness-bowl-wholegrain-chicken-porcini-mushroom-truffle-risotto",
        "imgName": "657184.jpg",
        "imgSrc": "https://cdn0.woolworths.media/content/wowproductimages/medium/657184.jpg",
        "name": "Super Nature Wellness Bowl Wholegrain Chicken Porcini Mushroom & Truffle Risotto 350g",
        "price": 6.3,
        "unitPrice": "$1.80 / 100G"
    },
    {
        "category": "freezer",
        "href": "https://www.woolworths.com.au/shop/productdetails/545711/coco-lucus-macaroni-cheese",
        "imgName": "545711.jpg",
        "imgSrc": "https://cdn0.woolworths.media/content/wowproductimages/medium/545711.jpg",
        "name": "Coco & Lucus Macaroni Cheese  220g",
        "price": 5,
        "unitPrice": "$2.27 / 100G"
    },
    {
        "category": "freezer",
        "href": "https://www.woolworths.com.au/shop/productdetails/653334/mr-chens-family-pack-vegetable-dumplings",
        "imgName": "653334.jpg",
        "imgSrc": "https://cdn0.woolworths.media/content/wowproductimages/medium/653334.jpg",
        "name": "Mr Chens Family Pack Vegetable Dumplings 1kg",
        "price": 17,
        "unitPrice": "$1.70 / 100G"
    },
    {
        "category": "freezer",
        "href": "https://www.woolworths.com.au/shop/productdetails/644006/wingin-it-southern-style-chicken-pieces",
        "imgName": "644006.jpg",
        "imgSrc": "https://cdn0.woolworths.media/content/wowproductimages/medium/644006.jpg",
        "name": "Wingin' It Southern Style Chicken Pieces 700g",
        "price": 9.99,
        "unitPrice": "$14.27 / 1KG"
    },
    {
        "category": "freezer",
        "href": "https://www.woolworths.com.au/shop/productdetails/573048/lean-cuisine-pots-thai-green-curry",
        "imgName": "573048.jpg",
        "imgSrc": "https://cdn0.woolworths.media/content/wowproductimages/medium/573048.jpg",
        "name": "Lean Cuisine Pots Thai Green Curry  320g",
        "price": 7.5,
        "unitPrice": "$2.34 / 100G"
    },
    {
        "category": "freezer",
        "href": "https://www.woolworths.com.au/shop/productdetails/633609/proud-punch-passionate-berry",
        "imgName": "633609.jpg",
        "imgSrc": "https://cdn0.woolworths.media/content/wowproductimages/medium/633609.jpg",
        "name": "Proud & Punch Passionate Berry  6pk 530ml",
        "price": 8,
        "unitPrice": "$1.51 / 100ML"
    },
    {
        "category": "freezer",
        "href": "https://www.woolworths.com.au/shop/productdetails/633606/arnott-s-frozen-iced-vovo-tub",
        "imgName": "633606.jpg",
        "imgSrc": "https://cdn0.woolworths.media/content/wowproductimages/medium/633606.jpg",
        "name": "Arnott's Frozen Iced Vovo Tub 470ml",
        "price": 7,
        "unitPrice": "$1.49 / 100ML"
    },
    {
        "category": "freezer",
        "href": "https://www.woolworths.com.au/shop/productdetails/642850/streets-blue-ribbon-gelateria-blueberry-cheesecake-ice-cream",
        "imgName": "642850.jpg",
        "imgSrc": "https://cdn0.woolworths.media/content/wowproductimages/medium/642850.jpg",
        "name": "Streets Blue Ribbon Gelateria Blueberry Cheesecake Ice Cream 900ml",
        "price": 8,
        "unitPrice": "$0.89 / 100ML"
    },
    {
        "category": "freezer",
        "href": "https://www.woolworths.com.au/shop/productdetails/642865/blue-ribbon-gelateria-lemon-meringue-pie",
        "imgName": "642865.jpg",
        "imgSrc": "https://cdn0.woolworths.media/content/wowproductimages/medium/642865.jpg",
        "name": "Blue Ribbon Gelateria Lemon Meringue Pie 900ml",
        "price": 8,
        "unitPrice": "$0.89 / 100ML"
    },
    {
        "category": "freezer",
        "href": "https://www.woolworths.com.au/shop/productdetails/576709/halo-top-vanilla-bean-ice-cream",
        "imgName": "576709.jpg",
        "imgSrc": "https://cdn0.woolworths.media/content/wowproductimages/medium/576709.jpg",
        "name": "Halo Top Vanilla Bean Ice Cream 473ml",
        "price": 10,
        "unitPrice": "$2.11 / 100ML"
    },
    {
        "category": "freezer",
        "href": "https://www.woolworths.com.au/shop/productdetails/506897/magnum-ice-cream-double-caramel-ego",
        "imgName": "506897.jpg",
        "imgSrc": "https://cdn0.woolworths.media/content/wowproductimages/medium/506897.jpg",
        "name": "Magnum Ice Cream Double Caramel Ego 4pk 408ml",
        "price": 8,
        "unitPrice": "$1.96 / 100ML"
    },
    {
        "category": "freezer",
        "href": "https://www.woolworths.com.au/shop/productdetails/505059/haagen-dazs-macadamia-nut-brittle-ice-cream",
        "imgName": "505059.jpg",
        "imgSrc": "https://cdn0.woolworths.media/content/wowproductimages/medium/505059.jpg",
        "name": "Haagen Dazs Macadamia Nut Brittle Ice Cream 457ml",
        "price": 11.5,
        "unitPrice": "$2.52 / 100ML"
    },
    {
        "category": "freezer",
        "href": "https://www.woolworths.com.au/shop/productdetails/633614/skinny-cow-cherry-chocolate-coconut-cup",
        "imgName": "633614.jpg",
        "imgSrc": "https://cdn0.woolworths.media/content/wowproductimages/medium/633614.jpg",
        "name": "Skinny Cow Cherry Chocolate Coconut Cup 680ml",
        "price": 8,
        "unitPrice": "$1.18 / 100ML"
    },
    {
        "category": "freezer",
        "href": "https://www.woolworths.com.au/shop/productdetails/87076/nanna-s-apple-crumble",
        "imgName": "087076.jpg",
        "imgSrc": "https://cdn0.woolworths.media/content/wowproductimages/medium/087076.jpg",
        "name": "Nanna's Apple Crumble  550g",
        "price": 6,
        "unitPrice": "$1.09 / 100G"
    },
    {
        "category": "freezer",
        "href": "https://www.woolworths.com.au/shop/productdetails/825300/amys-gluten-free-rice-mac-cheese",
        "imgName": "825300.jpg",
        "imgSrc": "https://cdn0.woolworths.media/content/wowproductimages/medium/825300.jpg",
        "name": "Amys Gluten Free Rice Mac & Cheese 255g",
        "price": 8,
        "unitPrice": "$3.14 / 100G"
    },
    {
        "category": "freezer",
        "href": "https://www.woolworths.com.au/shop/productdetails/574248/peters-maxibon-monster-cookie",
        "imgName": "574248.jpg",
        "imgSrc": "https://cdn0.woolworths.media/content/wowproductimages/medium/574248.jpg",
        "name": "Peters Maxibon Monster Cookie  4pk 620ml",
        "price": 8.4,
        "unitPrice": "$1.35 / 100ML"
    },
    {
        "category": "freezer",
        "href": "https://www.woolworths.com.au/shop/productdetails/571927/i-j-salt-pepper-squid",
        "imgName": "571927.jpg",
        "imgSrc": "https://cdn0.woolworths.media/content/wowproductimages/medium/571927.jpg",
        "name": "I&j Salt & Pepper Squid  360g",
        "price": 7.99,
        "unitPrice": "$22.19 / 1KG"
    },
    {
        "category": "freezer",
        "href": "https://www.woolworths.com.au/shop/productdetails/644990/paw-patrol-frozen-dessert-treats-6pk-360ml",
        "imgName": "644990.jpg",
        "imgSrc": "https://cdn0.woolworths.media/content/wowproductimages/medium/644990.jpg",
        "name": "Paw Patrol Frozen Dessert Treats 6pk 360ml 6x360ml",
        "price": 5,
        "unitPrice": "$1.39 / 100ML"
    },
    {
        "category": "freezer",
        "href": "https://www.woolworths.com.au/shop/productdetails/96564/sara-lee-family-pies-desserts-apple-danish",
        "imgName": "096564.jpg",
        "imgSrc": "https://cdn0.woolworths.media/content/wowproductimages/medium/096564.jpg",
        "name": "Sara Lee Family Pies & Desserts Apple Danish 400g",
        "price": 6.25,
        "unitPrice": "$1.56 / 100G"
    },
    {
        "category": "freezer",
        "href": "https://www.woolworths.com.au/shop/productdetails/657077/lean-cuisine-pots-of-goodness-indonesian-mei-goreng",
        "imgName": "657077.jpg",
        "imgSrc": "https://cdn0.woolworths.media/content/wowproductimages/medium/657077.jpg",
        "name": "Lean Cuisine Pots Of Goodness Indonesian Mei Goreng 320g",
        "price": 7.5,
        "unitPrice": "$2.34 / 100G"
    },
    {
        "category": "freezer",
        "href": "https://www.woolworths.com.au/shop/productdetails/634887/sara-lee-white-chocolate-raspberry-bavarian",
        "imgName": "634887.jpg",
        "imgSrc": "https://cdn0.woolworths.media/content/wowproductimages/medium/634887.jpg",
        "name": "Sara Lee White Chocolate Raspberry Bavarian 530g",
        "price": 7,
        "unitPrice": "$1.32 / 100G"
    },
    {
        "category": "freezer",
        "href": "https://www.woolworths.com.au/shop/productdetails/786291/herbert-adams-pies-slow-cooked-beef-pepper",
        "imgName": "786291.jpg",
        "imgSrc": "https://cdn0.woolworths.media/content/wowproductimages/medium/786291.jpg",
        "name": "Herbert Adams Pies Slow Cooked Beef & Pepper 2pk",
        "price": 6.3,
        "unitPrice": "$1.58 / 100G"
    },
    {
        "category": "freezer",
        "href": "https://www.woolworths.com.au/shop/productdetails/756755/dr-oetker-ristorante-pizza-funghi",
        "imgName": "756755.jpg",
        "imgSrc": "https://cdn0.woolworths.media/content/wowproductimages/medium/756755.jpg",
        "name": "Dr Oetker Ristorante Pizza Funghi 365g",
        "price": 7.5,
        "unitPrice": "$2.05 / 100G"
    },
    {
        "category": "freezer",
        "href": "https://www.woolworths.com.au/shop/productdetails/318488/birds-eye-fresh-caught-barramundi-original-crumb",
        "imgName": "318488.jpg",
        "imgSrc": "https://cdn0.woolworths.media/content/wowproductimages/medium/318488.jpg",
        "name": "Birds Eye Fresh Caught Barramundi Original Crumb 270g",
        "price": 9.49,
        "unitPrice": "$35.15 / 1KG"
    },
    {
        "category": "freezer",
        "href": "https://www.woolworths.com.au/shop/productdetails/572296/haagen-dazs-caramel-attraction",
        "imgName": "572296.jpg",
        "imgSrc": "https://cdn0.woolworths.media/content/wowproductimages/medium/572296.jpg",
        "name": "Haagen Dazs Caramel Attraction  4pk",
        "price": 12.5,
        "unitPrice": "$3.13 / 100ML"
    },
    {
        "category": "freezer",
        "href": "https://www.woolworths.com.au/shop/productdetails/633610/connoisseur-montana-mint-ice-cream",
        "imgName": "633610.jpg",
        "imgSrc": "https://cdn0.woolworths.media/content/wowproductimages/medium/633610.jpg",
        "name": "Connoisseur Montana Mint Ice Cream 1l",
        "price": 10,
        "unitPrice": "$1.00 / 100ML"
    },
    {
        "category": "freezer",
        "href": "https://www.woolworths.com.au/shop/productdetails/888566/magnum-ice-cream-choc-cookie-crumble",
        "imgName": "888566.jpg",
        "imgSrc": "https://cdn0.woolworths.media/content/wowproductimages/medium/888566.jpg",
        "name": "Magnum Ice Cream Choc Cookie Crumble 4pk 388ml",
        "price": 8,
        "unitPrice": "$2.06 / 100ML"
    },
    {
        "category": "freezer",
        "href": "https://www.woolworths.com.au/shop/productdetails/841141/herbert-adams-pie-lamb-rosemary",
        "imgName": "841141.jpg",
        "imgSrc": "https://cdn0.woolworths.media/content/wowproductimages/medium/841141.jpg",
        "name": "Herbert Adams Pie Lamb & Rosemary 2pk",
        "price": 6.3,
        "unitPrice": "$1.58 / 100G"
    },
    {
        "category": "freezer",
        "href": "https://www.woolworths.com.au/shop/productdetails/482863/weight-watchers-frozen-meal-mango-coconut-chicken",
        "imgName": "482863.jpg",
        "imgSrc": "https://cdn0.woolworths.media/content/wowproductimages/medium/482863.jpg",
        "name": "Weight Watchers Frozen Meal Mango Coconut Chicken 340g",
        "price": 6.5,
        "unitPrice": "$1.91 / 100G"
    },
    {
        "category": "freezer",
        "href": "https://www.woolworths.com.au/shop/productdetails/928673/sara-lee-incredibly-crunchy-salted-caramel-cheesecake",
        "imgName": "928673.jpg",
        "imgSrc": "https://cdn0.woolworths.media/content/wowproductimages/medium/928673.jpg",
        "name": "Sara Lee Incredibly Crunchy Salted Caramel Cheesecake 425g",
        "price": 7,
        "unitPrice": "$1.65 / 100G"
    },
    {
        "category": "freezer",
        "href": "https://www.woolworths.com.au/shop/productdetails/482821/weight-watchers-frozen-meal-spiced-plum-beef",
        "imgName": "482821.jpg",
        "imgSrc": "https://cdn0.woolworths.media/content/wowproductimages/medium/482821.jpg",
        "name": "Weight Watchers Frozen Meal Spiced Plum Beef 340g",
        "price": 6.5,
        "unitPrice": "$1.91 / 100G"
    },
    {
        "category": "freezer",
        "href": "https://www.woolworths.com.au/shop/productdetails/782977/birds-eye-steam-fresh-peas-beans-broccoli-corn-mix",
        "imgName": "782977.jpg",
        "imgSrc": "https://cdn0.woolworths.media/content/wowproductimages/medium/782977.jpg",
        "name": "Birds Eye Steam Fresh Peas Beans Broccoli Corn Mix 750g",
        "price": 5,
        "unitPrice": "$6.67 / 1KG"
    },
    {
        "category": "freezer",
        "href": "https://www.woolworths.com.au/shop/productdetails/782979/birds-eye-mixed-vegetables-beans-carrot-corn-broccoli",
        "imgName": "782979.jpg",
        "imgSrc": "https://cdn0.woolworths.media/content/wowproductimages/medium/782979.jpg",
        "name": "Birds Eye Mixed Vegetables Beans Carrot Corn & Broccoli 1kg",
        "price": 5,
        "unitPrice": "$5.00 / 1KG"
    },
    {
        "category": "freezer",
        "href": "https://www.woolworths.com.au/shop/productdetails/554227/tegel-panko-quinoa-crumbed-chicken-tenders",
        "imgName": "554227.jpg",
        "imgSrc": "https://cdn0.woolworths.media/content/wowproductimages/medium/554227.jpg",
        "name": "Tegel Panko & Quinoa Crumbed Chicken Tenders 365g",
        "price": 9,
        "unitPrice": "$24.66 / 1KG"
    },
    {
        "category": "freezer",
        "href": "https://www.woolworths.com.au/shop/productdetails/733157/papa-giuseppi-s-panini-tomato-cheese",
        "imgName": "733157.jpg",
        "imgSrc": "https://cdn0.woolworths.media/content/wowproductimages/medium/733157.jpg",
        "name": "Papa Giuseppi's Panini Tomato & Cheese  250g 2pk",
        "price": 5,
        "unitPrice": "$2.00 / 100G"
    },
    {
        "category": "freezer",
        "href": "https://www.woolworths.com.au/shop/productdetails/636656/magnum-tub-ice-cream-white",
        "imgName": "636656.jpg",
        "imgSrc": "https://cdn0.woolworths.media/content/wowproductimages/medium/636656.jpg",
        "name": "Magnum Tub Ice Cream White 440ml",
        "price": 8,
        "unitPrice": "$1.82 / 100ML"
    },
    {
        "category": "freezer",
        "href": "https://www.woolworths.com.au/shop/productdetails/545665/coco-lucus-mini-bangers-mash-with-gravy",
        "imgName": "545665.jpg",
        "imgSrc": "https://cdn0.woolworths.media/content/wowproductimages/medium/545665.jpg",
        "name": "Coco & Lucus Mini Bangers & Mash With Gravy 220g",
        "price": 5,
        "unitPrice": "$2.27 / 100G"
    },
    {
        "category": "freezer",
        "href": "https://www.woolworths.com.au/shop/productdetails/311088/lean-cuisine-bowl-spaghetti-bolognese-spaghetti-bolognaise",
        "imgName": "311088.jpg",
        "imgSrc": "https://cdn0.woolworths.media/content/wowproductimages/medium/311088.jpg",
        "name": "Lean Cuisine Bowl Spaghetti Bolognese Spaghetti Bolognaise 300g",
        "price": 5.7,
        "special": 5,
        "unitPrice": "$1.67 / 100G"
    },
    {
        "category": "freezer",
        "href": "https://www.woolworths.com.au/shop/productdetails/90000178/mccain-healthy-choice-meals-butter-chicken-bowl-300g-x5-bundle",
        "imgName": "90000178.jpg",
        "imgSrc": "https://cdn0.woolworths.media/content/wowproductimages/medium/90000178.jpg",
        "name": "Mccain Healthy Choice Meals Butter Chicken Bowl 300g X5 Bundle",
        "price": 20,
        "unitPrice": "$1.33 / 100G"
    },
    {
        "category": "freezer",
        "href": "https://www.woolworths.com.au/shop/productdetails/90000231/super-nature-lunch-moroccan-lamb-cous-cous-200g-x5-bundle",
        "imgName": "90000231.jpg",
        "imgSrc": "https://cdn0.woolworths.media/content/wowproductimages/medium/90000231.jpg",
        "name": "Super Nature Lunch Moroccan Lamb & Cous Cous 200g X5 Bundle",
        "price": 20,
        "unitPrice": "$2.00 / 100G"
    },
    {
        "category": "freezer",
        "href": "https://www.woolworths.com.au/shop/productdetails/90000087/i-j-salt-pepper-crumbed-squid-360g-x2-bundle",
        "imgName": "90000087.jpg",
        "imgSrc": "https://cdn0.woolworths.media/content/wowproductimages/medium/90000087.jpg",
        "name": "I&j Salt & Pepper Crumbed Squid 360g X2 Bundle",
        "price": 14,
        "unitPrice": "$19.44 / 1KG"
    },
    {
        "category": "freezer",
        "href": "https://www.woolworths.com.au/shop/productdetails/90000803/streets-blue-ribbon-gaytime-1-25l-x-2-bundle",
        "imgName": "90000803.jpg",
        "imgSrc": "https://cdn0.woolworths.media/content/wowproductimages/medium/90000803.jpg",
        "name": "Streets Blue Ribbon Gaytime 1.25l X 2 Bundle",
        "price": 10,
        "unitPrice": "$0.40 / ML"
    },
    {
        "category": "freezer",
        "href": "https://www.woolworths.com.au/shop/productdetails/90000154/lean-cuisine-steamed-satay-beef-with-rice-390g-x5-bundle",
        "imgName": "90000154.jpg",
        "imgSrc": "https://cdn0.woolworths.media/content/wowproductimages/medium/90000154.jpg",
        "name": "Lean Cuisine Steamed Satay Beef With Rice 390g X5 Bundle",
        "price": 20,
        "unitPrice": "$1.03 / 100G"
    },
    {
        "category": "freezer",
        "href": "https://www.woolworths.com.au/shop/productdetails/90000233/super-nature-mediterranean-polenta-350g-x5-bundle",
        "imgName": "90000233.jpg",
        "imgSrc": "https://cdn0.woolworths.media/content/wowproductimages/medium/90000233.jpg",
        "name": "Super Nature Mediterranean Polenta 350g X5 Bundle",
        "price": 20,
        "unitPrice": "$1.14 / 100G"
    },
    {
        "category": "freezer",
        "href": "https://www.woolworths.com.au/shop/productdetails/627822/linda-mccartney-onion-rosemary-vegetarian-sausages",
        "imgName": "627822.jpg",
        "imgSrc": "https://cdn0.woolworths.media/content/wowproductimages/medium/627822.jpg",
        "name": "Linda Mccartney Onion & Rosemary Vegetarian Sausages 300g",
        "price": 5,
        "unitPrice": "$1.67 / 100G"
    },
    {
        "category": "freezer",
        "href": "https://www.woolworths.com.au/shop/productdetails/483293/mccain-healthy-choice-wholegrain-frozen-meal-chicken-tomato",
        "imgName": "483293.jpg",
        "imgSrc": "https://cdn0.woolworths.media/content/wowproductimages/medium/483293.jpg",
        "name": "Mccain Healthy Choice Wholegrain Frozen Meal Chicken & Tomato 320g",
        "price": 6.6,
        "unitPrice": "$2.06 / 100G"
    },
    {
        "category": "freezer",
        "href": "https://www.woolworths.com.au/shop/productdetails/573460/streets-magnum-red-velvet",
        "imgName": "573460.jpg",
        "imgSrc": "https://cdn0.woolworths.media/content/wowproductimages/medium/573460.jpg",
        "name": "Streets Magnum Red Velvet  4pk 388ml",
        "price": 8,
        "unitPrice": "$2.06 / 100ML"
    },
    {
        "category": "freezer",
        "href": "https://www.woolworths.com.au/shop/productdetails/498847/papa-giuseppi-s-crust-pizza-cheese",
        "imgName": "498847.jpg",
        "imgSrc": "https://cdn0.woolworths.media/content/wowproductimages/medium/498847.jpg",
        "name": "Papa Giuseppi's Crust Pizza Cheese 480g",
        "price": 8,
        "unitPrice": "$1.67 / 100G"
    },
    {
        "category": "freezer",
        "href": "https://www.woolworths.com.au/shop/productdetails/88732/mrs-quick-sausage-roll",
        "imgName": "088732.jpg",
        "imgSrc": "https://cdn0.woolworths.media/content/wowproductimages/medium/088732.jpg",
        "name": "Mrs Quick Sausage Roll  1kg",
        "price": 7.5,
        "unitPrice": "$0.75 / 100G"
    },
    {
        "category": "freezer",
        "href": "https://www.woolworths.com.au/shop/productdetails/209215/temptation-quiche-petite-lorraine-bacon-cheese",
        "imgName": "209215.jpg",
        "imgSrc": "https://cdn0.woolworths.media/content/wowproductimages/medium/209215.jpg",
        "name": "Temptation Quiche Petite Lorraine Bacon & Cheese 300g",
        "price": 6,
        "unitPrice": "$2.00 / 100G"
    },
    {
        "category": "freezer",
        "href": "https://www.woolworths.com.au/shop/productdetails/508519/connoisseur-ice-cream-matcha-green-tea",
        "imgName": "508519.jpg",
        "imgSrc": "https://cdn0.woolworths.media/content/wowproductimages/medium/508519.jpg",
        "name": "Connoisseur Ice Cream Matcha Green Tea 1l",
        "price": 10,
        "unitPrice": "$1.00 / 100ML"
    },
    {
        "category": "freezer",
        "href": "https://www.woolworths.com.au/shop/productdetails/23058/sara-lee-family-pies-desserts-apple-pie",
        "imgName": "023058.jpg",
        "imgSrc": "https://cdn0.woolworths.media/content/wowproductimages/medium/023058.jpg",
        "name": "Sara Lee Family Pies & Desserts Apple Pie 600g",
        "price": 6.25,
        "unitPrice": "$1.04 / 100G"
    },
    {
        "category": "freezer",
        "href": "https://www.woolworths.com.au/shop/productdetails/825290/amy-s-mexican-burrito-cheddar-rice",
        "imgName": "825290.jpg",
        "imgSrc": "https://cdn0.woolworths.media/content/wowproductimages/medium/825290.jpg",
        "name": "Amy's Mexican Burrito Cheddar & Rice 156g",
        "price": 4.99,
        "unitPrice": "$3.20 / 100G"
    },
    {
        "category": "freezer",
        "href": "https://www.woolworths.com.au/shop/productdetails/655175/temptations-bakeries-quiche-lorraine",
        "imgName": "655175.jpg",
        "imgSrc": "https://cdn0.woolworths.media/content/wowproductimages/medium/655175.jpg",
        "name": "Temptations Bakeries Quiche Lorraine  550g",
        "price": 7,
        "unitPrice": "$1.27 / 100G"
    },
    {
        "category": "freezer",
        "href": "https://www.woolworths.com.au/shop/productdetails/430266/nestle-milo-ice-cream-tub",
        "imgName": "430266.jpg",
        "imgSrc": "https://cdn0.woolworths.media/content/wowproductimages/medium/430266.jpg",
        "name": "Nestle Milo Ice Cream Tub 470ml",
        "price": 7,
        "unitPrice": "$1.49 / 100ML"
    },
    {
        "category": "freezer",
        "href": "https://www.woolworths.com.au/shop/productdetails/705367/dr-oetker-ristorante-pizza-bolognese",
        "imgName": "705367.jpg",
        "imgSrc": "https://cdn0.woolworths.media/content/wowproductimages/medium/705367.jpg",
        "name": "Dr Oetker Ristorante Pizza Bolognese 375g",
        "price": 7.5,
        "unitPrice": "$2.00 / 100G"
    },
    {
        "category": "freezer",
        "href": "https://www.woolworths.com.au/shop/productdetails/765590/marathon-spring-rolls-4pk",
        "imgName": "765590.jpg",
        "imgSrc": "https://cdn0.woolworths.media/content/wowproductimages/medium/765590.jpg",
        "name": "Marathon Spring Rolls 4pk 640g",
        "price": 5.2,
        "unitPrice": "$0.81 / 100G"
    },
    {
        "category": "freezer",
        "href": "https://www.woolworths.com.au/shop/productdetails/427261/peppa-pig-frozen-dessert-treats",
        "imgName": "427261.jpg",
        "imgSrc": "https://cdn0.woolworths.media/content/wowproductimages/medium/427261.jpg",
        "name": "Peppa Pig Frozen Dessert Treats  6pk 360ml",
        "price": 5,
        "unitPrice": "$1.39 / 100ML"
    },
    {
        "category": "freezer",
        "href": "https://www.woolworths.com.au/shop/productdetails/828743/created-with-jamie-chilli-garlic-rosemary-chicken-fillets",
        "imgName": "828743.jpg",
        "imgSrc": "https://cdn0.woolworths.media/content/wowproductimages/medium/828743.jpg",
        "name": "Created With Jamie Chilli, Garlic & Rosemary Chicken Fillets 350g",
        "price": 8.99,
        "unitPrice": "$25.69 / 1KG"
    },
    {
        "category": "freezer",
        "href": "https://www.woolworths.com.au/shop/productdetails/90000155/lean-cuisine-steamed-slow-cooked-beef-pasta-350g-x5-bundle",
        "imgName": "90000155.jpg",
        "imgSrc": "https://cdn0.woolworths.media/content/wowproductimages/medium/90000155.jpg",
        "name": "Lean Cuisine Steamed Slow Cooked Beef Pasta 350g X5 Bundle",
        "price": 20,
        "unitPrice": "$1.14 / 100G"
    },
    {
        "category": "freezer",
        "href": "https://www.woolworths.com.au/shop/productdetails/90000157/lean-cuisine-steamed-wholegrain-spanish-chicken-chorizo-brown-rice-350g-x5-bundle",
        "imgName": "90000157.jpg",
        "imgSrc": "https://cdn0.woolworths.media/content/wowproductimages/medium/90000157.jpg",
        "name": "Lean Cuisine Steamed Wholegrain Spanish Chicken, Chorizo & Brown Rice 350g X5 Bundle",
        "price": 20,
        "unitPrice": "$1.14 / 100G"
    },
    {
        "category": "freezer",
        "href": "https://www.woolworths.com.au/shop/productdetails/90000090/ingham-s-marinated-honey-soy-chicken-tenders-400g-x4-bundle",
        "imgName": "90000090.jpg",
        "imgSrc": "https://cdn0.woolworths.media/content/wowproductimages/medium/90000090.jpg",
        "name": "Ingham's Marinated Honey & Soy Chicken Tenders 400g X4 Bundle",
        "price": 26,
        "unitPrice": "$16.25 / 1KG"
    },
    {
        "category": "freezer",
        "href": "https://www.woolworths.com.au/shop/productdetails/90000196/mccain-healthy-choice-meals-pumpkin-pasta-bake-340g-x5-bundle",
        "imgName": "90000196.jpg",
        "imgSrc": "https://cdn0.woolworths.media/content/wowproductimages/medium/90000196.jpg",
        "name": "Mccain Healthy Choice Meals Pumpkin Pasta Bake 340g X5 Bundle",
        "price": 20,
        "unitPrice": "$1.25 / 100G"
    },
    {
        "category": "freezer",
        "href": "https://www.woolworths.com.au/shop/productdetails/90000083/birds-eye-oven-bake-crumbed-lemon-425g-6pk-x3-bundle",
        "imgName": "90000083.jpg",
        "imgSrc": "https://cdn0.woolworths.media/content/wowproductimages/medium/90000083.jpg",
        "name": "Birds Eye Oven Bake Crumbed Lemon 425g 6pk X3 Bundle",
        "price": 22,
        "unitPrice": "$17.25 / 1KG"
    },
    {
        "category": "freezer",
        "href": "https://www.woolworths.com.au/shop/productdetails/90000099/mccain-beer-batter-wedges-750g-x3-bundle",
        "imgName": "90000099.jpg",
        "imgSrc": "https://cdn0.woolworths.media/content/wowproductimages/medium/90000099.jpg",
        "name": "Mccain Beer Batter Wedges 750g X3 Bundle",
        "price": 10.5,
        "unitPrice": "$4.67 / 1KG"
    },
    {
        "category": "freezer",
        "href": "https://www.woolworths.com.au/shop/productdetails/90000088/i-j-frozen-crumbed-calamari-rings-400g-x2-bundle",
        "imgName": "90000088.jpg",
        "imgSrc": "https://cdn0.woolworths.media/content/wowproductimages/medium/90000088.jpg",
        "name": "I&j Frozen Crumbed Calamari Rings 400g X2 Bundle",
        "price": 14,
        "unitPrice": "$17.50 / 1KG"
    },
    {
        "category": "freezer",
        "href": "https://www.woolworths.com.au/shop/productdetails/90000227/super-nature-lunch-japanese-chicken-with-green-tea-noodles-200g-x5-bundle",
        "imgName": "90000227.jpg",
        "imgSrc": "https://cdn0.woolworths.media/content/wowproductimages/medium/90000227.jpg",
        "name": "Super Nature Lunch Japanese Chicken With Green Tea Noodles 200g X5 Bundle",
        "price": 20,
        "unitPrice": "$2.00 / 100G"
    },
    {
        "category": "freezer",
        "href": "https://www.woolworths.com.au/shop/productdetails/90000156/lean-cuisine-steamed-thai-chicken-red-curry-with-rice-350g-x5-bundle",
        "imgName": "90000156.jpg",
        "imgSrc": "https://cdn0.woolworths.media/content/wowproductimages/medium/90000156.jpg",
        "name": "Lean Cuisine Steamed Thai Chicken Red Curry With Rice 350g X5 Bundle",
        "price": 20,
        "unitPrice": "$1.05 / 100G"
    },
    {
        "category": "freezer",
        "href": "https://www.woolworths.com.au/shop/productdetails/847157/mccain-healthy-choice-wholegrains-teriyaki-chicken",
        "imgName": "847157.jpg",
        "imgSrc": "https://cdn0.woolworths.media/content/wowproductimages/medium/847157.jpg",
        "name": "Mccain Healthy Choice Wholegrains Teriyaki Chicken 340g",
        "price": 6.6,
        "unitPrice": "$1.94 / 100G"
    },
    {
        "category": "freezer",
        "href": "https://www.woolworths.com.au/shop/productdetails/782969/created-with-jamie-crumbed-chicken-crunchy-cajun-fillets",
        "imgName": "782969.jpg",
        "imgSrc": "https://cdn0.woolworths.media/content/wowproductimages/medium/782969.jpg",
        "name": "Created With Jamie Crumbed Chicken Crunchy Cajun Fillets 350g",
        "price": 8.99,
        "unitPrice": "$25.69 / 1KG"
    },
    {
        "category": "freezer",
        "href": "https://www.woolworths.com.au/shop/productdetails/37048/birds-eye-beans-sliced",
        "imgName": "037048.jpg",
        "imgSrc": "https://cdn0.woolworths.media/content/wowproductimages/medium/037048.jpg",
        "name": "Birds Eye Beans Sliced 1kg",
        "price": 4.89,
        "unitPrice": "$4.89 / 1KG"
    },
    {
        "category": "freezer",
        "href": "https://www.woolworths.com.au/shop/productdetails/506889/magnum-ice-cream-double-chocolate",
        "imgName": "506889.jpg",
        "imgSrc": "https://cdn0.woolworths.media/content/wowproductimages/medium/506889.jpg",
        "name": "Magnum Ice Cream Double Chocolate 4pk 408ml",
        "price": 8,
        "unitPrice": "$1.96 / 100ML"
    },
    {
        "category": "freezer",
        "href": "https://www.woolworths.com.au/shop/productdetails/59793/birds-eye-chiko-rolls",
        "imgName": "059793.jpg",
        "imgSrc": "https://cdn0.woolworths.media/content/wowproductimages/medium/059793.jpg",
        "name": "Birds Eye Chiko Rolls  650g",
        "price": 5.4,
        "unitPrice": "$0.83 / 100G"
    },
    {
        "category": "freezer",
        "href": "https://www.woolworths.com.au/shop/productdetails/193923/birds-eye-salmon-provencale-lemon-pepper",
        "imgName": "193923.jpg",
        "imgSrc": "https://cdn0.woolworths.media/content/wowproductimages/medium/193923.jpg",
        "name": "Birds Eye Salmon Provencale Lemon Pepper 270g",
        "price": 12.5,
        "unitPrice": "$48.08 / 1KG"
    },
    {
        "category": "freezer",
        "href": "https://www.woolworths.com.au/shop/productdetails/263636/sara-lee-french-cream-cheesecake",
        "imgName": "263636.jpg",
        "imgSrc": "https://cdn0.woolworths.media/content/wowproductimages/medium/263636.jpg",
        "name": "Sara Lee French Cream Cheesecake 360g",
        "price": 6.25,
        "unitPrice": "$1.74 / 100G"
    },
    {
        "category": "freezer",
        "href": "https://www.woolworths.com.au/shop/productdetails/470257/birds-eye-onion-rings",
        "imgName": "470257.jpg",
        "imgSrc": "https://cdn0.woolworths.media/content/wowproductimages/medium/470257.jpg",
        "name": "Birds Eye Onion Rings  500g",
        "price": 3.99,
        "unitPrice": "$7.98 / 1KG"
    },
    {
        "category": "freezer",
        "href": "https://www.woolworths.com.au/shop/productdetails/255445/birds-eye-country-harvest-mixed-vegetables-peas-corn-carrot",
        "imgName": "255445.jpg",
        "imgSrc": "https://cdn0.woolworths.media/content/wowproductimages/medium/255445.jpg",
        "name": "Birds Eye Country Harvest Mixed Vegetables Peas Corn & Carrot 1kg",
        "price": 5,
        "unitPrice": "$5.00 / 1KG"
    },
    {
        "category": "freezer",
        "href": "https://www.woolworths.com.au/shop/productdetails/425758/macro-organic-frozen-peas",
        "imgName": "425758.jpg",
        "imgSrc": "https://cdn0.woolworths.media/content/wowproductimages/medium/425758.jpg",
        "name": "Macro Organic Frozen Peas  400g",
        "price": 2.5,
        "unitPrice": "$6.25 / 1KG"
    },
    {
        "category": "freezer",
        "href": "https://www.woolworths.com.au/shop/productdetails/90000020/weight-watchers-packaged-dinners-variety-5pk-bundle",
        "imgName": "90000020.jpg",
        "imgSrc": "https://cdn0.woolworths.media/content/wowproductimages/medium/90000020.jpg",
        "name": "Weight Watchers Packaged Dinners Variety 5pk Bundle",
        "price": 17
    },
    {
        "category": "freezer",
        "href": "https://www.woolworths.com.au/shop/productdetails/249344/mccain-beer-batter-wedges",
        "imgName": "249344.jpg",
        "imgSrc": "https://cdn0.woolworths.media/content/wowproductimages/medium/249344.jpg",
        "name": "Mccain Beer Batter Wedges 750g",
        "price": 3.99,
        "unitPrice": "$5.32 / 1KG"
    },
    {
        "category": "freezer",
        "href": "https://www.woolworths.com.au/shop/productdetails/260900/mccain-beer-batter-chips-shoestring",
        "imgName": "260900.jpg",
        "imgSrc": "https://cdn0.woolworths.media/content/wowproductimages/medium/260900.jpg",
        "name": "Mccain Beer Batter Chips Shoestring 750g",
        "price": 3.99,
        "unitPrice": "$5.32 / 1KG"
    },
    {
        "category": "freezer",
        "href": "https://www.woolworths.com.au/shop/productdetails/506138/chiko-chicken-kiev-mini",
        "imgName": "506138.jpg",
        "imgSrc": "https://cdn0.woolworths.media/content/wowproductimages/medium/506138.jpg",
        "name": "Chiko Chicken Kiev Mini 400g",
        "price": 6.99,
        "unitPrice": "$17.48 / 1KG"
    },
    {
        "category": "freezer",
        "href": "https://www.woolworths.com.au/shop/productdetails/485189/magnum-ice-cream-almond",
        "imgName": "485189.jpg",
        "imgSrc": "https://cdn0.woolworths.media/content/wowproductimages/medium/485189.jpg",
        "name": "Magnum Ice Cream Almond 4pk 428ml",
        "price": 8,
        "unitPrice": "$1.87 / 100ML"
    },
    {
        "category": "freezer",
        "href": "https://www.woolworths.com.au/shop/productdetails/744637/findus-jamie-oliver-fish-fingers",
        "imgName": "744637.jpg",
        "imgSrc": "https://cdn0.woolworths.media/content/wowproductimages/medium/744637.jpg",
        "name": "Findus Jamie Oliver Fish Fingers  10pk 300g",
        "price": 4.69,
        "unitPrice": "$15.63 / 1KG"
    },
    {
        "category": "freezer",
        "href": "https://www.woolworths.com.au/shop/productdetails/112492/mccain-pizza-slice-meatlovers",
        "imgName": "112492.jpg",
        "imgSrc": "https://cdn0.woolworths.media/content/wowproductimages/medium/112492.jpg",
        "name": "Mccain Pizza Slice Meatlovers 600g",
        "price": 7,
        "unitPrice": "$1.17 / 100G"
    },
    {
        "category": "freezer",
        "href": "https://www.woolworths.com.au/shop/productdetails/259596/borg-s-pastizzis-cocktail-spinach-ricotta",
        "imgName": "259596.jpg",
        "imgSrc": "https://cdn0.woolworths.media/content/wowproductimages/medium/259596.jpg",
        "name": "Borg's Pastizzis Cocktail Spinach & Ricotta 1kg",
        "price": 7,
        "unitPrice": "$0.70 / 100G"
    },
    {
        "category": "freezer",
        "href": "https://www.woolworths.com.au/shop/productdetails/231981/peters-light-creamy-classic-vanilla-ice-cream-slices",
        "imgName": "231981.jpg",
        "imgSrc": "https://cdn0.woolworths.media/content/wowproductimages/medium/231981.jpg",
        "name": "Peters Light & Creamy Classic Vanilla Ice Cream Slices 12pk 1.2l",
        "price": 8,
        "unitPrice": "$0.67 / 100ML"
    },
    {
        "category": "freezer",
        "href": "https://www.woolworths.com.au/shop/productdetails/435527/over-the-moo-dairy-free-ice-cream-pandan-pecan-party-",
        "imgName": "435527.jpg",
        "imgSrc": "https://cdn0.woolworths.media/content/wowproductimages/medium/435527.jpg",
        "name": "Over The Moo Dairy Free Ice Cream Pandan Pecan Party! 500ml tub"
    },
    {
        "category": "freezer",
        "href": "https://www.woolworths.com.au/shop/productdetails/633607/arnott-s-frozen-wagon-wheel",
        "imgName": "633607.jpg",
        "imgSrc": "https://cdn0.woolworths.media/content/wowproductimages/medium/633607.jpg",
        "name": "Arnott's Frozen Wagon Wheel 4pk",
        "price": 8,
        "unitPrice": "$1.67 / 100ML"
    },
    {
        "category": "freezer",
        "href": "https://www.woolworths.com.au/shop/productdetails/705368/dr-oetker-ristorante-pizza-mozzarella",
        "imgName": "705368.jpg",
        "imgSrc": "https://cdn0.woolworths.media/content/wowproductimages/medium/705368.jpg",
        "name": "Dr Oetker Ristorante Pizza Mozzarella 335g",
        "price": 7.5,
        "unitPrice": "$2.24 / 100G"
    },
    {
        "category": "freezer",
        "href": "https://www.woolworths.com.au/shop/productdetails/576707/halo-top-birthday-cake-ice-cream",
        "imgName": "576707.jpg",
        "imgSrc": "https://cdn0.woolworths.media/content/wowproductimages/medium/576707.jpg",
        "name": "Halo Top Birthday Cake Ice Cream 473ml",
        "price": 10,
        "unitPrice": "$2.11 / 100ML"
    },
    {
        "category": "freezer",
        "href": "https://www.woolworths.com.au/shop/productdetails/791397/connoisseur-ice-cream-murray-river-salted-caramel",
        "imgName": "791397.jpg",
        "imgSrc": "https://cdn0.woolworths.media/content/wowproductimages/medium/791397.jpg",
        "name": "Connoisseur Ice Cream Murray River Salted Caramel 1l tub",
        "price": 10,
        "unitPrice": "$1.00 / 100ML"
    },
    {
        "category": "freezer",
        "href": "https://www.woolworths.com.au/shop/productdetails/838832/vegie-delights-not-burger",
        "imgName": "838832.jpg",
        "imgSrc": "https://cdn0.woolworths.media/content/wowproductimages/medium/838832.jpg",
        "name": "Vegie Delights Not Burger 340g",
        "price": 6.5,
        "unitPrice": "$1.91 / 100G"
    },
    {
        "category": "freezer",
        "href": "https://www.woolworths.com.au/shop/productdetails/295282/steggles-premium-chicken-nuggets",
        "imgName": "295282.jpg",
        "imgSrc": "https://cdn0.woolworths.media/content/wowproductimages/medium/295282.jpg",
        "name": "Steggles Premium Chicken Nuggets 400g",
        "price": 4.99,
        "unitPrice": "$12.48 / 1KG"
    },
    {
        "category": "freezer",
        "href": "https://www.woolworths.com.au/shop/productdetails/355563/paddle-pop-water-ice-lemonade",
        "imgName": "355563.jpg",
        "imgSrc": "https://cdn0.woolworths.media/content/wowproductimages/medium/355563.jpg",
        "name": "Paddle Pop Water Ice Lemonade 8pk 576ml",
        "price": 5,
        "unitPrice": "$0.87 / 100ML"
    },
    {
        "category": "freezer",
        "href": "https://www.woolworths.com.au/shop/productdetails/434092/cornetto-classic-ice-cream-classic-vanilla",
        "imgName": "434092.jpg",
        "imgSrc": "https://cdn0.woolworths.media/content/wowproductimages/medium/434092.jpg",
        "name": "Cornetto Classic Ice Cream Classic Vanilla 4pk 440ml",
        "price": 7,
        "unitPrice": "$1.59 / 100ML"
    },
    {
        "category": "freezer",
        "href": "https://www.woolworths.com.au/shop/productdetails/563170/woolworths-ice-pops",
        "imgName": "563170.jpg",
        "imgSrc": "https://cdn0.woolworths.media/content/wowproductimages/medium/563170.jpg",
        "name": "Woolworths Ice Pops  20pk 1400ml",
        "price": 2.8,
        "unitPrice": "$0.20 / 100ML"
    },
    {
        "category": "freezer",
        "href": "https://www.woolworths.com.au/shop/productdetails/760368/colonial-farm-crumbed-chicken-kiev",
        "imgName": "760368.jpg",
        "imgSrc": "https://cdn0.woolworths.media/content/wowproductimages/medium/760368.jpg",
        "name": "Colonial Farm Crumbed Chicken Kiev 480g",
        "price": 7,
        "unitPrice": "$14.58 / 1KG"
    },
    {
        "category": "freezer",
        "href": "https://www.woolworths.com.au/shop/productdetails/94996/sanitarium-so-good-vanilla-bliss",
        "imgName": "094996.jpg",
        "imgSrc": "https://cdn0.woolworths.media/content/wowproductimages/medium/094996.jpg",
        "name": "Sanitarium So Good Vanilla Bliss 1l tub",
        "price": 6.6,
        "unitPrice": "$0.66 / 100ML"
    },
    {
        "category": "freezer",
        "href": "https://www.woolworths.com.au/shop/productdetails/96403/birds-eye-potato-gems",
        "imgName": "096403.jpg",
        "imgSrc": "https://cdn0.woolworths.media/content/wowproductimages/medium/096403.jpg",
        "name": "Birds Eye Potato Gems  1kg",
        "price": 4.29,
        "unitPrice": "$4.29 / 1KG"
    },
    {
        "category": "freezer",
        "href": "https://www.woolworths.com.au/shop/productdetails/96844/essentials-frozen-cut-green-beans",
        "imgName": "096844.jpg",
        "imgSrc": "https://cdn0.woolworths.media/content/wowproductimages/medium/096844.jpg",
        "name": "Essentials Frozen Cut Green Beans 1kg",
        "price": 1.99,
        "unitPrice": "$1.99 / 1KG"
    },
    {
        "category": "freezer",
        "href": "https://www.woolworths.com.au/shop/productdetails/229446/ingham-s-marinated-chicken-tender-sweet-chilli",
        "imgName": "229446.jpg",
        "imgSrc": "https://cdn0.woolworths.media/content/wowproductimages/medium/229446.jpg",
        "name": "Ingham's Marinated Chicken Tender Sweet Chilli 400g",
        "price": 8.3,
        "unitPrice": "$20.75 / 1KG"
    },
    {
        "category": "freezer",
        "href": "https://www.woolworths.com.au/shop/productdetails/217969/birds-eye-country-harvest-mixed-vegetables-carrot-cauliflower-broccoli",
        "imgName": "217969.jpg",
        "imgSrc": "https://cdn0.woolworths.media/content/wowproductimages/medium/217969.jpg",
        "name": "Birds Eye Country Harvest Mixed Vegetables Carrot Cauliflower & Broccoli 1kg",
        "price": 5,
        "unitPrice": "$5.00 / 1KG"
    },
    {
        "category": "freezer",
        "href": "https://www.woolworths.com.au/shop/productdetails/210843/birds-eye-bubble-squeak-vegetable-patties",
        "imgName": "210843.jpg",
        "imgSrc": "https://cdn0.woolworths.media/content/wowproductimages/medium/210843.jpg",
        "name": "Birds Eye Bubble & Squeak Vegetable Patties 8pk 620g",
        "price": 4.89,
        "unitPrice": "$7.89 / 1KG"
    },
    {
        "category": "freezer",
        "href": "https://www.woolworths.com.au/shop/productdetails/310948/sara-lee-chocolate-cheesecake",
        "imgName": "310948.jpg",
        "imgSrc": "https://cdn0.woolworths.media/content/wowproductimages/medium/310948.jpg",
        "name": "Sara Lee Chocolate Cheesecake  410g",
        "price": 6.25,
        "unitPrice": "$1.52 / 100G"
    },
    {
        "category": "freezer",
        "href": "https://www.woolworths.com.au/shop/productdetails/260848/heinz-steam-fresh-beans-broccoli-sugarsnap",
        "imgName": "260848.jpg",
        "imgSrc": "https://cdn0.woolworths.media/content/wowproductimages/medium/260848.jpg",
        "name": "Heinz Steam Fresh Beans Broccoli & Sugarsnap 450g",
        "price": 3.49,
        "unitPrice": "$7.76 / 1KG"
    },
    {
        "category": "freezer",
        "href": "https://www.woolworths.com.au/shop/productdetails/322796/birds-eye-steam-fresh-broccoli-carrots-corn",
        "imgName": "322796.jpg",
        "imgSrc": "https://cdn0.woolworths.media/content/wowproductimages/medium/322796.jpg",
        "name": "Birds Eye Steam Fresh Broccoli, Carrots & Corn 750g",
        "price": 5,
        "unitPrice": "$6.67 / 1KG"
    },
    {
        "category": "freezer",
        "href": "https://www.woolworths.com.au/shop/productdetails/429361/bell-farms-french-fries",
        "imgName": "429361.jpg",
        "imgSrc": "https://cdn0.woolworths.media/content/wowproductimages/medium/429361.jpg",
        "name": "Bell Farms French Fries  1kg",
        "price": 3,
        "unitPrice": "$3.00 / 1KG"
    },
    {
        "category": "freezer",
        "href": "https://www.woolworths.com.au/shop/productdetails/522759/birds-eye-deli-new-zealand-hoki-lemon-lime-herb",
        "imgName": "522759.jpg",
        "imgSrc": "https://cdn0.woolworths.media/content/wowproductimages/medium/522759.jpg",
        "name": "Birds Eye Deli New Zealand Hoki Lemon Lime & Herb 260g",
        "price": 6.99,
        "unitPrice": "$26.88 / 1KG"
    },
    {
        "category": "freezer",
        "href": "https://www.woolworths.com.au/shop/productdetails/663958/streets-gaytime-crumbs",
        "imgName": "663958.jpg",
        "imgSrc": "https://cdn0.woolworths.media/content/wowproductimages/medium/663958.jpg",
        "name": "Streets Gaytime Crumbs 150g",
        "price": 6,
        "unitPrice": "$4.00 / 100G"
    },
    {
        "category": "freezer",
        "href": "https://www.woolworths.com.au/shop/productdetails/705677/birds-eye-country-harvest-mixed-vegetables-peas-corn",
        "imgName": "705677.jpg",
        "imgSrc": "https://cdn0.woolworths.media/content/wowproductimages/medium/705677.jpg",
        "name": "Birds Eye Country Harvest Mixed Vegetables Peas & Corn 1kg",
        "price": 5,
        "unitPrice": "$5.00 / 1KG"
    },
    {
        "category": "freezer",
        "href": "https://www.woolworths.com.au/shop/productdetails/763094/simply-wize-pastry-puff-gluten-free",
        "imgName": "763094.jpg",
        "imgSrc": "https://cdn0.woolworths.media/content/wowproductimages/medium/763094.jpg",
        "name": "Simply Wize Pastry Puff Gluten Free 540g",
        "price": 8.99,
        "unitPrice": "$1.66 / 100G"
    },
    {
        "category": "freezer",
        "href": "https://www.woolworths.com.au/shop/productdetails/795327/mr-chens-ginger-prawn-dumplings",
        "imgName": "795327.jpg",
        "imgSrc": "https://cdn0.woolworths.media/content/wowproductimages/medium/795327.jpg",
        "name": "Mr Chens Ginger Prawn Dumplings 240g",
        "price": 7.5,
        "unitPrice": "$3.13 / 100G"
    },
    {
        "category": "freezer",
        "href": "https://www.woolworths.com.au/shop/productdetails/772378/papa-giuseppi-s-bakehouse-crust-meatlovers",
        "imgName": "772378.jpg",
        "imgSrc": "https://cdn0.woolworths.media/content/wowproductimages/medium/772378.jpg",
        "name": "Papa Giuseppi's Bakehouse Crust Meatlovers 460g",
        "price": 8,
        "unitPrice": "$1.74 / 100G"
    },
    {
        "category": "freezer",
        "href": "https://www.woolworths.com.au/shop/productdetails/792993/oob-organic-raspberries",
        "imgName": "792993.jpg",
        "imgSrc": "https://cdn0.woolworths.media/content/wowproductimages/medium/792993.jpg",
        "name": "Oob Organic Raspberries  450g",
        "price": 9.7,
        "unitPrice": "$21.56 / 1KG"
    },
    {
        "category": "freezer",
        "href": "https://www.woolworths.com.au/shop/productdetails/937534/fry-s-meat-free-nuggets-with-rice-protein-chia",
        "imgName": "937534.jpg",
        "imgSrc": "https://cdn0.woolworths.media/content/wowproductimages/medium/937534.jpg",
        "name": "Fry's Meat Free Nuggets With Rice Protein & Chia 240g",
        "price": 6,
        "unitPrice": "$2.50 / 100G"
    },
    {
        "category": "freezer",
        "href": "https://www.woolworths.com.au/shop/productdetails/90000096/mccain-beer-batter-steakhouse-chips-750g-x3-bundle",
        "imgName": "90000096.jpg",
        "imgSrc": "https://cdn0.woolworths.media/content/wowproductimages/medium/90000096.jpg",
        "name": "Mccain Beer Batter Steakhouse Chips 750g X3 Bundle",
        "price": 10.5,
        "unitPrice": "$4.67 / 1KG"
    },
    {
        "category": "freezer",
        "href": "https://www.woolworths.com.au/shop/productdetails/90000098/birds-eye-potato-gems-1kg-x3-bundle",
        "imgName": "90000098.jpg",
        "imgSrc": "https://cdn0.woolworths.media/content/wowproductimages/medium/90000098.jpg",
        "name": "Birds Eye Potato Gems 1kg X3 Bundle",
        "price": 10.5,
        "unitPrice": "$3.50 / 1KG"
    },
    {
        "category": "freezer",
        "href": "https://www.woolworths.com.au/shop/productdetails/90000215/mccain-meals-tuna-mornay-400g-x5-bundle",
        "imgName": "90000215.jpg",
        "imgSrc": "https://cdn0.woolworths.media/content/wowproductimages/medium/90000215.jpg",
        "name": "Mccain Meals Tuna Mornay 400g X5 Bundle",
        "price": 20,
        "unitPrice": "$1.00 / 100G"
    },
    {
        "category": "freezer",
        "href": "https://www.woolworths.com.au/shop/productdetails/90000073/borgs-traditional-puff-pastry-1-9kg-x3-bundle",
        "imgName": "90000073.jpg",
        "imgSrc": "https://cdn0.woolworths.media/content/wowproductimages/medium/90000073.jpg",
        "name": "Borgs Traditional Puff Pastry 1.9kg X3 Bundle",
        "price": 16,
        "unitPrice": "$0.28 / 100G"
    },
    {
        "category": "freezer",
        "href": "https://www.woolworths.com.au/shop/productdetails/90000179/mccain-healthy-choice-meals-chicken-carbonara-300g-x5-bundle",
        "imgName": "90000179.jpg",
        "imgSrc": "https://cdn0.woolworths.media/content/wowproductimages/medium/90000179.jpg",
        "name": "Mccain Healthy Choice Meals Chicken Carbonara 300g X5 Bundle",
        "price": 20,
        "unitPrice": "$1.33 / 100G"
    },
    {
        "category": "freezer",
        "href": "https://www.woolworths.com.au/shop/productdetails/90000176/mccain-healthy-choice-meals-veal-cordon-bleu-320g-x5-bundle",
        "imgName": "90000176.jpg",
        "imgSrc": "https://cdn0.woolworths.media/content/wowproductimages/medium/90000176.jpg",
        "name": "Mccain Healthy Choice Meals Veal Cordon Bleu 320g X5 Bundle",
        "price": 20,
        "unitPrice": "$1.25 / 100G"
    },
    {
        "category": "freezer",
        "href": "https://www.woolworths.com.au/shop/productdetails/90000223/quorn-meat-free-mince-200g-2pk-x5-bundle",
        "imgName": "90000223.jpg",
        "imgSrc": "https://cdn0.woolworths.media/content/wowproductimages/medium/90000223.jpg",
        "name": "Quorn 'meat Free' Mince 200g 2pk X5 Bundle",
        "price": 20,
        "unitPrice": "$1.33 / 100G"
    }
]