[
    {
        "category": "fruit-veg",
        "href": "https://www.woolworths.com.au/shop/productdetails/120384/watermelon-red-seedless",
        "imgName": "120384.jpg",
        "imgSrc": "https://cdn0.woolworths.media/content/wowproductimages/medium/120384.jpg",
        "name": "Watermelon Red Seedless quarter each",
        "price": 2.61,
        "unitPrice": "$1.90 / 1KG"
    },
    {
        "category": "fruit-veg",
        "href": "https://www.woolworths.com.au/shop/productdetails/638243/woolworths-mexican-rice-salad",
        "imgName": "638243.jpg",
        "imgSrc": "https://cdn0.woolworths.media/content/wowproductimages/medium/638243.jpg",
        "name": "Woolworths Mexican Rice Salad 250g",
        "price": 3.8,
        "unitPrice": "$1.52 / 100G"
    },
    {
        "category": "fruit-veg",
        "href": "https://www.woolworths.com.au/shop/productdetails/555398/gourmet-garden-lightly-dried-chives",
        "imgName": "555398.jpg",
        "imgSrc": "https://cdn0.woolworths.media/content/wowproductimages/medium/555398.jpg",
        "name": "Gourmet Garden Lightly Dried Chives  4g",
        "price": 3.5,
        "unitPrice": "$8.75 / 10G"
    },
    {
        "category": "fruit-veg",
        "href": "https://www.woolworths.com.au/shop/productdetails/515548/woolworths-southern-style-coleslaw-kit",
        "imgName": "515548.jpg",
        "imgSrc": "https://cdn0.woolworths.media/content/wowproductimages/medium/515548.jpg",
        "name": "Woolworths Southern Style Coleslaw Kit 450g",
        "price": 4,
        "unitPrice": "$8.89 / 1KG"
    },
    {
        "category": "fruit-veg",
        "href": "https://www.woolworths.com.au/shop/productdetails/662907/woolworths-mixed-grain-tabbouleh",
        "imgName": "662907.jpg",
        "imgSrc": "https://cdn0.woolworths.media/content/wowproductimages/medium/662907.jpg",
        "name": "Woolworths Mixed Grain Tabbouleh per kg",
        "price": 32.96,
        "unitPrice": "$32.96 / 1KG"
    },
    {
        "category": "fruit-veg",
        "href": "https://www.woolworths.com.au/shop/productdetails/379657/gourmet-garden-paste-mint",
        "imgName": "379657.jpg",
        "imgSrc": "https://cdn0.woolworths.media/content/wowproductimages/medium/379657.jpg",
        "name": "Gourmet Garden Paste Mint 80g tube",
        "price": 3.5,
        "unitPrice": "$4.38 / 100G"
    },
    {
        "category": "fruit-veg",
        "href": "https://www.woolworths.com.au/shop/productdetails/133211/banana-cavendish",
        "imgName": "133211.jpg",
        "imgSrc": "https://cdn0.woolworths.media/content/wowproductimages/medium/133211.jpg",
        "name": "Banana Cavendish  each",
        "price": 0.6,
        "unitPrice": "$3.00 / 1KG"
    },
    {
        "category": "fruit-veg",
        "href": "https://www.woolworths.com.au/shop/productdetails/185267/beetroot-loose",
        "imgName": "185267.jpg",
        "imgSrc": "https://cdn0.woolworths.media/content/wowproductimages/medium/185267.jpg",
        "name": "Beetroot Loose  each",
        "price": 1.5,
        "unitPrice": "$5.00 / 1KG"
    },
    {
        "category": "fruit-veg",
        "href": "https://www.woolworths.com.au/shop/productdetails/134782/sprouts-brussels",
        "imgName": "134782.jpg",
        "imgSrc": "https://cdn0.woolworths.media/content/wowproductimages/medium/134782.jpg",
        "name": "Sprouts Brussels  per kg",
        "price": 9.9,
        "unitPrice": "$9.90 / 1KG"
    },
    {
        "category": "fruit-veg",
        "href": "https://www.woolworths.com.au/shop/productdetails/154991/pak-choy-baby-asian-greens",
        "imgName": "154991.jpg",
        "imgSrc": "https://cdn0.woolworths.media/content/wowproductimages/medium/154991.jpg",
        "name": "Pak Choy Baby Asian Greens  each",
        "price": 2.2,
        "unitPrice": "$2.20 / 1EA"
    },
    {
        "category": "fruit-veg",
        "href": "https://www.woolworths.com.au/shop/productdetails/360863/pineapple-fruit-pot",
        "imgName": "360863.jpg",
        "imgSrc": "https://cdn0.woolworths.media/content/wowproductimages/medium/360863.jpg",
        "name": "Pineapple Fruit Pot  300g pot",
        "price": 5,
        "unitPrice": "$16.67 / 1KG"
    },
    {
        "category": "fruit-veg",
        "href": "https://www.woolworths.com.au/shop/productdetails/798100/gourmet-garden-lightly-dried-chilli",
        "imgName": "798100.jpg",
        "imgSrc": "https://cdn0.woolworths.media/content/wowproductimages/medium/798100.jpg",
        "name": "Gourmet Garden Lightly Dried Chilli 10g",
        "price": 3.5,
        "unitPrice": "$3.50 / 10G"
    },
    {
        "category": "fruit-veg",
        "href": "https://www.woolworths.com.au/shop/productdetails/165262/raspberry-fresh",
        "imgName": "165262.jpg",
        "imgSrc": "https://cdn0.woolworths.media/content/wowproductimages/medium/165262.jpg",
        "name": "Raspberry Fresh  125g punnet",
        "price": 4,
        "unitPrice": "$32.00 / 1KG"
    },
    {
        "category": "fruit-veg",
        "href": "https://www.woolworths.com.au/shop/productdetails/135369/reindeer-carrots",
        "imgName": "135369.jpg",
        "imgSrc": "https://cdn0.woolworths.media/content/wowproductimages/medium/135369.jpg",
        "name": "Reindeer Carrots  1kg bag",
        "price": 1.9,
        "unitPrice": "$1.90 / 1KG"
    },
    {
        "category": "fruit-veg",
        "href": "https://www.woolworths.com.au/shop/productdetails/147603/spring-onion-eschallot",
        "imgName": "147603.jpg",
        "imgSrc": "https://cdn0.woolworths.media/content/wowproductimages/medium/147603.jpg",
        "name": "Spring Onion Eschallot  bunch",
        "price": 2.2,
        "unitPrice": "$2.20 / 1EA"
    },
    {
        "category": "fruit-veg",
        "href": "https://www.woolworths.com.au/shop/productdetails/727144/woolworths-solanato-tomatoes",
        "imgName": "727144.jpg",
        "imgSrc": "https://cdn0.woolworths.media/content/wowproductimages/medium/727144.jpg",
        "name": "Woolworths Solanato Tomatoes  200g punnet",
        "price": 3,
        "unitPrice": "$15.00 / 1KG"
    },
    {
        "category": "fruit-veg",
        "href": "https://www.woolworths.com.au/shop/productdetails/105919/apple-pink-lady",
        "imgName": "105919.jpg",
        "imgSrc": "https://cdn0.woolworths.media/content/wowproductimages/medium/105919.jpg",
        "name": "Apple Pink Lady  each",
        "price": 1.03,
        "unitPrice": "$5.90 / 1KG"
    },
    {
        "category": "fruit-veg",
        "href": "https://www.woolworths.com.au/shop/productdetails/135306/capsicum-red",
        "imgName": "135306.jpg",
        "imgSrc": "https://cdn0.woolworths.media/content/wowproductimages/medium/135306.jpg",
        "name": "Capsicum Red  each",
        "price": 2.25,
        "unitPrice": "$7.50 / 1KG"
    },
    {
        "category": "fruit-veg",
        "href": "https://www.woolworths.com.au/shop/productdetails/137102/cucumber-continental",
        "imgName": "137102.jpg",
        "imgSrc": "https://cdn0.woolworths.media/content/wowproductimages/medium/137102.jpg",
        "name": "Cucumber Continental  each",
        "price": 1.5
    },
    {
        "category": "fruit-veg",
        "href": "https://www.woolworths.com.au/shop/productdetails/137130/cucumber-lebanese",
        "imgName": "137130.jpg",
        "imgSrc": "https://cdn0.woolworths.media/content/wowproductimages/medium/137130.jpg",
        "name": "Cucumber Lebanese  each",
        "price": 0.63,
        "unitPrice": "$3.50 / 1KG"
    },
    {
        "category": "fruit-veg",
        "href": "https://www.woolworths.com.au/shop/productdetails/169792/blueberry-fresh",
        "imgName": "169792.jpg",
        "imgSrc": "https://cdn0.woolworths.media/content/wowproductimages/medium/169792.jpg",
        "name": "Blueberry Fresh  125g punnet",
        "price": 3,
        "unitPrice": "$24.00 / 1KG"
    },
    {
        "category": "fruit-veg",
        "href": "https://www.woolworths.com.au/shop/productdetails/134681/broccoli-fresh-whole",
        "imgName": "134681.jpg",
        "imgSrc": "https://cdn0.woolworths.media/content/wowproductimages/medium/134681.jpg",
        "name": "Broccoli Fresh Whole each",
        "price": 2.07,
        "unitPrice": "$6.90 / 1KG"
    },
    {
        "category": "fruit-veg",
        "href": "https://www.woolworths.com.au/shop/productdetails/154340/lettuce-iceberg",
        "imgName": "154340.jpg",
        "imgSrc": "https://cdn0.woolworths.media/content/wowproductimages/medium/154340.jpg",
        "name": "Lettuce Iceberg  each",
        "price": 3,
        "unitPrice": "$3.00 / 1EA"
    },
    {
        "category": "fruit-veg",
        "href": "https://www.woolworths.com.au/shop/productdetails/143494/nectarine-yellow-flesh",
        "imgName": "143494.jpg",
        "imgSrc": "https://cdn0.woolworths.media/content/wowproductimages/medium/143494.jpg",
        "name": "Nectarine Yellow Flesh  each",
        "price": 0.4,
        "unitPrice": "$2.50 / 1KG"
    },
    {
        "category": "fruit-veg",
        "href": "https://www.woolworths.com.au/shop/productdetails/310968/apple-pink-lady",
        "imgName": "310968.jpg",
        "imgSrc": "https://cdn0.woolworths.media/content/wowproductimages/medium/310968.jpg",
        "name": "Apple Pink Lady  1kg punnet",
        "price": 5.9,
        "unitPrice": "$5.90 / 1KG"
    },
    {
        "category": "fruit-veg",
        "href": "https://www.woolworths.com.au/shop/productdetails/144336/onion-brown",
        "imgName": "144336.jpg",
        "imgSrc": "https://cdn0.woolworths.media/content/wowproductimages/medium/144336.jpg",
        "name": "Onion Brown  1kg bag",
        "price": 2,
        "unitPrice": "$2.00 / 1KG"
    },
    {
        "category": "fruit-veg",
        "href": "https://www.woolworths.com.au/shop/productdetails/144497/onion-red",
        "imgName": "144497.jpg",
        "imgSrc": "https://cdn0.woolworths.media/content/wowproductimages/medium/144497.jpg",
        "name": "Onion Red  each",
        "price": 0.53,
        "unitPrice": "$3.50 / 1KG"
    },
    {
        "category": "fruit-veg",
        "href": "https://www.woolworths.com.au/shop/productdetails/170225/zucchini-green",
        "imgName": "170225.jpg",
        "imgSrc": "https://cdn0.woolworths.media/content/wowproductimages/medium/170225.jpg",
        "name": "Zucchini Green  each",
        "price": 1.19,
        "unitPrice": "$7.90 / 1KG"
    },
    {
        "category": "fruit-veg",
        "href": "https://www.woolworths.com.au/shop/productdetails/144607/strawberry-fresh",
        "imgName": "144607.jpg",
        "imgSrc": "https://cdn0.woolworths.media/content/wowproductimages/medium/144607.jpg",
        "name": "Strawberry Fresh  250g punnet",
        "price": 3.5,
        "unitPrice": "$14.00 / 1KG"
    },
    {
        "category": "fruit-veg",
        "href": "https://www.woolworths.com.au/shop/productdetails/144329/onion-brown",
        "imgName": "144329.jpg",
        "imgSrc": "https://cdn0.woolworths.media/content/wowproductimages/medium/144329.jpg",
        "name": "Onion Brown  each",
        "price": 0.44,
        "unitPrice": "$2.90 / 1KG"
    },
    {
        "category": "fruit-veg",
        "href": "https://www.woolworths.com.au/shop/productdetails/759907/capsicum-petite",
        "imgName": "759907.jpg",
        "imgSrc": "https://cdn0.woolworths.media/content/wowproductimages/medium/759907.jpg",
        "name": "Capsicum Petite  175g punnet",
        "price": 4
    },
    {
        "category": "fruit-veg",
        "href": "https://www.woolworths.com.au/shop/productdetails/156015/potato-sweet-gold",
        "imgName": "156015.jpg",
        "imgSrc": "https://cdn0.woolworths.media/content/wowproductimages/medium/156015.jpg",
        "name": "Potato Sweet Gold  1kg bag",
        "price": 4.9,
        "unitPrice": "$4.90 / 1KG"
    },
    {
        "category": "fruit-veg",
        "href": "https://www.woolworths.com.au/shop/productdetails/137009/coconut-green-for-drinking",
        "imgName": "137009.jpg",
        "imgSrc": "https://cdn0.woolworths.media/content/wowproductimages/medium/137009.jpg",
        "name": "Coconut Green For Drinking each",
        "price": 3,
        "unitPrice": "$3.00 / 1EA"
    },
    {
        "category": "fruit-veg",
        "href": "https://www.woolworths.com.au/shop/productdetails/775255/nectarine-yellow-flesh",
        "imgName": "775255.jpg",
        "imgSrc": "https://cdn0.woolworths.media/content/wowproductimages/medium/775255.jpg",
        "name": "Nectarine Yellow Flesh  1kg punnet",
        "price": 3.5
    },
    {
        "category": "fruit-veg",
        "href": "https://www.woolworths.com.au/shop/productdetails/840769/sweet-potato-mini-gold-prepacked",
        "imgName": "840769.jpg",
        "imgSrc": "https://cdn0.woolworths.media/content/wowproductimages/medium/840769.jpg",
        "name": "Sweet Potato Mini Gold Prepacked 300g",
        "price": 2.5,
        "unitPrice": "$8.33 / 1KG"
    },
    {
        "category": "fruit-veg",
        "href": "https://www.woolworths.com.au/shop/productdetails/135037/buk-choy-baby-asian-greens",
        "imgName": "135037.jpg",
        "imgSrc": "https://cdn0.woolworths.media/content/wowproductimages/medium/135037.jpg",
        "name": "Buk Choy Baby Asian Greens each",
        "price": 2.5,
        "unitPrice": "$2.50 / 1EA"
    },
    {
        "category": "fruit-veg",
        "href": "https://www.woolworths.com.au/shop/productdetails/140200/lettuce-butter",
        "imgName": "140200.jpg",
        "imgSrc": "https://cdn0.woolworths.media/content/wowproductimages/medium/140200.jpg",
        "name": "Lettuce Butter  each",
        "price": 2,
        "unitPrice": "$2.00 / 1EA"
    },
    {
        "category": "fruit-veg",
        "href": "https://www.woolworths.com.au/shop/productdetails/142948/mint-fresh-herb",
        "imgName": "142948.jpg",
        "imgSrc": "https://cdn0.woolworths.media/content/wowproductimages/medium/142948.jpg",
        "name": "Mint Fresh Herb  bunch",
        "price": 3,
        "unitPrice": "$3.00 / 1EA"
    },
    {
        "category": "fruit-veg",
        "href": "https://www.woolworths.com.au/shop/productdetails/143109/mushrooms-cups",
        "imgName": "143109.jpg",
        "imgSrc": "https://cdn0.woolworths.media/content/wowproductimages/medium/143109.jpg",
        "name": "Mushrooms Cups  min. 250g",
        "price": 2.7,
        "unitPrice": "$10.80 / 1KG"
    },
    {
        "category": "fruit-veg",
        "href": "https://www.woolworths.com.au/shop/productdetails/145182/pear-corella",
        "imgName": "145182.jpg",
        "imgSrc": "https://cdn0.woolworths.media/content/wowproductimages/medium/145182.jpg",
        "name": "Pear Corella  each",
        "price": 1.18,
        "unitPrice": "$5.90 / 1KG"
    },
    {
        "category": "fruit-veg",
        "href": "https://www.woolworths.com.au/shop/productdetails/149779/apricot-fresh",
        "imgName": "149779.jpg",
        "imgSrc": "https://cdn0.woolworths.media/content/wowproductimages/medium/149779.jpg",
        "name": "Apricot Fresh  each",
        "price": 1.04,
        "unitPrice": "$6.50 / 1KG"
    },
    {
        "category": "fruit-veg",
        "href": "https://www.woolworths.com.au/shop/productdetails/165715/corn-sweet-polka-dot",
        "imgName": "165715.jpg",
        "imgSrc": "https://cdn0.woolworths.media/content/wowproductimages/medium/165715.jpg",
        "name": "Corn Sweet Polka Dot  500g punnet",
        "price": 4,
        "unitPrice": "$8.00 / 1KG"
    },
    {
        "category": "fruit-veg",
        "href": "https://www.woolworths.com.au/shop/productdetails/170020/watercress-salad",
        "imgName": "170020.jpg",
        "imgSrc": "https://cdn0.woolworths.media/content/wowproductimages/medium/170020.jpg",
        "name": "Watercress Salad  bunch",
        "price": 3
    },
    {
        "category": "fruit-veg",
        "href": "https://www.woolworths.com.au/shop/productdetails/199732/turnip-fresh",
        "imgName": "199732.jpg",
        "imgSrc": "https://cdn0.woolworths.media/content/wowproductimages/medium/199732.jpg",
        "name": "Turnip Fresh  each",
        "price": 1.2,
        "unitPrice": "$6.00 / 1KG"
    },
    {
        "category": "fruit-veg",
        "href": "https://www.woolworths.com.au/shop/productdetails/257676/woolworths-potato-kestrel",
        "imgName": "257676.jpg",
        "imgSrc": "https://cdn0.woolworths.media/content/wowproductimages/medium/257676.jpg",
        "name": "Woolworths Potato Kestrel 2kg bag",
        "price": 7,
        "unitPrice": "$3.50 / 1KG"
    },
    {
        "category": "fruit-veg",
        "href": "https://www.woolworths.com.au/shop/productdetails/296813/blackberry-fresh",
        "imgName": "296813.jpg",
        "imgSrc": "https://cdn0.woolworths.media/content/wowproductimages/medium/296813.jpg",
        "name": "Blackberry Fresh  125g punnet",
        "price": 4.5,
        "unitPrice": "$36.00 / 1KG"
    },
    {
        "category": "fruit-veg",
        "href": "https://www.woolworths.com.au/shop/productdetails/307315/corn-cobbettes",
        "imgName": "307315.jpg",
        "imgSrc": "https://cdn0.woolworths.media/content/wowproductimages/medium/307315.jpg",
        "name": "Corn Cobbettes  425g punnet",
        "price": 4.5,
        "unitPrice": "$10.59 / 1KG"
    },
    {
        "category": "fruit-veg",
        "href": "https://www.woolworths.com.au/shop/productdetails/338087/woolworths-asian-salad-tub",
        "imgName": "338087.jpg",
        "imgSrc": "https://cdn0.woolworths.media/content/wowproductimages/medium/338087.jpg",
        "name": "Woolworths Asian Salad Tub  250g",
        "price": 6,
        "unitPrice": "$24.00 / 1KG"
    },
    {
        "category": "fruit-veg",
        "href": "https://www.woolworths.com.au/shop/productdetails/381241/mushrooms-swiss-brown-sliced",
        "imgName": "381241.jpg",
        "imgSrc": "https://cdn0.woolworths.media/content/wowproductimages/medium/381241.jpg",
        "name": "Mushrooms Swiss Brown Sliced  200g punnet",
        "price": 5,
        "unitPrice": "$25.00 / 1KG"
    },
    {
        "category": "fruit-veg",
        "href": "https://www.woolworths.com.au/shop/productdetails/415142/woolworths-creamy-kale-coleslaw-kit",
        "imgName": "415142.jpg",
        "imgSrc": "https://cdn0.woolworths.media/content/wowproductimages/medium/415142.jpg",
        "name": "Woolworths Creamy Kale Coleslaw Kit  300g bag",
        "price": 4.5,
        "unitPrice": "$15.00 / 1KG"
    },
    {
        "category": "fruit-veg",
        "href": "https://www.woolworths.com.au/shop/productdetails/447310/woolworths-pumpkin-and-feta-salad-bowl",
        "imgName": "447310.jpg",
        "imgSrc": "https://cdn0.woolworths.media/content/wowproductimages/medium/447310.jpg",
        "name": "Woolworths Pumpkin And Feta Salad Bowl 140g",
        "price": 5.5,
        "unitPrice": "$3.93 / 100G"
    },
    {
        "category": "fruit-veg",
        "href": "https://www.woolworths.com.au/shop/productdetails/515705/woolworths-fruit-platter",
        "imgName": "515705.jpg",
        "imgSrc": "https://cdn0.woolworths.media/content/wowproductimages/medium/515705.jpg",
        "name": "Woolworths Fruit Platter  400g",
        "price": 5,
        "unitPrice": "$12.50 / 1KG"
    },
    {
        "category": "fruit-veg",
        "href": "https://www.woolworths.com.au/shop/productdetails/588302/fresh-food-kids-mini-pears",
        "imgName": "588302.jpg",
        "imgSrc": "https://cdn0.woolworths.media/content/wowproductimages/medium/588302.jpg",
        "name": "Fresh Food Kids Mini Pears  5 pack",
        "price": 2.5,
        "unitPrice": "$0.50 / 1EA"
    },
    {
        "category": "fruit-veg",
        "href": "https://www.woolworths.com.au/shop/productdetails/707363/basil-thai-fresh-herbs",
        "imgName": "707363.jpg",
        "imgSrc": "https://cdn0.woolworths.media/content/wowproductimages/medium/707363.jpg",
        "name": "Basil Thai Fresh Herbs 15g punnet",
        "price": 2.9,
        "unitPrice": "$1.93 / 10G"
    },
    {
        "category": "fruit-veg",
        "href": "https://www.woolworths.com.au/shop/productdetails/757488/potato-mini-microwavable-white",
        "imgName": "757488.jpg",
        "imgSrc": "https://cdn0.woolworths.media/content/wowproductimages/medium/757488.jpg",
        "name": "Potato Mini Microwavable White 500g punnet",
        "price": 2,
        "unitPrice": "$4.00 / 1KG"
    },
    {
        "category": "fruit-veg",
        "href": "https://www.woolworths.com.au/shop/productdetails/144848/peach-yellow-flesh",
        "imgName": "144848.jpg",
        "imgSrc": "https://cdn0.woolworths.media/content/wowproductimages/medium/144848.jpg",
        "name": "Peach Yellow Flesh  each",
        "price": 0.72,
        "unitPrice": "$4.50 / 1KG"
    },
    {
        "category": "fruit-veg",
        "href": "https://www.woolworths.com.au/shop/productdetails/180148/banana-red-tipped",
        "imgName": "180148.jpg",
        "imgSrc": "https://cdn0.woolworths.media/content/wowproductimages/medium/180148.jpg",
        "name": "Banana Red Tipped  each"
    },
    {
        "category": "fruit-veg",
        "href": "https://www.woolworths.com.au/shop/productdetails/199771/chokoes-fresh",
        "imgName": "199771.jpg",
        "imgSrc": "https://cdn0.woolworths.media/content/wowproductimages/medium/199771.jpg",
        "name": "Chokoes Fresh  each",
        "price": 2.56,
        "unitPrice": "$8.00 / 1KG"
    },
    {
        "category": "fruit-veg",
        "href": "https://www.woolworths.com.au/shop/productdetails/144785/parsley-continental-fresh-herb",
        "imgName": "144785.jpg",
        "imgSrc": "https://cdn0.woolworths.media/content/wowproductimages/medium/144785.jpg",
        "name": "Parsley Continental Fresh Herb bunch",
        "price": 3,
        "unitPrice": "$3.00 / 1EA"
    },
    {
        "category": "fruit-veg",
        "href": "https://www.woolworths.com.au/shop/productdetails/144745/chilli-sweet-yellow",
        "imgName": "144745.jpg",
        "imgSrc": "https://cdn0.woolworths.media/content/wowproductimages/medium/144745.jpg",
        "name": "Chilli Sweet Yellow  each",
        "price": 0.99,
        "unitPrice": "$9.90 / 1KG"
    },
    {
        "category": "fruit-veg",
        "href": "https://www.woolworths.com.au/shop/productdetails/172659/papaya-red-whole",
        "imgName": "172659.jpg",
        "imgSrc": "https://cdn0.woolworths.media/content/wowproductimages/medium/172659.jpg",
        "name": "Papaya Red Whole whole each",
        "price": 2.8,
        "unitPrice": "$4.00 / 1KG"
    },
    {
        "category": "fruit-veg",
        "href": "https://www.woolworths.com.au/shop/productdetails/319170/redcurrant-fresh",
        "imgName": "default.png",
        "imgSrc": "https://cdn0.woolworths.media/content/wowproductimages/large/default.png",
        "name": "Redcurrant Fresh  125g punnet",
        "price": 5.9,
        "unitPrice": "$47.20 / 1KG"
    },
    {
        "category": "fruit-veg",
        "href": "https://www.woolworths.com.au/shop/productdetails/336349/woolworths-rocket-salad-mix",
        "imgName": "336349.jpg",
        "imgSrc": "https://cdn0.woolworths.media/content/wowproductimages/medium/336349.jpg",
        "name": "Woolworths Rocket Salad Mix 160g",
        "price": 3,
        "unitPrice": "$18.75 / 1KG"
    },
    {
        "category": "fruit-veg",
        "href": "https://www.woolworths.com.au/shop/productdetails/430001/lychee-fresh",
        "imgName": "430001.jpg",
        "imgSrc": "https://cdn0.woolworths.media/content/wowproductimages/medium/430001.jpg",
        "name": "Lychee Fresh  450g punnet"
    },
    {
        "category": "fruit-veg",
        "href": "https://www.woolworths.com.au/shop/productdetails/707368/tarragon-fresh-herb",
        "imgName": "707368.jpg",
        "imgSrc": "https://cdn0.woolworths.media/content/wowproductimages/medium/707368.jpg",
        "name": "Tarragon Fresh Herb  10g punnet",
        "price": 2.9,
        "unitPrice": "$2.90 / 10G"
    },
    {
        "category": "fruit-veg",
        "href": "https://www.woolworths.com.au/shop/productdetails/707373/kaffir-lime-leaf-fresh-herb",
        "imgName": "707373.jpg",
        "imgSrc": "https://cdn0.woolworths.media/content/wowproductimages/medium/707373.jpg",
        "name": "Kaffir Lime Leaf Fresh Herb  10g punnet"
    },
    {
        "category": "fruit-veg",
        "href": "https://www.woolworths.com.au/shop/productdetails/768772/fresh-berry-farm-berry-sauce-summer-berries",
        "imgName": "768772.jpg",
        "imgSrc": "https://cdn0.woolworths.media/content/wowproductimages/medium/768772.jpg",
        "name": "Fresh Berry Farm Berry Sauce Summer Berries 200g tub",
        "price": 3.9,
        "unitPrice": "$19.50 / 1KG"
    },
    {
        "category": "fruit-veg",
        "href": "https://www.woolworths.com.au/shop/productdetails/889924/woolworths-sweet-berry-truss-tomatoes",
        "imgName": "889924.jpg",
        "imgSrc": "https://cdn0.woolworths.media/content/wowproductimages/medium/889924.jpg",
        "name": "Woolworths Sweet Berry Truss Tomatoes 130g punnet",
        "price": 3.5,
        "unitPrice": "$26.92 / 1KG"
    },
    {
        "category": "fruit-veg",
        "href": "https://www.woolworths.com.au/shop/productdetails/827521/mushroom-exotic-pasta-mix",
        "imgName": "827521.jpg",
        "imgSrc": "https://cdn0.woolworths.media/content/wowproductimages/medium/827521.jpg",
        "name": "Mushroom Exotic Pasta Mix 150g",
        "price": 5,
        "unitPrice": "$33.33 / 1KG"
    },
    {
        "category": "fruit-veg",
        "href": "https://www.woolworths.com.au/shop/productdetails/774572/mango-fresh",
        "imgName": "774572.jpg",
        "imgSrc": "https://cdn0.woolworths.media/content/wowproductimages/medium/774572.jpg",
        "name": "Mango Fresh  4pk",
        "price": 5.9,
        "unitPrice": "$1.48 / 1EA"
    },
    {
        "category": "fruit-veg",
        "href": "https://www.woolworths.com.au/shop/productdetails/515547/woolworths-thai-style-salad-kit",
        "imgName": "515547.jpg",
        "imgSrc": "https://cdn0.woolworths.media/content/wowproductimages/medium/515547.jpg",
        "name": "Woolworths Thai Style Salad Kit  315g",
        "price": 5,
        "unitPrice": "$1.59 / 100G"
    },
    {
        "category": "fruit-veg",
        "href": "https://www.woolworths.com.au/shop/productdetails/662906/woolworths-potato-bacon-egg-salad",
        "imgName": "662906.jpg",
        "imgSrc": "https://cdn0.woolworths.media/content/wowproductimages/medium/662906.jpg",
        "name": "Woolworths Potato Bacon & Egg Salad per kg",
        "price": 11,
        "unitPrice": "$11.00 / 1KG"
    },
    {
        "category": "fruit-veg",
        "href": "https://www.woolworths.com.au/shop/productdetails/380580/woolworths-baby-rocket-salad",
        "imgName": "380580.jpg",
        "imgSrc": "https://cdn0.woolworths.media/content/wowproductimages/medium/380580.jpg",
        "name": "Woolworths Baby Rocket Salad  60g bag",
        "price": 2,
        "unitPrice": "$33.33 / 1KG"
    },
    {
        "category": "fruit-veg",
        "href": "https://www.woolworths.com.au/shop/productdetails/138801/grapes-white-seedless",
        "imgName": "138801.jpg",
        "imgSrc": "https://cdn0.woolworths.media/content/wowproductimages/medium/138801.jpg",
        "name": "Grapes White Seedless min. 900g",
        "price": 7.11,
        "unitPrice": "$7.90 / 1KG"
    },
    {
        "category": "fruit-veg",
        "href": "https://www.woolworths.com.au/shop/productdetails/143730/woolworths-gourmet-tomato",
        "imgName": "143730.jpg",
        "imgSrc": "https://cdn0.woolworths.media/content/wowproductimages/medium/143730.jpg",
        "name": "Woolworths Gourmet Tomato  1kg punnet",
        "price": 6,
        "unitPrice": "$6.00 / 1KG"
    },
    {
        "category": "fruit-veg",
        "href": "https://www.woolworths.com.au/shop/productdetails/149864/tomato-roma-red",
        "imgName": "149864.jpg",
        "imgSrc": "https://cdn0.woolworths.media/content/wowproductimages/medium/149864.jpg",
        "name": "Tomato Roma Red  each"
    },
    {
        "category": "fruit-veg",
        "href": "https://www.woolworths.com.au/shop/productdetails/707370/rosemary-fresh-herb",
        "imgName": "707370.jpg",
        "imgSrc": "https://cdn0.woolworths.media/content/wowproductimages/medium/707370.jpg",
        "name": "Rosemary Fresh Herb  10g punnet",
        "price": 2.9,
        "unitPrice": "$2.90 / 10G"
    },
    {
        "category": "fruit-veg",
        "href": "https://www.woolworths.com.au/shop/productdetails/379649/gourmet-garden-paste-rosemary",
        "imgName": "379649.jpg",
        "imgSrc": "https://cdn0.woolworths.media/content/wowproductimages/medium/379649.jpg",
        "name": "Gourmet Garden Paste Rosemary 80g tube",
        "price": 3.5,
        "unitPrice": "$4.38 / 100G"
    },
    {
        "category": "fruit-veg",
        "href": "https://www.woolworths.com.au/shop/productdetails/379651/gourmet-garden-paste-thyme",
        "imgName": "379651.jpg",
        "imgSrc": "https://cdn0.woolworths.media/content/wowproductimages/medium/379651.jpg",
        "name": "Gourmet Garden Paste Thyme 80g tube",
        "price": 3.5,
        "unitPrice": "$4.38 / 100G"
    },
    {
        "category": "fruit-veg",
        "href": "https://www.woolworths.com.au/shop/productdetails/122788/imported-lemons-loose-imported",
        "imgName": "122788.jpg",
        "imgSrc": "https://cdn0.woolworths.media/content/wowproductimages/medium/122788.jpg",
        "name": "Imported Lemons Loose Imported each",
        "price": 1.38,
        "unitPrice": "$6.90 / 1KG"
    },
    {
        "category": "fruit-veg",
        "href": "https://www.woolworths.com.au/shop/productdetails/781401/gourmet-garden-lightly-dried-basil",
        "imgName": "781401.jpg",
        "imgSrc": "https://cdn0.woolworths.media/content/wowproductimages/medium/781401.jpg",
        "name": "Gourmet Garden Lightly Dried Basil 10g sachet",
        "price": 3.5,
        "unitPrice": "$3.50 / 10G"
    },
    {
        "category": "fruit-veg",
        "href": "https://www.woolworths.com.au/shop/productdetails/90000014/make-your-own-spaghetti-bolognese-bundle",
        "imgName": "90000014.jpg",
        "imgSrc": "https://cdn0.woolworths.media/content/wowproductimages/medium/90000014.jpg",
        "name": "Make Your Own Spaghetti Bolognese Bundle",
        "price": 20
    },
    {
        "category": "fruit-veg",
        "href": "https://www.woolworths.com.au/shop/productdetails/138082/ginger-fresh",
        "imgName": "138082.jpg",
        "imgSrc": "https://cdn0.woolworths.media/content/wowproductimages/medium/138082.jpg",
        "name": "Ginger Fresh  each",
        "price": 4.2,
        "unitPrice": "$35.00 / 1KG"
    },
    {
        "category": "fruit-veg",
        "href": "https://www.woolworths.com.au/shop/productdetails/144275/okra-fresh",
        "imgName": "144275.jpg",
        "imgSrc": "https://cdn0.woolworths.media/content/wowproductimages/medium/144275.jpg",
        "name": "Okra Fresh  min. 250g",
        "price": 3.75,
        "unitPrice": "$15.00 / 1KG"
    },
    {
        "category": "fruit-veg",
        "href": "https://www.woolworths.com.au/shop/productdetails/143679/mango-calypso",
        "imgName": "143679.jpg",
        "imgSrc": "https://cdn0.woolworths.media/content/wowproductimages/medium/143679.jpg",
        "name": "Mango Calypso  each",
        "price": 2,
        "unitPrice": "$2.00 / 1EA"
    },
    {
        "category": "fruit-veg",
        "href": "https://www.woolworths.com.au/shop/productdetails/139428/mango-kensington-pride",
        "imgName": "139428.jpg",
        "imgSrc": "https://cdn0.woolworths.media/content/wowproductimages/medium/139428.jpg",
        "name": "Mango Kensington Pride  each",
        "price": 2,
        "unitPrice": "$2.00 / 1EA"
    },
    {
        "category": "fruit-veg",
        "href": "https://www.woolworths.com.au/shop/productdetails/939449/gourmet-garden-lightly-dried-ginger",
        "imgName": "939449.jpg",
        "imgSrc": "https://cdn0.woolworths.media/content/wowproductimages/medium/939449.jpg",
        "name": "Gourmet Garden Lightly Dried Ginger 12g",
        "price": 3.5,
        "unitPrice": "$2.92 / 10G"
    },
    {
        "category": "fruit-veg",
        "href": "https://www.woolworths.com.au/shop/productdetails/133687/woolworths-sprouts-bean-shoot",
        "imgName": "133687.jpg",
        "imgSrc": "https://cdn0.woolworths.media/content/wowproductimages/medium/133687.jpg",
        "name": "Woolworths Sprouts Bean Shoot 250g bag",
        "price": 2.2,
        "unitPrice": "$8.80 / 1KG"
    },
    {
        "category": "fruit-veg",
        "href": "https://www.woolworths.com.au/shop/productdetails/135947/capsicum-3-colour-traffic-light",
        "imgName": "135947.jpg",
        "imgSrc": "https://cdn0.woolworths.media/content/wowproductimages/medium/135947.jpg",
        "name": "Capsicum 3 Colour Traffic Light 3pk",
        "price": 6.9,
        "unitPrice": "$2.30 / 1EA"
    },
    {
        "category": "fruit-veg",
        "href": "https://www.woolworths.com.au/shop/productdetails/137091/coriander-fresh-herb",
        "imgName": "137091.jpg",
        "imgSrc": "https://cdn0.woolworths.media/content/wowproductimages/medium/137091.jpg",
        "name": "Coriander Fresh Herb  bunch",
        "price": 3,
        "unitPrice": "$3.00 / 1EA"
    },
    {
        "category": "fruit-veg",
        "href": "https://www.woolworths.com.au/shop/productdetails/137534/pineapple-naturally-sweet",
        "imgName": "137534.jpg",
        "imgSrc": "https://cdn0.woolworths.media/content/wowproductimages/medium/137534.jpg",
        "name": "Pineapple Naturally Sweet  whole each",
        "price": 3.9,
        "unitPrice": "$3.90 / 1EA"
    },
    {
        "category": "fruit-veg",
        "href": "https://www.woolworths.com.au/shop/productdetails/139033/woolworths-simply-stir-fry-traditional-vegetables",
        "imgName": "139033.jpg",
        "imgSrc": "https://cdn0.woolworths.media/content/wowproductimages/medium/139033.jpg",
        "name": "Woolworths  Simply Stir-fry Traditional Vegetables  400g",
        "price": 5,
        "unitPrice": "$12.50 / 1KG"
    },
    {
        "category": "fruit-veg",
        "href": "https://www.woolworths.com.au/shop/productdetails/143168/mango-r2e2",
        "imgName": "143168.jpg",
        "imgSrc": "https://cdn0.woolworths.media/content/wowproductimages/medium/143168.jpg",
        "name": "Mango R2e2  each",
        "price": 2.9,
        "unitPrice": "$2.90 / 1EA"
    },
    {
        "category": "fruit-veg",
        "href": "https://www.woolworths.com.au/shop/productdetails/144926/peach-white-flesh",
        "imgName": "144926.jpg",
        "imgSrc": "https://cdn0.woolworths.media/content/wowproductimages/medium/144926.jpg",
        "name": "Peach White Flesh  each",
        "price": 0.72,
        "unitPrice": "$4.50 / 1KG"
    },
    {
        "category": "fruit-veg",
        "href": "https://www.woolworths.com.au/shop/productdetails/146337/pomegranate-fresh-imported",
        "imgName": "146337.jpg",
        "imgSrc": "https://cdn0.woolworths.media/content/wowproductimages/medium/146337.jpg",
        "name": "Pomegranate Fresh Imported each",
        "price": 2.9,
        "unitPrice": "$2.90 / 1EA"
    },
    {
        "category": "fruit-veg",
        "href": "https://www.woolworths.com.au/shop/productdetails/152608/mushrooms-button",
        "imgName": "152608.jpg",
        "imgSrc": "https://cdn0.woolworths.media/content/wowproductimages/medium/152608.jpg",
        "name": "Mushrooms Button  200g punnet",
        "price": 4,
        "unitPrice": "$20.00 / 1KG"
    },
    {
        "category": "fruit-veg",
        "href": "https://www.woolworths.com.au/shop/productdetails/190092/lettuce-baby-cos",
        "imgName": "190092.jpg",
        "imgSrc": "https://cdn0.woolworths.media/content/wowproductimages/medium/190092.jpg",
        "name": "Lettuce Baby Cos  each",
        "price": 2.2,
        "unitPrice": "$2.20 / 1EA"
    },
    {
        "category": "fruit-veg",
        "href": "https://www.woolworths.com.au/shop/productdetails/194947/baby-spinach-loose",
        "imgName": "194947.jpg",
        "imgSrc": "https://cdn0.woolworths.media/content/wowproductimages/medium/194947.jpg",
        "name": "Baby Spinach Loose  per kg",
        "price": 17,
        "unitPrice": "$17.00 / 1KG"
    },
    {
        "category": "fruit-veg",
        "href": "https://www.woolworths.com.au/shop/productdetails/224301/mango-honey-gold-large",
        "imgName": "224301.jpg",
        "imgSrc": "https://cdn0.woolworths.media/content/wowproductimages/medium/224301.jpg",
        "name": "Mango Honey Gold Large each",
        "price": 3.9,
        "unitPrice": "$3.90 / 1EA"
    },
    {
        "category": "fruit-veg",
        "href": "https://www.woolworths.com.au/shop/productdetails/374347/pomlife-pomegranate-arils",
        "imgName": "374347.jpg",
        "imgSrc": "https://cdn0.woolworths.media/content/wowproductimages/medium/374347.jpg",
        "name": "Pomlife Pomegranate Arils  75g punnet",
        "price": 5,
        "unitPrice": "$66.67 / 1KG"
    },
    {
        "category": "fruit-veg",
        "href": "https://www.woolworths.com.au/shop/productdetails/524336/woolworths-baby-leaf-spinach",
        "imgName": "524336.jpg",
        "imgSrc": "https://cdn0.woolworths.media/content/wowproductimages/medium/524336.jpg",
        "name": "Woolworths Baby Leaf Spinach  280g",
        "price": 5,
        "unitPrice": "$17.86 / 1KG"
    },
    {
        "category": "fruit-veg",
        "href": "https://www.woolworths.com.au/shop/productdetails/568056/nectarine-yellow-flesh",
        "imgName": "default.png",
        "imgSrc": "https://cdn0.woolworths.media/content/wowproductimages/large/default.png",
        "name": "Nectarine Yellow Flesh  750g",
        "price": 2.8,
        "unitPrice": "$3.73 / 1KG"
    },
    {
        "category": "fruit-veg",
        "href": "https://www.woolworths.com.au/shop/productdetails/707374/chives-fresh-herb",
        "imgName": "707374.jpg",
        "imgSrc": "https://cdn0.woolworths.media/content/wowproductimages/medium/707374.jpg",
        "name": "Chives Fresh Herb  10g punnet",
        "price": 2.9,
        "unitPrice": "$2.90 / 10G"
    },
    {
        "category": "fruit-veg",
        "href": "https://www.woolworths.com.au/shop/productdetails/717520/woolworths-lettuce-cos-salad",
        "imgName": "717520.jpg",
        "imgSrc": "https://cdn0.woolworths.media/content/wowproductimages/medium/717520.jpg",
        "name": "Woolworths Lettuce Cos Salad  200g bag",
        "price": 3,
        "unitPrice": "$15.00 / 1KG"
    },
    {
        "category": "fruit-veg",
        "href": "https://www.woolworths.com.au/shop/productdetails/742691/avocado-hass-imported",
        "imgName": "742691.jpg",
        "imgSrc": "https://cdn0.woolworths.media/content/wowproductimages/medium/742691.jpg",
        "name": "Avocado Hass Imported each",
        "price": 3.5,
        "unitPrice": "$3.50 / 1EA"
    },
    {
        "category": "fruit-veg",
        "href": "https://www.woolworths.com.au/shop/productdetails/742824/carrot-mini",
        "imgName": "742824.jpg",
        "imgSrc": "https://cdn0.woolworths.media/content/wowproductimages/medium/742824.jpg",
        "name": "Carrot Mini  500g",
        "price": 1.5,
        "unitPrice": "$3.00 / 1KG"
    },
    {
        "category": "fruit-veg",
        "href": "https://www.woolworths.com.au/shop/productdetails/760466/woolworths-garden-salad",
        "imgName": "760466.jpg",
        "imgSrc": "https://cdn0.woolworths.media/content/wowproductimages/medium/760466.jpg",
        "name": "Woolworths Garden Salad  150g bowl"
    },
    {
        "category": "fruit-veg",
        "href": "https://www.woolworths.com.au/shop/productdetails/774651/blueberry-fresh",
        "imgName": "774651.jpg",
        "imgSrc": "https://cdn0.woolworths.media/content/wowproductimages/medium/774651.jpg",
        "name": "Blueberry Fresh  230g punnet",
        "price": 6.4,
        "unitPrice": "$27.83 / 1KG"
    },
    {
        "category": "fruit-veg",
        "href": "https://www.woolworths.com.au/shop/productdetails/826528/apricot-fresh",
        "imgName": "826528.jpg",
        "imgSrc": "https://cdn0.woolworths.media/content/wowproductimages/medium/826528.jpg",
        "name": "Apricot Fresh  500g punnet",
        "price": 2.9,
        "unitPrice": "$5.80 / 1KG"
    },
    {
        "category": "fruit-veg",
        "href": "https://www.woolworths.com.au/shop/productdetails/116277/beetroot-organic",
        "imgName": "116277.jpg",
        "imgSrc": "https://cdn0.woolworths.media/content/wowproductimages/medium/116277.jpg",
        "name": "Beetroot Organic  500g punnet",
        "price": 4.5,
        "unitPrice": "$9.00 / 1KG"
    },
    {
        "category": "fruit-veg",
        "href": "https://www.woolworths.com.au/shop/productdetails/136981/coconut-fresh",
        "imgName": "136981.jpg",
        "imgSrc": "https://cdn0.woolworths.media/content/wowproductimages/medium/136981.jpg",
        "name": "Coconut Fresh  each",
        "price": 3,
        "unitPrice": "$3.00 / 1EA"
    },
    {
        "category": "fruit-veg",
        "href": "https://www.woolworths.com.au/shop/productdetails/136341/chilli-baby-hot",
        "imgName": "136341.jpg",
        "imgSrc": "https://cdn0.woolworths.media/content/wowproductimages/medium/136341.jpg",
        "name": "Chilli Baby Hot  each",
        "price": 0.3,
        "unitPrice": "$19.90 / 1KG"
    },
    {
        "category": "fruit-veg",
        "href": "https://www.woolworths.com.au/shop/productdetails/106542/chilli-green",
        "imgName": "106542.jpg",
        "imgSrc": "https://cdn0.woolworths.media/content/wowproductimages/medium/106542.jpg",
        "name": "Chilli Green  each",
        "price": 0.54,
        "unitPrice": "$18.00 / 1KG"
    },
    {
        "category": "fruit-veg",
        "href": "https://www.woolworths.com.au/shop/productdetails/154338/apple-royal-gala-organic",
        "imgName": "154338.jpg",
        "imgSrc": "https://cdn0.woolworths.media/content/wowproductimages/medium/154338.jpg",
        "name": "Apple Royal Gala Organic 1kg punnet",
        "price": 7.9
    },
    {
        "category": "fruit-veg",
        "href": "https://www.woolworths.com.au/shop/productdetails/154446/garlic-cloves-organic",
        "imgName": "154446.jpg",
        "imgSrc": "https://cdn0.woolworths.media/content/wowproductimages/medium/154446.jpg",
        "name": "Garlic Cloves Organic 150g punnet",
        "price": 9.9,
        "unitPrice": "$66.00 / 1KG"
    },
    {
        "category": "fruit-veg",
        "href": "https://www.woolworths.com.au/shop/productdetails/218235/woolworths-simply-simmer-veggie-mix",
        "imgName": "218235.jpg",
        "imgSrc": "https://cdn0.woolworths.media/content/wowproductimages/medium/218235.jpg",
        "name": "Woolworths Simply Simmer Veggie Mix  400g",
        "price": 4,
        "unitPrice": "$10.00 / 1KG"
    },
    {
        "category": "fruit-veg",
        "href": "https://www.woolworths.com.au/shop/productdetails/405774/grapes-black-seedless",
        "imgName": "405774.jpg",
        "imgSrc": "https://cdn0.woolworths.media/content/wowproductimages/medium/405774.jpg",
        "name": "Grapes Black Seedless min. 900g",
        "price": 7.11,
        "unitPrice": "$7.90 / 1KG"
    },
    {
        "category": "fruit-veg",
        "href": "https://www.woolworths.com.au/shop/productdetails/515710/woolworths-fruit-salad",
        "imgName": "515710.jpg",
        "imgSrc": "https://cdn0.woolworths.media/content/wowproductimages/medium/515710.jpg",
        "name": "Woolworths Fruit Salad  220g",
        "price": 3.5,
        "unitPrice": "$15.91 / 1KG"
    },
    {
        "category": "fruit-veg",
        "href": "https://www.woolworths.com.au/shop/productdetails/405658/avofresh-soft-avocado-lime-black-pepper",
        "imgName": "405658.jpg",
        "imgSrc": "https://cdn0.woolworths.media/content/wowproductimages/medium/405658.jpg",
        "name": "Avofresh Soft Avocado Lime & Black Pepper 160g tube",
        "price": 5.5,
        "unitPrice": "$3.44 / 100G"
    },
    {
        "category": "fruit-veg",
        "href": "https://www.woolworths.com.au/shop/productdetails/583617/woolworths-simply-steam-carrot-cauliflower-broccoli",
        "imgName": "583617.jpg",
        "imgSrc": "https://cdn0.woolworths.media/content/wowproductimages/medium/583617.jpg",
        "name": "Woolworths Simply Steam Carrot Cauliflower & Broccoli 200g",
        "price": 4.5,
        "unitPrice": "$22.50 / 1KG"
    },
    {
        "category": "fruit-veg",
        "href": "https://www.woolworths.com.au/shop/productdetails/567982/peach-yellow-flesh",
        "imgName": "default.png",
        "imgSrc": "https://cdn0.woolworths.media/content/wowproductimages/large/default.png",
        "name": "Peach Yellow Flesh  750g",
        "price": 3.4,
        "unitPrice": "$4.53 / 1KG"
    },
    {
        "category": "fruit-veg",
        "href": "https://www.woolworths.com.au/shop/productdetails/707366/woolworths-lemon-thyme-fresh-herb",
        "imgName": "707366.jpg",
        "imgSrc": "https://cdn0.woolworths.media/content/wowproductimages/medium/707366.jpg",
        "name": "Woolworths Lemon Thyme Fresh Herb 10g punnet",
        "price": 2.9,
        "unitPrice": "$2.90 / 10G"
    },
    {
        "category": "fruit-veg",
        "href": "https://www.woolworths.com.au/shop/productdetails/707371/oregano-fresh-herb",
        "imgName": "707371.jpg",
        "imgSrc": "https://cdn0.woolworths.media/content/wowproductimages/medium/707371.jpg",
        "name": "Oregano Fresh Herb  10g punnet",
        "price": 2.9,
        "unitPrice": "$2.90 / 10G"
    },
    {
        "category": "fruit-veg",
        "href": "https://www.woolworths.com.au/shop/productdetails/769064/potato-sebago-organic",
        "imgName": "769064.jpg",
        "imgSrc": "https://cdn0.woolworths.media/content/wowproductimages/medium/769064.jpg",
        "name": "Potato Sebago Organic  1kg punnet",
        "price": 4.9,
        "unitPrice": "$4.90 / 1KG"
    },
    {
        "category": "fruit-veg",
        "href": "https://www.woolworths.com.au/shop/productdetails/827515/mushroom-exotic-risotto-mix",
        "imgName": "827515.jpg",
        "imgSrc": "https://cdn0.woolworths.media/content/wowproductimages/medium/827515.jpg",
        "name": "Mushroom Exotic Risotto Mix 150g",
        "price": 5,
        "unitPrice": "$33.33 / 1KG"
    },
    {
        "category": "fruit-veg",
        "href": "https://www.woolworths.com.au/shop/productdetails/781395/gourmet-garden-lightly-dried-coriander",
        "imgName": "781395.jpg",
        "imgSrc": "https://cdn0.woolworths.media/content/wowproductimages/medium/781395.jpg",
        "name": "Gourmet Garden Lightly Dried Coriander 8g sachet",
        "price": 3.5,
        "unitPrice": "$4.38 / 10G"
    },
    {
        "category": "fruit-veg",
        "href": "https://www.woolworths.com.au/shop/productdetails/876201/chilli-birdseye",
        "imgName": "876201.jpg",
        "imgSrc": "https://cdn0.woolworths.media/content/wowproductimages/medium/876201.jpg",
        "name": "Chilli Birdseye  20g punnet",
        "price": 3,
        "unitPrice": "$15.00 / 100G"
    },
    {
        "category": "fruit-veg",
        "href": "https://www.woolworths.com.au/shop/productdetails/876327/chilli-red-cayenne",
        "imgName": "876327.jpg",
        "imgSrc": "https://cdn0.woolworths.media/content/wowproductimages/medium/876327.jpg",
        "name": "Chilli Red Cayenne  50g",
        "price": 3,
        "unitPrice": "$6.00 / 100G"
    },
    {
        "category": "fruit-veg",
        "href": "https://www.woolworths.com.au/shop/productdetails/662903/woolworths-creamy-pasta-salad",
        "imgName": "662903.jpg",
        "imgSrc": "https://cdn0.woolworths.media/content/wowproductimages/medium/662903.jpg",
        "name": "Woolworths Creamy Pasta Salad 1kg",
        "price": 7.5,
        "unitPrice": "$7.50 / 1KG"
    },
    {
        "category": "fruit-veg",
        "href": "https://www.woolworths.com.au/shop/productdetails/640551/fruit-melon-mix",
        "imgName": "640551.jpg",
        "imgSrc": "https://cdn0.woolworths.media/content/wowproductimages/medium/640551.jpg",
        "name": "Fruit Melon Mix  220g",
        "price": 3.5,
        "unitPrice": "$15.91 / 1KG"
    },
    {
        "category": "fruit-veg",
        "href": "https://www.woolworths.com.au/shop/productdetails/583615/woolworths-simply-roast-roasting-veg-with-garlic-and-rosemary",
        "imgName": "583615.jpg",
        "imgSrc": "https://cdn0.woolworths.media/content/wowproductimages/medium/583615.jpg",
        "name": "Woolworths Simply Roast Roasting Veg With Garlic And Rosemary 500g",
        "price": 4.5,
        "unitPrice": "$9.00 / 1KG"
    },
    {
        "category": "fruit-veg",
        "href": "https://www.woolworths.com.au/shop/productdetails/662777/woolworths-classic-coleslaw",
        "imgName": "662777.jpg",
        "imgSrc": "https://cdn0.woolworths.media/content/wowproductimages/medium/662777.jpg",
        "name": "Woolworths Classic Coleslaw  1kg",
        "price": 7.5,
        "unitPrice": "$7.50 / 1KG"
    },
    {
        "category": "fruit-veg",
        "href": "https://www.woolworths.com.au/shop/productdetails/325130/gourmet-garden-paste-thai",
        "imgName": "325130.jpg",
        "imgSrc": "https://cdn0.woolworths.media/content/wowproductimages/medium/325130.jpg",
        "name": "Gourmet Garden Paste Thai 80g tube",
        "price": 3.5,
        "unitPrice": "$4.38 / 100G"
    },
    {
        "category": "fruit-veg",
        "href": "https://www.woolworths.com.au/shop/productdetails/169160/woolworths-caesar-salad",
        "imgName": "169160.jpg",
        "imgSrc": "https://cdn0.woolworths.media/content/wowproductimages/medium/169160.jpg",
        "name": "Woolworths Caesar Salad 250g tub"
    },
    {
        "category": "fruit-veg",
        "href": "https://www.woolworths.com.au/shop/productdetails/149620/tomato-cherry-red",
        "imgName": "149620.jpg",
        "imgSrc": "https://cdn0.woolworths.media/content/wowproductimages/medium/149620.jpg",
        "name": "Tomato Cherry Red  250g punnet",
        "price": 3,
        "unitPrice": "$12.00 / 1KG"
    },
    {
        "category": "fruit-veg",
        "href": "https://www.woolworths.com.au/shop/productdetails/170127/cabbage-chinese-wombok",
        "imgName": "170127.jpg",
        "imgSrc": "https://cdn0.woolworths.media/content/wowproductimages/medium/170127.jpg",
        "name": "Cabbage Chinese Wombok  whole each",
        "price": 6.9,
        "unitPrice": "$6.90 / 1EA"
    },
    {
        "category": "fruit-veg",
        "href": "https://www.woolworths.com.au/shop/productdetails/220202/capsicum-mini-vine-sweet",
        "imgName": "220202.jpg",
        "imgSrc": "https://cdn0.woolworths.media/content/wowproductimages/medium/220202.jpg",
        "name": "Capsicum Mini Vine Sweet  175g punnet",
        "price": 4,
        "unitPrice": "$22.86 / 1KG"
    },
    {
        "category": "fruit-veg",
        "href": "https://www.woolworths.com.au/shop/productdetails/136691/broccoli-chinese",
        "imgName": "136691.jpg",
        "imgSrc": "https://cdn0.woolworths.media/content/wowproductimages/medium/136691.jpg",
        "name": "Broccoli Chinese  bunch",
        "price": 2.5
    },
    {
        "category": "fruit-veg",
        "href": "https://www.woolworths.com.au/shop/productdetails/137546/eggplant-fresh",
        "imgName": "137546.jpg",
        "imgSrc": "https://cdn0.woolworths.media/content/wowproductimages/medium/137546.jpg",
        "name": "Eggplant Fresh  each",
        "price": 2.67,
        "unitPrice": "$8.90 / 1KG"
    },
    {
        "category": "fruit-veg",
        "href": "https://www.woolworths.com.au/shop/productdetails/145457/potato-kipfler-brushed",
        "imgName": "145457.jpg",
        "imgSrc": "https://cdn0.woolworths.media/content/wowproductimages/medium/145457.jpg",
        "name": "Potato Kipfler Brushed  per kg",
        "price": 8,
        "unitPrice": "$8.00 / 1KG"
    },
    {
        "category": "fruit-veg",
        "href": "https://www.woolworths.com.au/shop/productdetails/245902/lime-fresh",
        "imgName": "245902.jpg",
        "imgSrc": "https://cdn0.woolworths.media/content/wowproductimages/medium/245902.jpg",
        "name": "Lime Fresh  each",
        "price": 0.63,
        "unitPrice": "$7.90 / 1KG"
    },
    {
        "category": "fruit-veg",
        "href": "https://www.woolworths.com.au/shop/productdetails/768669/fresh-berry-farm-berry-sauce-boysenberry",
        "imgName": "768669.jpg",
        "imgSrc": "https://cdn0.woolworths.media/content/wowproductimages/medium/768669.jpg",
        "name": "Fresh Berry Farm Berry Sauce Boysenberry 200g tub",
        "price": 3.9,
        "unitPrice": "$19.50 / 1KG"
    },
    {
        "category": "fruit-veg",
        "href": "https://www.woolworths.com.au/shop/productdetails/189459/onion-shallot-french",
        "imgName": "189459.jpg",
        "imgSrc": "https://cdn0.woolworths.media/content/wowproductimages/medium/189459.jpg",
        "name": "Onion Shallot French  each",
        "price": 0.65,
        "unitPrice": "$1.30 / 100G"
    },
    {
        "category": "fruit-veg",
        "href": "https://www.woolworths.com.au/shop/productdetails/663683/the-salad-servers-fetta-dill-casarecce-salad",
        "imgName": "663683.jpg",
        "imgSrc": "https://cdn0.woolworths.media/content/wowproductimages/medium/663683.jpg",
        "name": "The Salad Servers Fetta & Dill Casarecce Salad 900g",
        "price": 11,
        "unitPrice": "$1.22 / 100G"
    },
    {
        "category": "fruit-veg",
        "href": "https://www.woolworths.com.au/shop/productdetails/364557/avofresh-soft-avocado-chilli-garlic-coriander",
        "imgName": "364557.jpg",
        "imgSrc": "https://cdn0.woolworths.media/content/wowproductimages/medium/364557.jpg",
        "name": "Avofresh Soft Avocado Chilli Garlic & Coriander 160g tube",
        "price": 5.5,
        "unitPrice": "$3.44 / 100G"
    },
    {
        "category": "fruit-veg",
        "href": "https://www.woolworths.com.au/shop/productdetails/114177/sprouts-crunch-combo",
        "imgName": "114177.jpg",
        "imgSrc": "https://cdn0.woolworths.media/content/wowproductimages/medium/114177.jpg",
        "name": "Sprouts Crunch Combo  200g punnet",
        "price": 2.2,
        "unitPrice": "$11.00 / 1KG"
    },
    {
        "category": "fruit-veg",
        "href": "https://www.woolworths.com.au/shop/productdetails/134072/beans-round",
        "imgName": "134072.jpg",
        "imgSrc": "https://cdn0.woolworths.media/content/wowproductimages/medium/134072.jpg",
        "name": "Beans Round  per kg",
        "price": 4.5,
        "unitPrice": "$4.50 / 1KG"
    },
    {
        "category": "fruit-veg",
        "href": "https://www.woolworths.com.au/shop/productdetails/713429/garlic-australian",
        "imgName": "713429.jpg",
        "imgSrc": "https://cdn0.woolworths.media/content/wowproductimages/medium/713429.jpg",
        "name": "Garlic Australian  each",
        "price": 0.72,
        "unitPrice": "$19.90 / 1KG"
    },
    {
        "category": "fruit-veg",
        "href": "https://www.woolworths.com.au/shop/productdetails/732652/lemon-fresh",
        "imgName": "732652.jpg",
        "imgSrc": "https://cdn0.woolworths.media/content/wowproductimages/medium/732652.jpg",
        "name": "Lemon Fresh  500g pack",
        "price": 4.5,
        "unitPrice": "$9.00 / 1KG"
    },
    {
        "category": "fruit-veg",
        "href": "https://www.woolworths.com.au/shop/productdetails/748351/lemon-lime-bag",
        "imgName": "748351.jpg",
        "imgSrc": "https://cdn0.woolworths.media/content/wowproductimages/medium/748351.jpg",
        "name": "Lemon & Lime Bag  6pk",
        "price": 4.9,
        "unitPrice": "$0.82 / 1EA"
    },
    {
        "category": "fruit-veg",
        "href": "https://www.woolworths.com.au/shop/productdetails/262783/potato-white-washed",
        "imgName": "262783.jpg",
        "imgSrc": "https://cdn0.woolworths.media/content/wowproductimages/medium/262783.jpg",
        "name": "Potato White Washed  2kg bag",
        "price": 7,
        "unitPrice": "$3.50 / 1KG"
    },
    {
        "category": "fruit-veg",
        "href": "https://www.woolworths.com.au/shop/productdetails/124831/potato-brushed",
        "imgName": "124831.jpg",
        "imgSrc": "https://cdn0.woolworths.media/content/wowproductimages/medium/124831.jpg",
        "name": "Potato Brushed  4kg bag",
        "price": 8,
        "unitPrice": "$2.00 / 1KG"
    },
    {
        "category": "fruit-veg",
        "href": "https://www.woolworths.com.au/shop/productdetails/830354/lime-the-odd-bunch",
        "imgName": "830354.jpg",
        "imgSrc": "https://cdn0.woolworths.media/content/wowproductimages/medium/830354.jpg",
        "name": "Lime The Odd Bunch  500g punnet",
        "price": 2.9,
        "unitPrice": "$5.80 / 1KG"
    },
    {
        "category": "fruit-veg",
        "href": "https://www.woolworths.com.au/shop/productdetails/124751/onion-red",
        "imgName": "124751.jpg",
        "imgSrc": "https://cdn0.woolworths.media/content/wowproductimages/medium/124751.jpg",
        "name": "Onion Red  1kg bag",
        "price": 3
    },
    {
        "category": "fruit-veg",
        "href": "https://www.woolworths.com.au/shop/productdetails/136979/choy-sum-asian-greens",
        "imgName": "136979.jpg",
        "imgSrc": "https://cdn0.woolworths.media/content/wowproductimages/medium/136979.jpg",
        "name": "Choy Sum Asian Greens  each",
        "price": 2.5,
        "unitPrice": "$2.50 / 1EA"
    },
    {
        "category": "fruit-veg",
        "href": "https://www.woolworths.com.au/shop/productdetails/141336/lychee-fresh",
        "imgName": "141336.jpg",
        "imgSrc": "https://cdn0.woolworths.media/content/wowproductimages/medium/141336.jpg",
        "name": "Lychee Fresh  per kg",
        "price": 14.9,
        "unitPrice": "$14.90 / 1KG"
    },
    {
        "category": "fruit-veg",
        "href": "https://www.woolworths.com.au/shop/productdetails/147346/rhubarb-fresh",
        "imgName": "147346.jpg",
        "imgSrc": "https://cdn0.woolworths.media/content/wowproductimages/medium/147346.jpg",
        "name": "Rhubarb Fresh  bunch",
        "price": 5,
        "unitPrice": "$5.00 / 1EA"
    },
    {
        "category": "fruit-veg",
        "href": "https://www.woolworths.com.au/shop/productdetails/147947/sprouts-alfalfa",
        "imgName": "147947.jpg",
        "imgSrc": "https://cdn0.woolworths.media/content/wowproductimages/medium/147947.jpg",
        "name": "Sprouts Alfalfa  125g punnet",
        "price": 2.2,
        "unitPrice": "$17.60 / 1KG"
    },
    {
        "category": "fruit-veg",
        "href": "https://www.woolworths.com.au/shop/productdetails/147981/mushrooms-sliced",
        "imgName": "147981.jpg",
        "imgSrc": "https://cdn0.woolworths.media/content/wowproductimages/medium/147981.jpg",
        "name": "Mushrooms Sliced  200g punnet",
        "price": 4,
        "unitPrice": "$20.00 / 1KG"
    },
    {
        "category": "fruit-veg",
        "href": "https://www.woolworths.com.au/shop/productdetails/149358/swedes-fresh",
        "imgName": "149358.jpg",
        "imgSrc": "https://cdn0.woolworths.media/content/wowproductimages/medium/149358.jpg",
        "name": "Swedes Fresh  each",
        "price": 1.32,
        "unitPrice": "$4.00 / 1KG"
    },
    {
        "category": "fruit-veg",
        "href": "https://www.woolworths.com.au/shop/productdetails/154992/choy-sum-baby-asian-greens",
        "imgName": "154992.jpg",
        "imgSrc": "https://cdn0.woolworths.media/content/wowproductimages/medium/154992.jpg",
        "name": "Choy Sum Baby Asian Greens  each",
        "price": 2.5,
        "unitPrice": "$2.50 / 1EA"
    },
    {
        "category": "fruit-veg",
        "href": "https://www.woolworths.com.au/shop/productdetails/179994/mushrooms-oyster",
        "imgName": "179994.jpg",
        "imgSrc": "https://cdn0.woolworths.media/content/wowproductimages/medium/179994.jpg",
        "name": "Mushrooms Oyster  150g punnet"
    },
    {
        "category": "fruit-veg",
        "href": "https://www.woolworths.com.au/shop/productdetails/185785/nectarine-white-flesh",
        "imgName": "185785.jpg",
        "imgSrc": "https://cdn0.woolworths.media/content/wowproductimages/medium/185785.jpg",
        "name": "Nectarine White Flesh  each",
        "price": 0.4,
        "unitPrice": "$2.50 / 1KG"
    },
    {
        "category": "fruit-veg",
        "href": "https://www.woolworths.com.au/shop/productdetails/187314/broccolini-bunch",
        "imgName": "187314.jpg",
        "imgSrc": "https://cdn0.woolworths.media/content/wowproductimages/medium/187314.jpg",
        "name": "Broccolini Bunch  each",
        "price": 3,
        "unitPrice": "$3.00 / 1EA"
    },
    {
        "category": "fruit-veg",
        "href": "https://www.woolworths.com.au/shop/productdetails/315670/woolworths-fine-cut-coleslaw",
        "imgName": "315670.jpg",
        "imgSrc": "https://cdn0.woolworths.media/content/wowproductimages/medium/315670.jpg",
        "name": "Woolworths Fine Cut Coleslaw 300g",
        "price": 3,
        "unitPrice": "$10.00 / 1KG"
    },
    {
        "category": "fruit-veg",
        "href": "https://www.woolworths.com.au/shop/productdetails/447258/woolworths-simply-salad-crunchy-powergreens-kale-leaf-spinach",
        "imgName": "447258.jpg",
        "imgSrc": "https://cdn0.woolworths.media/content/wowproductimages/medium/447258.jpg",
        "name": "Woolworths Simply Salad Crunchy Powergreens Kale Leaf & Spinach 150g",
        "price": 3,
        "unitPrice": "$20.00 / 1KG"
    },
    {
        "category": "fruit-veg",
        "href": "https://www.woolworths.com.au/shop/productdetails/447755/woolworths-mixed-leaf-iceberg-lettuce-blend",
        "imgName": "447755.jpg",
        "imgSrc": "https://cdn0.woolworths.media/content/wowproductimages/medium/447755.jpg",
        "name": "Woolworths Mixed Leaf Iceberg Lettuce Blend 300g",
        "price": 3,
        "unitPrice": "$10.00 / 1KG"
    },
    {
        "category": "fruit-veg",
        "href": "https://www.woolworths.com.au/shop/productdetails/531041/woolworths-classic-coleslaw",
        "imgName": "531041.jpg",
        "imgSrc": "https://cdn0.woolworths.media/content/wowproductimages/medium/531041.jpg",
        "name": "Woolworths Classic Coleslaw  200g",
        "price": 2,
        "unitPrice": "$10.00 / 1KG"
    },
    {
        "category": "fruit-veg",
        "href": "https://www.woolworths.com.au/shop/productdetails/670963/apricot-honeycot",
        "imgName": "default.png",
        "imgSrc": "https://cdn0.woolworths.media/content/wowproductimages/large/default.png",
        "name": "Apricot Honeycot  each",
        "price": 1.04,
        "unitPrice": "$6.50 / 1KG"
    },
    {
        "category": "fruit-veg",
        "href": "https://www.woolworths.com.au/shop/productdetails/714823/woolworths-leafy-mix",
        "imgName": "714823.jpg",
        "imgSrc": "https://cdn0.woolworths.media/content/wowproductimages/medium/714823.jpg",
        "name": "Woolworths Leafy Mix  200g",
        "price": 3,
        "unitPrice": "$15.00 / 1KG"
    },
    {
        "category": "fruit-veg",
        "href": "https://www.woolworths.com.au/shop/productdetails/760674/woolworths-greek-salad",
        "imgName": "760674.jpg",
        "imgSrc": "https://cdn0.woolworths.media/content/wowproductimages/medium/760674.jpg",
        "name": "Woolworths Greek Salad  150g bowl",
        "price": 5.5,
        "unitPrice": "$36.67 / 1KG"
    },
    {
        "category": "fruit-veg",
        "href": "https://www.woolworths.com.au/shop/productdetails/824508/carrot-the-odd-bunch",
        "imgName": "824508.jpg",
        "imgSrc": "https://cdn0.woolworths.media/content/wowproductimages/medium/824508.jpg",
        "name": "Carrot The Odd Bunch  1kg",
        "price": 1.3,
        "unitPrice": "$1.30 / 1KG"
    },
    {
        "category": "fruit-veg",
        "href": "https://www.woolworths.com.au/shop/productdetails/827628/woolworths-leafy-mix",
        "imgName": "827628.jpg",
        "imgSrc": "https://cdn0.woolworths.media/content/wowproductimages/medium/827628.jpg",
        "name": "Woolworths Leafy Mix  120g",
        "price": 2,
        "unitPrice": "$16.67 / 1KG"
    },
    {
        "category": "fruit-veg",
        "href": "https://www.woolworths.com.au/shop/productdetails/921142/just-veg-carrot-shred",
        "imgName": "921142.jpg",
        "imgSrc": "https://cdn0.woolworths.media/content/wowproductimages/medium/921142.jpg",
        "name": "Just Veg. Carrot Shred  300g bag",
        "price": 3,
        "unitPrice": "$10.00 / 1KG"
    },
    {
        "category": "fruit-veg",
        "href": "https://www.woolworths.com.au/shop/productdetails/120044/apple-fuji",
        "imgName": "120044.jpg",
        "imgSrc": "https://cdn0.woolworths.media/content/wowproductimages/medium/120044.jpg",
        "name": "Apple Fuji  each",
        "price": 1.03,
        "unitPrice": "$5.90 / 1KG"
    },
    {
        "category": "fruit-veg",
        "href": "https://www.woolworths.com.au/shop/productdetails/126772/chilli-jalapeno-hot",
        "imgName": "126772.jpg",
        "imgSrc": "https://cdn0.woolworths.media/content/wowproductimages/medium/126772.jpg",
        "name": "Chilli Jalapeno Hot each",
        "price": 1.6,
        "unitPrice": "$16.00 / 1KG"
    },
    {
        "category": "fruit-veg",
        "href": "https://www.woolworths.com.au/shop/productdetails/148978/squash-button-gold",
        "imgName": "148978.jpg",
        "imgSrc": "https://cdn0.woolworths.media/content/wowproductimages/medium/148978.jpg",
        "name": "Squash Button Gold  min. 500g",
        "price": 5.45,
        "unitPrice": "$10.90 / 1KG"
    },
    {
        "category": "fruit-veg",
        "href": "https://www.woolworths.com.au/shop/productdetails/168276/corn-sweet-baby",
        "imgName": "168276.jpg",
        "imgSrc": "https://cdn0.woolworths.media/content/wowproductimages/medium/168276.jpg",
        "name": "Corn Sweet Baby  125g punnet",
        "price": 5,
        "unitPrice": "$40.00 / 1KG"
    },
    {
        "category": "fruit-veg",
        "href": "https://www.woolworths.com.au/shop/productdetails/364558/avofresh-chunky-avocado-hint-of-lemon",
        "imgName": "364558.jpg",
        "imgSrc": "https://cdn0.woolworths.media/content/wowproductimages/medium/364558.jpg",
        "name": "Avofresh Chunky Avocado Hint Of Lemon 160g tub",
        "price": 5.5,
        "unitPrice": "$3.44 / 100G"
    },
    {
        "category": "fruit-veg",
        "href": "https://www.woolworths.com.au/shop/productdetails/364554/avofresh-soft-avocado-hint-of-lemon",
        "imgName": "364554.jpg",
        "imgSrc": "https://cdn0.woolworths.media/content/wowproductimages/medium/364554.jpg",
        "name": "Avofresh Soft Avocado Hint Of Lemon 160g tube",
        "price": 5.5,
        "unitPrice": "$3.44 / 100G"
    },
    {
        "category": "fruit-veg",
        "href": "https://www.woolworths.com.au/shop/productdetails/663700/the-salad-servers-mexican-quinoa-bean-salad",
        "imgName": "663700.jpg",
        "imgSrc": "https://cdn0.woolworths.media/content/wowproductimages/medium/663700.jpg",
        "name": "The Salad Servers Mexican Quinoa & Bean Salad 900g",
        "price": 11,
        "unitPrice": "$1.22 / 100G"
    },
    {
        "category": "fruit-veg",
        "href": "https://www.woolworths.com.au/shop/productdetails/707367/thyme-fresh-herb",
        "imgName": "707367.jpg",
        "imgSrc": "https://cdn0.woolworths.media/content/wowproductimages/medium/707367.jpg",
        "name": "Thyme Fresh Herb  10g punnet",
        "price": 2.9,
        "unitPrice": "$2.90 / 10G"
    },
    {
        "category": "fruit-veg",
        "href": "https://www.woolworths.com.au/shop/productdetails/768744/fresh-berry-farm-berry-sauce-blackcurrant",
        "imgName": "768744.jpg",
        "imgSrc": "https://cdn0.woolworths.media/content/wowproductimages/medium/768744.jpg",
        "name": "Fresh Berry Farm Berry Sauce Blackcurrant 200g tub",
        "price": 3.9,
        "unitPrice": "$19.50 / 1KG"
    },
    {
        "category": "fruit-veg",
        "href": "https://www.woolworths.com.au/shop/productdetails/768670/fresh-berry-farm-berry-sauce-raspberry",
        "imgName": "768670.jpg",
        "imgSrc": "https://cdn0.woolworths.media/content/wowproductimages/medium/768670.jpg",
        "name": "Fresh Berry Farm Berry Sauce Raspberry 200g tub",
        "price": 3.9,
        "unitPrice": "$19.50 / 1KG"
    },
    {
        "category": "fruit-veg",
        "href": "https://www.woolworths.com.au/shop/productdetails/875855/chilli-green-cayenne",
        "imgName": "875855.jpg",
        "imgSrc": "https://cdn0.woolworths.media/content/wowproductimages/medium/875855.jpg",
        "name": "Chilli Green Cayenne  50g punnet",
        "price": 3,
        "unitPrice": "$6.00 / 100G"
    },
    {
        "category": "fruit-veg",
        "href": "https://www.woolworths.com.au/shop/productdetails/839928/plum-the-odd-bunch",
        "imgName": "839928.jpg",
        "imgSrc": "https://cdn0.woolworths.media/content/wowproductimages/medium/839928.jpg",
        "name": "Plum The Odd Bunch  750g punnet",
        "price": 3.5,
        "unitPrice": "$4.67 / 1KG"
    },
    {
        "category": "fruit-veg",
        "href": "https://www.woolworths.com.au/shop/productdetails/584920/greek-salad-salad-tub",
        "imgName": "584920.jpg",
        "imgSrc": "https://cdn0.woolworths.media/content/wowproductimages/medium/584920.jpg",
        "name": "Greek Salad Salad Tub  250g",
        "price": 6,
        "unitPrice": "$24.00 / 1KG"
    },
    {
        "category": "fruit-veg",
        "href": "https://www.woolworths.com.au/shop/productdetails/640560/fruit-rockmelon-pineapple",
        "imgName": "640560.jpg",
        "imgSrc": "https://cdn0.woolworths.media/content/wowproductimages/medium/640560.jpg",
        "name": "Fruit Rockmelon Pineapple  220g",
        "price": 3.5,
        "unitPrice": "$15.91 / 1KG"
    },
    {
        "category": "fruit-veg",
        "href": "https://www.woolworths.com.au/shop/productdetails/147199/pumpkin-jarrahdale-grey-cut",
        "imgName": "147199.jpg",
        "imgSrc": "https://cdn0.woolworths.media/content/wowproductimages/medium/147199.jpg",
        "name": "Pumpkin Jarrahdale Grey Cut  min. 1kg",
        "price": 3,
        "unitPrice": "$3.00 / 1KG"
    },
    {
        "category": "fruit-veg",
        "href": "https://www.woolworths.com.au/shop/productdetails/840761/sweet-potato-purple-prepack",
        "imgName": "840761.jpg",
        "imgSrc": "https://cdn0.woolworths.media/content/wowproductimages/medium/840761.jpg",
        "name": "Sweet Potato Purple Prepack 450g",
        "price": 3.5,
        "unitPrice": "$7.78 / 1KG"
    },
    {
        "category": "fruit-veg",
        "href": "https://www.woolworths.com.au/shop/productdetails/314947/garlic-imported",
        "imgName": "314947.jpg",
        "imgSrc": "https://cdn0.woolworths.media/content/wowproductimages/medium/314947.jpg",
        "name": "Garlic Imported  each",
        "price": 0.72,
        "unitPrice": "$1.99 / 100G"
    },
    {
        "category": "fruit-veg",
        "href": "https://www.woolworths.com.au/shop/productdetails/144795/passionfruit-fresh",
        "imgName": "144795.jpg",
        "imgSrc": "https://cdn0.woolworths.media/content/wowproductimages/medium/144795.jpg",
        "name": "Passionfruit Fresh  each",
        "price": 1.5,
        "unitPrice": "$1.50 / 1EA"
    },
    {
        "category": "fruit-veg",
        "href": "https://www.woolworths.com.au/shop/productdetails/139645/leek-fresh",
        "imgName": "139645.jpg",
        "imgSrc": "https://cdn0.woolworths.media/content/wowproductimages/medium/139645.jpg",
        "name": "Leek Fresh  each",
        "price": 2.2
    },
    {
        "category": "fruit-veg",
        "href": "https://www.woolworths.com.au/shop/productdetails/105931/fresh-onion-white-globe",
        "imgName": "105931.jpg",
        "imgSrc": "https://cdn0.woolworths.media/content/wowproductimages/medium/105931.jpg",
        "name": "Fresh Onion White Globe each",
        "price": 5
    },
    {
        "category": "fruit-veg",
        "href": "https://www.woolworths.com.au/shop/productdetails/769063/potato-dutch-cream-organic",
        "imgName": "769063.jpg",
        "imgSrc": "https://cdn0.woolworths.media/content/wowproductimages/medium/769063.jpg",
        "name": "Potato Dutch Cream Organic  1kg punnet",
        "price": 4.9,
        "unitPrice": "$4.90 / 1KG"
    },
    {
        "category": "fruit-veg",
        "href": "https://www.woolworths.com.au/shop/productdetails/163783/peas-sugar-snap",
        "imgName": "163783.jpg",
        "imgSrc": "https://cdn0.woolworths.media/content/wowproductimages/medium/163783.jpg",
        "name": "Peas Sugar Snap  150g bag"
    },
    {
        "category": "fruit-veg",
        "href": "https://www.woolworths.com.au/shop/productdetails/823690/lettuce-gem",
        "imgName": "823690.jpg",
        "imgSrc": "https://cdn0.woolworths.media/content/wowproductimages/medium/823690.jpg",
        "name": "Lettuce Gem  2pk"
    },
    {
        "category": "fruit-veg",
        "href": "https://www.woolworths.com.au/shop/productdetails/147071/potato-sweet-gold",
        "imgName": "147071.jpg",
        "imgSrc": "https://cdn0.woolworths.media/content/wowproductimages/medium/147071.jpg",
        "name": "Potato Sweet Gold  per kg",
        "price": 5,
        "unitPrice": "$5.00 / 1KG"
    },
    {
        "category": "fruit-veg",
        "href": "https://www.woolworths.com.au/shop/productdetails/781403/gourmet-garden-lightly-dried-parsley",
        "imgName": "781403.jpg",
        "imgSrc": "https://cdn0.woolworths.media/content/wowproductimages/medium/781403.jpg",
        "name": "Gourmet Garden Lightly Dried Parsley 8g sachet",
        "price": 3.5,
        "unitPrice": "$4.38 / 10G"
    },
    {
        "category": "fruit-veg",
        "href": "https://www.woolworths.com.au/shop/productdetails/185240/galiko-all-natural-chilli-minced-jar",
        "imgName": "185240.jpg",
        "imgSrc": "https://cdn0.woolworths.media/content/wowproductimages/medium/185240.jpg",
        "name": "Galiko All Natural Chilli Minced Jar 145g",
        "price": 3,
        "unitPrice": "$2.07 / 100G"
    },
    {
        "category": "fruit-veg",
        "href": "https://www.woolworths.com.au/shop/productdetails/185242/galiko-all-natural-ginger-minced-jar",
        "imgName": "185242.jpg",
        "imgSrc": "https://cdn0.woolworths.media/content/wowproductimages/medium/185242.jpg",
        "name": "Galiko All Natural Ginger Minced Jar 145g",
        "price": 3,
        "unitPrice": "$2.07 / 100G"
    },
    {
        "category": "fruit-veg",
        "href": "https://www.woolworths.com.au/shop/productdetails/325118/gourmet-garden-paste-mediterranean",
        "imgName": "325118.jpg",
        "imgSrc": "https://cdn0.woolworths.media/content/wowproductimages/medium/325118.jpg",
        "name": "Gourmet Garden Paste Mediterranean 80g tube",
        "price": 3.5,
        "unitPrice": "$4.38 / 100G"
    },
    {
        "category": "fruit-veg",
        "href": "https://www.woolworths.com.au/shop/productdetails/139330/carrot-juicing",
        "imgName": "139330.jpg",
        "imgSrc": "https://cdn0.woolworths.media/content/wowproductimages/medium/139330.jpg",
        "name": "Carrot Juicing  5kg punnet",
        "price": 6,
        "unitPrice": "$1.20 / 1KG"
    },
    {
        "category": "fruit-veg",
        "href": "https://www.woolworths.com.au/shop/productdetails/139344/grape-red-globe",
        "imgName": "139344.jpg",
        "imgSrc": "https://cdn0.woolworths.media/content/wowproductimages/medium/139344.jpg",
        "name": "Grape Red Globe  1kg bunch",
        "price": 6.9,
        "unitPrice": "$6.90 / 1KG"
    },
    {
        "category": "fruit-veg",
        "href": "https://www.woolworths.com.au/shop/productdetails/143311/mushrooms-shiitake",
        "imgName": "143311.jpg",
        "imgSrc": "https://cdn0.woolworths.media/content/wowproductimages/medium/143311.jpg",
        "name": "Mushrooms Shiitake  100g punnet",
        "price": 5,
        "unitPrice": "$50.00 / 1KG"
    },
    {
        "category": "fruit-veg",
        "href": "https://www.woolworths.com.au/shop/productdetails/144784/parsley-fresh",
        "imgName": "144784.jpg",
        "imgSrc": "https://cdn0.woolworths.media/content/wowproductimages/medium/144784.jpg",
        "name": "Parsley Fresh  bunch",
        "price": 3,
        "unitPrice": "$3.00 / 1EA"
    },
    {
        "category": "fruit-veg",
        "href": "https://www.woolworths.com.au/shop/productdetails/147319/radish-fresh",
        "imgName": "147319.jpg",
        "imgSrc": "https://cdn0.woolworths.media/content/wowproductimages/medium/147319.jpg",
        "name": "Radish Fresh  bunch",
        "price": 2.9
    },
    {
        "category": "fruit-veg",
        "href": "https://www.woolworths.com.au/shop/productdetails/169067/cucumber-lebanese-mini-punnet",
        "imgName": "169067.jpg",
        "imgSrc": "https://cdn0.woolworths.media/content/wowproductimages/medium/169067.jpg",
        "name": "Cucumber Lebanese Mini Punnet each",
        "price": 4.2,
        "unitPrice": "$16.80 / 1KG"
    },
    {
        "category": "fruit-veg",
        "href": "https://www.woolworths.com.au/shop/productdetails/224918/woolworths-simply-steam-potato-baby-herb-butter",
        "imgName": "224918.jpg",
        "imgSrc": "https://cdn0.woolworths.media/content/wowproductimages/medium/224918.jpg",
        "name": "Woolworths Simply Steam Potato Baby Herb & Butter 400g",
        "price": 5,
        "unitPrice": "$12.50 / 1KG"
    },
    {
        "category": "fruit-veg",
        "href": "https://www.woolworths.com.au/shop/productdetails/233567/woolworths-four-seasons-coleslaw",
        "imgName": "233567.jpg",
        "imgSrc": "https://cdn0.woolworths.media/content/wowproductimages/medium/233567.jpg",
        "name": "Woolworths Four Seasons Coleslaw 400g"
    },
    {
        "category": "fruit-veg",
        "href": "https://www.woolworths.com.au/shop/productdetails/317566/woolworths-baby-leaf-salad-with-beetroot",
        "imgName": "317566.jpg",
        "imgSrc": "https://cdn0.woolworths.media/content/wowproductimages/medium/317566.jpg",
        "name": "Woolworths Baby Leaf Salad With Beetroot 180g bag"
    },
    {
        "category": "fruit-veg",
        "href": "https://www.woolworths.com.au/shop/productdetails/379515/woolworths-baby-spinach-salad",
        "imgName": "379515.jpg",
        "imgSrc": "https://cdn0.woolworths.media/content/wowproductimages/medium/379515.jpg",
        "name": "Woolworths Baby Spinach Salad  60g bag",
        "price": 2,
        "unitPrice": "$33.33 / 1KG"
    },
    {
        "category": "fruit-veg",
        "href": "https://www.woolworths.com.au/shop/productdetails/380338/kale-fresh",
        "imgName": "380338.jpg",
        "imgSrc": "https://cdn0.woolworths.media/content/wowproductimages/medium/380338.jpg",
        "name": "Kale Fresh  bunch",
        "price": 4,
        "unitPrice": "$4.00 / 1EA"
    },
    {
        "category": "fruit-veg",
        "href": "https://www.woolworths.com.au/shop/productdetails/447762/woolworths-salad-baby-leaf",
        "imgName": "447762.jpg",
        "imgSrc": "https://cdn0.woolworths.media/content/wowproductimages/medium/447762.jpg",
        "name": "Woolworths Salad Baby Leaf 300g",
        "price": 5,
        "unitPrice": "$16.67 / 1KG"
    },
    {
        "category": "fruit-veg",
        "href": "https://www.woolworths.com.au/shop/productdetails/515644/woolworths-pineapple",
        "imgName": "515644.jpg",
        "imgSrc": "https://cdn0.woolworths.media/content/wowproductimages/medium/515644.jpg",
        "name": "Woolworths Pineapple  220g"
    },
    {
        "category": "fruit-veg",
        "href": "https://www.woolworths.com.au/shop/productdetails/524322/woolworths-baby-leaf-spinach",
        "imgName": "524322.jpg",
        "imgSrc": "https://cdn0.woolworths.media/content/wowproductimages/medium/524322.jpg",
        "name": "Woolworths Baby Leaf Spinach  120g",
        "price": 3,
        "unitPrice": "$25.00 / 1KG"
    },
    {
        "category": "fruit-veg",
        "href": "https://www.woolworths.com.au/shop/productdetails/640554/woolworths-mango-melon-pineapple-fingers",
        "imgName": "640554.jpg",
        "imgSrc": "https://cdn0.woolworths.media/content/wowproductimages/medium/640554.jpg",
        "name": "Woolworths Mango Melon & Pineapple Fingers 240g",
        "price": 5.5,
        "unitPrice": "$22.92 / 1KG"
    },
    {
        "category": "fruit-veg",
        "href": "https://www.woolworths.com.au/shop/productdetails/648989/fresh-food-kids-mini-bananas",
        "imgName": "648989.jpg",
        "imgSrc": "https://cdn0.woolworths.media/content/wowproductimages/medium/648989.jpg",
        "name": "Fresh Food Kids Mini Bananas  5 pack",
        "price": 2.5,
        "unitPrice": "$0.50 / 1EA"
    },
    {
        "category": "fruit-veg",
        "href": "https://www.woolworths.com.au/shop/productdetails/707369/sage-fresh-herb",
        "imgName": "707369.jpg",
        "imgSrc": "https://cdn0.woolworths.media/content/wowproductimages/medium/707369.jpg",
        "name": "Sage Fresh Herb  10g punnet"
    },
    {
        "category": "fruit-veg",
        "href": "https://www.woolworths.com.au/shop/productdetails/760835/woolworths-asian-salad-with-crunchy-noodles",
        "imgName": "760835.jpg",
        "imgSrc": "https://cdn0.woolworths.media/content/wowproductimages/medium/760835.jpg",
        "name": "Woolworths Asian Salad With Crunchy Noodles 150g bowl",
        "price": 5,
        "unitPrice": "$41.67 / 1KG"
    },
    {
        "category": "fruit-veg",
        "href": "https://www.woolworths.com.au/shop/productdetails/772786/kale-organic",
        "imgName": "772786.jpg",
        "imgSrc": "https://cdn0.woolworths.media/content/wowproductimages/medium/772786.jpg",
        "name": "Kale Organic  each",
        "price": 4.9
    },
    {
        "category": "fruit-veg",
        "href": "https://www.woolworths.com.au/shop/productdetails/800774/pear-the-odd-bunch",
        "imgName": "800774.jpg",
        "imgSrc": "https://cdn0.woolworths.media/content/wowproductimages/medium/800774.jpg",
        "name": "Pear The Odd Bunch  1kg prepack",
        "price": 2.3,
        "unitPrice": "$2.30 / 1KG"
    },
    {
        "category": "fruit-veg",
        "href": "https://www.woolworths.com.au/shop/productdetails/825891/tomato-the-odd-bunch",
        "imgName": "825891.jpg",
        "imgSrc": "https://cdn0.woolworths.media/content/wowproductimages/medium/825891.jpg",
        "name": "Tomato The Odd Bunch  1kg prepack",
        "price": 5.5,
        "unitPrice": "$5.50 / 1KG"
    },
    {
        "category": "fruit-veg",
        "href": "https://www.woolworths.com.au/shop/productdetails/921080/just-veg-carrot-sticks",
        "imgName": "921080.jpg",
        "imgSrc": "https://cdn0.woolworths.media/content/wowproductimages/medium/921080.jpg",
        "name": "Just Veg. Carrot Sticks  300g bag",
        "price": 3,
        "unitPrice": "$10.00 / 1KG"
    },
    {
        "category": "fruit-veg",
        "href": "https://www.woolworths.com.au/shop/productdetails/136510/chilli-red",
        "imgName": "136510.jpg",
        "imgSrc": "https://cdn0.woolworths.media/content/wowproductimages/medium/136510.jpg",
        "name": "Chilli Red  each",
        "price": 0.5,
        "unitPrice": "$1.99 / 100G"
    },
    {
        "category": "fruit-veg",
        "href": "https://www.woolworths.com.au/shop/productdetails/173264/squash-yellow",
        "imgName": "173264.jpg",
        "imgSrc": "https://cdn0.woolworths.media/content/wowproductimages/medium/173264.jpg",
        "name": "Squash Yellow  250g punnet",
        "price": 6.9,
        "unitPrice": "$27.60 / 1KG"
    },
    {
        "category": "fruit-veg",
        "href": "https://www.woolworths.com.au/shop/productdetails/157404/ginger-organic",
        "imgName": "157404.jpg",
        "imgSrc": "https://cdn0.woolworths.media/content/wowproductimages/medium/157404.jpg",
        "name": "Ginger Organic  150g punnet",
        "price": 7.9,
        "unitPrice": "$52.67 / 1KG"
    },
    {
        "category": "fruit-veg",
        "href": "https://www.woolworths.com.au/shop/productdetails/385072/macro-organic-garlic-paste",
        "imgName": "385072.jpg",
        "imgSrc": "https://cdn0.woolworths.media/content/wowproductimages/medium/385072.jpg",
        "name": "Macro Organic Garlic Paste 75g",
        "price": 3.5,
        "unitPrice": "$4.67 / 100G"
    },
    {
        "category": "fruit-veg",
        "href": "https://www.woolworths.com.au/shop/productdetails/364561/avofresh-chunky-avocado-garlic-coriander",
        "imgName": "364561.jpg",
        "imgSrc": "https://cdn0.woolworths.media/content/wowproductimages/medium/364561.jpg",
        "name": "Avofresh Chunky Avocado Garlic & Coriander 160g tub",
        "price": 5.5,
        "unitPrice": "$3.44 / 100G"
    },
    {
        "category": "fruit-veg",
        "href": "https://www.woolworths.com.au/shop/productdetails/364559/avofresh-soft-avocado-garlic-coriander",
        "imgName": "364559.jpg",
        "imgSrc": "https://cdn0.woolworths.media/content/wowproductimages/medium/364559.jpg",
        "name": "Avofresh Soft Avocado Garlic & Coriander 160g tube",
        "price": 5.5,
        "unitPrice": "$3.44 / 100G"
    },
    {
        "category": "fruit-veg",
        "href": "https://www.woolworths.com.au/shop/productdetails/476796/gourmet-garden-lightly-dried-mixed-herbs",
        "imgName": "476796.jpg",
        "imgSrc": "https://cdn0.woolworths.media/content/wowproductimages/medium/476796.jpg",
        "name": "Gourmet Garden Lightly Dried Mixed Herbs 8g sachet",
        "price": 3.5,
        "unitPrice": "$4.38 / 10G"
    },
    {
        "category": "fruit-veg",
        "href": "https://www.woolworths.com.au/shop/productdetails/568058/peach-white-flesh",
        "imgName": "default.png",
        "imgSrc": "https://cdn0.woolworths.media/content/wowproductimages/large/default.png",
        "name": "Peach White Flesh  750g",
        "price": 3.4,
        "unitPrice": "$4.53 / 1KG"
    },
    {
        "category": "fruit-veg",
        "href": "https://www.woolworths.com.au/shop/productdetails/594774/avocados-5pk",
        "imgName": "594774.jpg",
        "imgSrc": "https://cdn0.woolworths.media/content/wowproductimages/medium/594774.jpg",
        "name": "Avocados 5pk",
        "price": 6.5,
        "unitPrice": "$6.50 / 1EA"
    },
    {
        "category": "fruit-veg",
        "href": "https://www.woolworths.com.au/shop/productdetails/760372/pear-corella",
        "imgName": "760372.jpg",
        "imgSrc": "https://cdn0.woolworths.media/content/wowproductimages/medium/760372.jpg",
        "name": "Pear Corella  1kg punnet",
        "price": 5.8,
        "unitPrice": "$5.80 / 1KG"
    },
    {
        "category": "fruit-veg",
        "href": "https://www.woolworths.com.au/shop/productdetails/657025/gourmet-garden-roasted-garlic-tube",
        "imgName": "657025.jpg",
        "imgSrc": "https://cdn0.woolworths.media/content/wowproductimages/medium/657025.jpg",
        "name": "Gourmet Garden Roasted Garlic Tube 75g",
        "price": 3.5,
        "unitPrice": "$0.47 / 10G"
    },
    {
        "category": "fruit-veg",
        "href": "https://www.woolworths.com.au/shop/productdetails/786006/fresh-lettuce-baby-cos-twin-pack-organic",
        "imgName": "786006.jpg",
        "imgSrc": "https://cdn0.woolworths.media/content/wowproductimages/medium/786006.jpg",
        "name": "Fresh Lettuce Baby Cos Twin Pack Organic 2pk",
        "price": 5,
        "unitPrice": "$5.00 / 1EA"
    },
    {
        "category": "fruit-veg",
        "href": "https://www.woolworths.com.au/shop/productdetails/775369/avocado-the-odd-bunch",
        "imgName": "775369.jpg",
        "imgSrc": "https://cdn0.woolworths.media/content/wowproductimages/medium/775369.jpg",
        "name": "Avocado The Odd Bunch  1kg punnet",
        "price": 9.9,
        "unitPrice": "$9.90 / 1KG"
    },
    {
        "category": "fruit-veg",
        "href": "https://www.woolworths.com.au/shop/productdetails/555917/gourmet-garden-lightly-dried-southeast-asian-seasoning",
        "imgName": "555917.jpg",
        "imgSrc": "https://cdn0.woolworths.media/content/wowproductimages/medium/555917.jpg",
        "name": "Gourmet Garden Lightly Dried Southeast Asian Seasoning 6g",
        "price": 3.5,
        "unitPrice": "$5.83 / 10G"
    },
    {
        "category": "fruit-veg",
        "href": "https://www.woolworths.com.au/shop/productdetails/638247/woolworths-chicken-couscous-salad",
        "imgName": "638247.jpg",
        "imgSrc": "https://cdn0.woolworths.media/content/wowproductimages/medium/638247.jpg",
        "name": "Woolworths Chicken Couscous Salad 250g",
        "price": 3.8,
        "unitPrice": "$1.52 / 100G"
    },
    {
        "category": "fruit-veg",
        "href": "https://www.woolworths.com.au/shop/productdetails/143179/pineapple-naturally-sweet",
        "imgName": "143179.jpg",
        "imgSrc": "https://cdn0.woolworths.media/content/wowproductimages/medium/143179.jpg",
        "name": "Pineapple Naturally Sweet  half each",
        "price": 2.34,
        "unitPrice": "$2.34 / 1EA"
    },
    {
        "category": "fruit-veg",
        "href": "https://www.woolworths.com.au/shop/productdetails/785215/the-salad-servers-vegetable-lentil-salad",
        "imgName": "785215.jpg",
        "imgSrc": "https://cdn0.woolworths.media/content/wowproductimages/medium/785215.jpg",
        "name": "The Salad Servers Vegetable Lentil Salad 900g",
        "price": 9.99,
        "unitPrice": "$1.11 / 100G"
    },
    {
        "category": "fruit-veg",
        "href": "https://www.woolworths.com.au/shop/productdetails/117381/carrot-organic",
        "imgName": "117381.jpg",
        "imgSrc": "https://cdn0.woolworths.media/content/wowproductimages/medium/117381.jpg",
        "name": "Carrot Organic  750g",
        "price": 5.5,
        "unitPrice": "$7.33 / 1KG"
    },
    {
        "category": "fruit-veg",
        "href": "https://www.woolworths.com.au/shop/productdetails/145111/pear-beurre-bosc",
        "imgName": "145111.jpg",
        "imgSrc": "https://cdn0.woolworths.media/content/wowproductimages/medium/145111.jpg",
        "name": "Pear Beurre Bosc  each",
        "price": 0.81,
        "unitPrice": "$3.50 / 1KG"
    },
    {
        "category": "fruit-veg",
        "href": "https://www.woolworths.com.au/shop/productdetails/135156/capsicum-green",
        "imgName": "135156.jpg",
        "imgSrc": "https://cdn0.woolworths.media/content/wowproductimages/medium/135156.jpg",
        "name": "Capsicum Green  each",
        "price": 1.63,
        "unitPrice": "$6.50 / 1KG"
    },
    {
        "category": "fruit-veg",
        "href": "https://www.woolworths.com.au/shop/productdetails/139429/watermelon-red-seedless",
        "imgName": "139429.jpg",
        "imgSrc": "https://cdn0.woolworths.media/content/wowproductimages/medium/139429.jpg",
        "name": "Watermelon Red Seedless whole each",
        "price": 10.45,
        "unitPrice": "$1.90 / 1KG"
    },
    {
        "category": "fruit-veg",
        "href": "https://www.woolworths.com.au/shop/productdetails/360846/rockmelon-fruit-pot",
        "imgName": "360846.jpg",
        "imgSrc": "https://cdn0.woolworths.media/content/wowproductimages/medium/360846.jpg",
        "name": "Rockmelon Fruit Pot  300g pot",
        "price": 3.5,
        "unitPrice": "$11.67 / 1KG"
    },
    {
        "category": "fruit-veg",
        "href": "https://www.woolworths.com.au/shop/productdetails/379647/gourmet-garden-paste-oregano",
        "imgName": "379647.jpg",
        "imgSrc": "https://cdn0.woolworths.media/content/wowproductimages/medium/379647.jpg",
        "name": "Gourmet Garden Paste Oregano 80g tube",
        "price": 3.5,
        "unitPrice": "$4.38 / 100G"
    },
    {
        "category": "fruit-veg",
        "href": "https://www.woolworths.com.au/shop/productdetails/325124/gourmet-garden-paste-moroccan",
        "imgName": "325124.jpg",
        "imgSrc": "https://cdn0.woolworths.media/content/wowproductimages/medium/325124.jpg",
        "name": "Gourmet Garden Paste Moroccan 80g tube",
        "price": 3.5,
        "unitPrice": "$4.38 / 100G"
    },
    {
        "category": "fruit-veg",
        "href": "https://www.woolworths.com.au/shop/productdetails/127017/pumpkin-jarrahdale-whole",
        "imgName": "127017.jpg",
        "imgSrc": "https://cdn0.woolworths.media/content/wowproductimages/medium/127017.jpg",
        "name": "Pumpkin Jarrahdale Whole  min. 4.5kg",
        "price": 13.5,
        "unitPrice": "$3.00 / 1KG"
    },
    {
        "category": "fruit-veg",
        "href": "https://www.woolworths.com.au/shop/productdetails/800763/apple-the-odd-bunch-prepack",
        "imgName": "800763.jpg",
        "imgSrc": "https://cdn0.woolworths.media/content/wowproductimages/medium/800763.jpg",
        "name": "Apple The Odd Bunch Prepack 1kg",
        "price": 2.8
    },
    {
        "category": "fruit-veg",
        "href": "https://www.woolworths.com.au/shop/productdetails/185243/galiko-all-natural-garlic-minced-jar",
        "imgName": "185243.jpg",
        "imgSrc": "https://cdn0.woolworths.media/content/wowproductimages/medium/185243.jpg",
        "name": "Galiko All Natural Garlic Minced Jar 145g",
        "price": 3,
        "unitPrice": "$2.07 / 100G"
    },
    {
        "category": "fruit-veg",
        "href": "https://www.woolworths.com.au/shop/productdetails/178560/pomelo-pink",
        "imgName": "178560.jpg",
        "imgSrc": "https://cdn0.woolworths.media/content/wowproductimages/medium/178560.jpg",
        "name": "Pomelo Pink  each",
        "price": 4.66,
        "unitPrice": "$4.90 / 1KG"
    },
    {
        "category": "fruit-veg",
        "href": "https://www.woolworths.com.au/shop/productdetails/175709/apple-fuji",
        "imgName": "175709.jpg",
        "imgSrc": "https://cdn0.woolworths.media/content/wowproductimages/medium/175709.jpg",
        "name": "Apple Fuji  1kg punnet",
        "price": 5.9
    },
    {
        "category": "fruit-veg",
        "href": "https://www.woolworths.com.au/shop/productdetails/186475/capsicum-green-bullhorn",
        "imgName": "186475.jpg",
        "imgSrc": "https://cdn0.woolworths.media/content/wowproductimages/medium/186475.jpg",
        "name": "Capsicum Green Bullhorn  each",
        "price": 0.88,
        "unitPrice": "$8.00 / 1KG"
    },
    {
        "category": "fruit-veg",
        "href": "https://www.woolworths.com.au/shop/productdetails/185241/galiko-all-natural-pesto-basil-paste",
        "imgName": "185241.jpg",
        "imgSrc": "https://cdn0.woolworths.media/content/wowproductimages/medium/185241.jpg",
        "name": "Galiko All Natural Pesto Basil Paste 145g jar",
        "price": 3,
        "unitPrice": "$2.07 / 100G"
    },
    {
        "category": "fruit-veg",
        "href": "https://www.woolworths.com.au/shop/productdetails/379656/gourmet-garden-paste-dill",
        "imgName": "379656.jpg",
        "imgSrc": "https://cdn0.woolworths.media/content/wowproductimages/medium/379656.jpg",
        "name": "Gourmet Garden Paste Dill 80g tube",
        "price": 3.5,
        "unitPrice": "$4.38 / 100G"
    },
    {
        "category": "fruit-veg",
        "href": "https://www.woolworths.com.au/shop/productdetails/768743/fresh-berry-farm-berry-sauce-blueberry",
        "imgName": "768743.jpg",
        "imgSrc": "https://cdn0.woolworths.media/content/wowproductimages/medium/768743.jpg",
        "name": "Fresh Berry Farm Berry Sauce Blueberry 200g tub",
        "price": 3.9,
        "unitPrice": "$19.50 / 1KG"
    },
    {
        "category": "fruit-veg",
        "href": "https://www.woolworths.com.au/shop/productdetails/105925/beans-beanette-pre-pack",
        "imgName": "105925.jpg",
        "imgSrc": "https://cdn0.woolworths.media/content/wowproductimages/medium/105925.jpg",
        "name": "Beans Beanette Pre Pack 400g punnet",
        "price": 2,
        "unitPrice": "$5.00 / 1KG"
    },
    {
        "category": "fruit-veg",
        "href": "https://www.woolworths.com.au/shop/productdetails/117383/zucchini-green-organic",
        "imgName": "117383.jpg",
        "imgSrc": "https://cdn0.woolworths.media/content/wowproductimages/medium/117383.jpg",
        "name": "Zucchini Green Organic  500g punnet",
        "price": 5.5,
        "unitPrice": "$11.00 / 1KG"
    },
    {
        "category": "fruit-veg",
        "href": "https://www.woolworths.com.au/shop/productdetails/119808/lettuce-oakleaf-green",
        "imgName": "119808.jpg",
        "imgSrc": "https://cdn0.woolworths.media/content/wowproductimages/medium/119808.jpg",
        "name": "Lettuce Oakleaf Green  each",
        "price": 2
    },
    {
        "category": "fruit-veg",
        "href": "https://www.woolworths.com.au/shop/productdetails/134801/buk-choy-asian-greens",
        "imgName": "134801.jpg",
        "imgSrc": "https://cdn0.woolworths.media/content/wowproductimages/medium/134801.jpg",
        "name": "Buk Choy Asian Greens  each",
        "price": 2.5,
        "unitPrice": "$2.50 / 1EA"
    },
    {
        "category": "fruit-veg",
        "href": "https://www.woolworths.com.au/shop/productdetails/141496/lettuce-baby-cos",
        "imgName": "141496.jpg",
        "imgSrc": "https://cdn0.woolworths.media/content/wowproductimages/medium/141496.jpg",
        "name": "Lettuce Baby Cos  2pk",
        "price": 3,
        "unitPrice": "$1.50 / 1EA"
    },
    {
        "category": "fruit-veg",
        "href": "https://www.woolworths.com.au/shop/productdetails/143123/tomato-grape",
        "imgName": "143123.jpg",
        "imgSrc": "https://cdn0.woolworths.media/content/wowproductimages/medium/143123.jpg",
        "name": "Tomato Grape  200g punnet",
        "price": 3,
        "unitPrice": "$15.00 / 1KG"
    },
    {
        "category": "fruit-veg",
        "href": "https://www.woolworths.com.au/shop/productdetails/144596/beetroot-baby-bunch",
        "imgName": "144596.jpg",
        "imgSrc": "https://cdn0.woolworths.media/content/wowproductimages/medium/144596.jpg",
        "name": "Beetroot Baby Bunch  each",
        "price": 5
    },
    {
        "category": "fruit-veg",
        "href": "https://www.woolworths.com.au/shop/productdetails/145207/mesclun-mix-loose",
        "imgName": "145207.jpg",
        "imgSrc": "https://cdn0.woolworths.media/content/wowproductimages/medium/145207.jpg",
        "name": "Mesclun Mix Loose  per kg",
        "price": 17,
        "unitPrice": "$17.00 / 1KG"
    },
    {
        "category": "fruit-veg",
        "href": "https://www.woolworths.com.au/shop/productdetails/149930/mushrooms-swiss-brown",
        "imgName": "149930.jpg",
        "imgSrc": "https://cdn0.woolworths.media/content/wowproductimages/medium/149930.jpg",
        "name": "Mushrooms Swiss Brown  200g punnet",
        "price": 5,
        "unitPrice": "$25.00 / 1KG"
    },
    {
        "category": "fruit-veg",
        "href": "https://www.woolworths.com.au/shop/productdetails/166144/tomato-roma-mini",
        "imgName": "166144.jpg",
        "imgSrc": "https://cdn0.woolworths.media/content/wowproductimages/medium/166144.jpg",
        "name": "Tomato Roma Mini  250g punnet"
    },
    {
        "category": "fruit-veg",
        "href": "https://www.woolworths.com.au/shop/productdetails/178497/silverbeet-fresh",
        "imgName": "178497.jpg",
        "imgSrc": "https://cdn0.woolworths.media/content/wowproductimages/medium/178497.jpg",
        "name": "Silverbeet Fresh  each",
        "price": 4.5,
        "unitPrice": "$4.50 / 1EA"
    },
    {
        "category": "fruit-veg",
        "href": "https://www.woolworths.com.au/shop/productdetails/229335/woolworths-rainbow-coleslaw",
        "imgName": "229335.jpg",
        "imgSrc": "https://cdn0.woolworths.media/content/wowproductimages/medium/229335.jpg",
        "name": "Woolworths Rainbow Coleslaw  250g p/p",
        "price": 3,
        "unitPrice": "$12.00 / 1KG"
    },
    {
        "category": "fruit-veg",
        "href": "https://www.woolworths.com.au/shop/productdetails/305895/fig-fresh",
        "imgName": "305895.jpg",
        "imgSrc": "https://cdn0.woolworths.media/content/wowproductimages/medium/305895.jpg",
        "name": "Fig Fresh  each",
        "price": 2,
        "unitPrice": "$2.00 / 1EA"
    },
    {
        "category": "fruit-veg",
        "href": "https://www.woolworths.com.au/shop/productdetails/441953/woolworths-simply-stir-fry-rainbow-vegetables",
        "imgName": "441953.jpg",
        "imgSrc": "https://cdn0.woolworths.media/content/wowproductimages/medium/441953.jpg",
        "name": "Woolworths Simply Stir Fry Rainbow Vegetables  375g",
        "price": 3,
        "unitPrice": "$8.00 / 1KG"
    },
    {
        "category": "fruit-veg",
        "href": "https://www.woolworths.com.au/shop/productdetails/443314/woolworths-simply-stir-fry-vegetable-superfoods",
        "imgName": "443314.jpg",
        "imgSrc": "https://cdn0.woolworths.media/content/wowproductimages/medium/443314.jpg",
        "name": "Woolworths Simply Stir Fry Vegetable Superfoods  250g",
        "price": 3.5,
        "unitPrice": "$14.00 / 1KG"
    },
    {
        "category": "fruit-veg",
        "href": "https://www.woolworths.com.au/shop/productdetails/515646/woolworths-simply-steam-zucchini-spaghetti",
        "imgName": "515646.jpg",
        "imgSrc": "https://cdn0.woolworths.media/content/wowproductimages/medium/515646.jpg",
        "name": "Woolworths Simply Steam Zucchini Spaghetti  250g",
        "price": 3,
        "unitPrice": "$1.20 / 100G"
    },
    {
        "category": "fruit-veg",
        "href": "https://www.woolworths.com.au/shop/productdetails/541511/tomato-medley-mix",
        "imgName": "541511.jpg",
        "imgSrc": "https://cdn0.woolworths.media/content/wowproductimages/medium/541511.jpg",
        "name": "Tomato Medley Mix  200g",
        "price": 4,
        "unitPrice": "$20.00 / 1KG"
    },
    {
        "category": "fruit-veg",
        "href": "https://www.woolworths.com.au/shop/productdetails/638009/woolworths-shredded-iceberg-lettuce",
        "imgName": "638009.jpg",
        "imgSrc": "https://cdn0.woolworths.media/content/wowproductimages/medium/638009.jpg",
        "name": "Woolworths Shredded Iceberg Lettuce 200g",
        "price": 2,
        "unitPrice": "$10.00 / 1KG"
    },
    {
        "category": "fruit-veg",
        "href": "https://www.woolworths.com.au/shop/productdetails/638170/woolworths-mexican-style-salad-kit",
        "imgName": "638170.jpg",
        "imgSrc": "https://cdn0.woolworths.media/content/wowproductimages/medium/638170.jpg",
        "name": "Woolworths Mexican Style Salad Kit 340g",
        "price": 5.5,
        "unitPrice": "$16.18 / 1KG"
    },
    {
        "category": "fruit-veg",
        "href": "https://www.woolworths.com.au/shop/productdetails/640561/woolworths-simply-steam-cauliflower-broccoli-sweet-potato-rice",
        "imgName": "640561.jpg",
        "imgSrc": "https://cdn0.woolworths.media/content/wowproductimages/medium/640561.jpg",
        "name": "Woolworths Simply Steam Cauliflower Broccoli & Sweet Potato Rice 250g",
        "price": 3,
        "unitPrice": "$12.00 / 1KG"
    },
    {
        "category": "fruit-veg",
        "href": "https://www.woolworths.com.au/shop/productdetails/642076/woolworths-cauliflower-salad-bowl",
        "imgName": "642076.jpg",
        "imgSrc": "https://cdn0.woolworths.media/content/wowproductimages/medium/642076.jpg",
        "name": "Woolworths Cauliflower Salad Bowl 250g",
        "price": 5.5,
        "unitPrice": "$22.00 / 1KG"
    },
    {
        "category": "fruit-veg",
        "href": "https://www.woolworths.com.au/shop/productdetails/642077/woolworths-tropical-summer-salad-kit",
        "imgName": "642077.jpg",
        "imgSrc": "https://cdn0.woolworths.media/content/wowproductimages/medium/642077.jpg",
        "name": "Woolworths Tropical Summer Salad Kit 270g",
        "price": 5.5,
        "unitPrice": "$13.75 / 1KG"
    },
    {
        "category": "fruit-veg",
        "href": "https://www.woolworths.com.au/shop/productdetails/642106/woolworths-chicken-caesar-bowl",
        "imgName": "642106.jpg",
        "imgSrc": "https://cdn0.woolworths.media/content/wowproductimages/medium/642106.jpg",
        "name": "Woolworths Chicken Caesar Bowl 180g",
        "price": 6,
        "unitPrice": "$40.00 / 1KG"
    },
    {
        "category": "fruit-veg",
        "href": "https://www.woolworths.com.au/shop/productdetails/730118/beans-round-cut-cleaned",
        "imgName": "730118.jpg",
        "imgSrc": "https://cdn0.woolworths.media/content/wowproductimages/medium/730118.jpg",
        "name": "Beans Round Cut & Cleaned  340g",
        "price": 5.5,
        "unitPrice": "$16.18 / 1KG"
    },
    {
        "category": "fruit-veg",
        "href": "https://www.woolworths.com.au/shop/productdetails/760663/woolworths-caesar-salad",
        "imgName": "760663.jpg",
        "imgSrc": "https://cdn0.woolworths.media/content/wowproductimages/medium/760663.jpg",
        "name": "Woolworths Caesar Salad  120g bowl",
        "price": 5,
        "unitPrice": "$41.67 / 1KG"
    },
    {
        "category": "fruit-veg",
        "href": "https://www.woolworths.com.au/shop/productdetails/775864/avocado-hass-imported",
        "imgName": "775864.jpg",
        "imgSrc": "https://cdn0.woolworths.media/content/wowproductimages/medium/775864.jpg",
        "name": "Avocado Hass Imported 3pk",
        "price": 5.7,
        "unitPrice": "$1.90 / 1EA"
    },
    {
        "category": "fruit-veg",
        "href": "https://www.woolworths.com.au/shop/productdetails/823691/lettuce-little-gem-combo",
        "imgName": "823691.jpg",
        "imgSrc": "https://cdn0.woolworths.media/content/wowproductimages/medium/823691.jpg",
        "name": "Lettuce Little Gem Combo 2pk",
        "price": 3.9
    },
    {
        "category": "fruit-veg",
        "href": "https://www.woolworths.com.au/shop/productdetails/127101/sprouts-snow-pea",
        "imgName": "127101.jpg",
        "imgSrc": "https://cdn0.woolworths.media/content/wowproductimages/medium/127101.jpg",
        "name": "Sprouts Snow Pea  100g pack",
        "price": 3.2,
        "unitPrice": "$32.00 / 1KG"
    },
    {
        "category": "fruit-veg",
        "href": "https://www.woolworths.com.au/shop/productdetails/199902/mushrooms-cups-organic",
        "imgName": "199902.jpg",
        "imgSrc": "https://cdn0.woolworths.media/content/wowproductimages/medium/199902.jpg",
        "name": "Mushrooms Cups Organic  150g punnet",
        "price": 5.5,
        "unitPrice": "$36.67 / 1KG"
    },
    {
        "category": "fruit-veg",
        "href": "https://www.woolworths.com.au/shop/productdetails/144803/paw-paw-fresh",
        "imgName": "144803.jpg",
        "imgSrc": "https://cdn0.woolworths.media/content/wowproductimages/medium/144803.jpg",
        "name": "Paw Paw Fresh  whole each",
        "price": 2.64,
        "unitPrice": "$4.00 / 1KG"
    },
    {
        "category": "fruit-veg",
        "href": "https://www.woolworths.com.au/shop/productdetails/260062/cucumber-lebanese-organic",
        "imgName": "260062.jpg",
        "imgSrc": "https://cdn0.woolworths.media/content/wowproductimages/medium/260062.jpg",
        "name": "Cucumber Lebanese Organic  500g punnet",
        "price": 7
    },
    {
        "category": "fruit-veg",
        "href": "https://www.woolworths.com.au/shop/productdetails/318163/dates-organic",
        "imgName": "318163.jpg",
        "imgSrc": "https://cdn0.woolworths.media/content/wowproductimages/medium/318163.jpg",
        "name": "Dates Organic  200g punnet",
        "price": 7.5,
        "unitPrice": "$37.50 / 1KG"
    },
    {
        "category": "fruit-veg",
        "href": "https://www.woolworths.com.au/shop/productdetails/459369/potato-spudlite-baby-pack",
        "imgName": "459369.jpg",
        "imgSrc": "https://cdn0.woolworths.media/content/wowproductimages/medium/459369.jpg",
        "name": "Potato Spudlite Baby Pack 750g",
        "price": 2.5,
        "unitPrice": "$3.33 / 1KG"
    },
    {
        "category": "fruit-veg",
        "href": "https://www.woolworths.com.au/shop/productdetails/427886/lychee-fresh",
        "imgName": "427886.jpg",
        "imgSrc": "https://cdn0.woolworths.media/content/wowproductimages/medium/427886.jpg",
        "name": "Lychee Fresh  250g punnet",
        "price": 5.5,
        "unitPrice": "$22.00 / 1KG"
    },
    {
        "category": "fruit-veg",
        "href": "https://www.woolworths.com.au/shop/productdetails/440460/just-veg-carrot-sticks-multi-pack",
        "imgName": "440460.jpg",
        "imgSrc": "https://cdn0.woolworths.media/content/wowproductimages/medium/440460.jpg",
        "name": "Just Veg. Carrot Sticks Multi Pack 300g",
        "price": 4,
        "unitPrice": "$13.33 / 1KG"
    },
    {
        "category": "fruit-veg",
        "href": "https://www.woolworths.com.au/shop/productdetails/568055/nectarine-white-flesh",
        "imgName": "default.png",
        "imgSrc": "https://cdn0.woolworths.media/content/wowproductimages/large/default.png",
        "name": "Nectarine White Flesh  750g",
        "price": 2.8,
        "unitPrice": "$3.73 / 1KG"
    },
    {
        "category": "fruit-veg",
        "href": "https://www.woolworths.com.au/shop/productdetails/588064/fresh-food-kids-mini-apples",
        "imgName": "588064.jpg",
        "imgSrc": "https://cdn0.woolworths.media/content/wowproductimages/medium/588064.jpg",
        "name": "Fresh Food Kids Mini Apples  5 pack",
        "price": 2.5,
        "unitPrice": "$0.50 / 1EA"
    },
    {
        "category": "fruit-veg",
        "href": "https://www.woolworths.com.au/shop/productdetails/663679/the-salad-servers-gourmet-thai-noodle-salad",
        "imgName": "663679.jpg",
        "imgSrc": "https://cdn0.woolworths.media/content/wowproductimages/medium/663679.jpg",
        "name": "The Salad Servers Gourmet Thai Noodle Salad 900g",
        "price": 11,
        "unitPrice": "$1.22 / 100G"
    },
    {
        "category": "fruit-veg",
        "href": "https://www.woolworths.com.au/shop/productdetails/707375/bay-leaf-fresh-herb",
        "imgName": "707375.jpg",
        "imgSrc": "https://cdn0.woolworths.media/content/wowproductimages/medium/707375.jpg",
        "name": "Bay Leaf Fresh Herb  10g",
        "price": 2.9,
        "unitPrice": "$2.90 / 10G"
    },
    {
        "category": "fruit-veg",
        "href": "https://www.woolworths.com.au/shop/productdetails/751439/peach-organic-yellow",
        "imgName": "751439.jpg",
        "imgSrc": "https://cdn0.woolworths.media/content/wowproductimages/medium/751439.jpg",
        "name": "Peach Organic Yellow 500g punnet",
        "price": 6,
        "unitPrice": "$12.00 / 1KG"
    },
    {
        "category": "fruit-veg",
        "href": "https://www.woolworths.com.au/shop/productdetails/785216/the-salad-servers-cous-cous-pumpkin-salad",
        "imgName": "785216.jpg",
        "imgSrc": "https://cdn0.woolworths.media/content/wowproductimages/medium/785216.jpg",
        "name": "The Salad Servers Cous Cous & Pumpkin Salad 900g",
        "price": 9.99,
        "unitPrice": "$1.11 / 100G"
    },
    {
        "category": "fruit-veg",
        "href": "https://www.woolworths.com.au/shop/productdetails/876280/chilli-jalapeno",
        "imgName": "876280.jpg",
        "imgSrc": "https://cdn0.woolworths.media/content/wowproductimages/medium/876280.jpg",
        "name": "Chilli Jalapeno  80g",
        "price": 3,
        "unitPrice": "$3.75 / 100G"
    },
    {
        "category": "fruit-veg",
        "href": "https://www.woolworths.com.au/shop/productdetails/829357/potato-spud-lite-prepack",
        "imgName": "829357.jpg",
        "imgSrc": "https://cdn0.woolworths.media/content/wowproductimages/medium/829357.jpg",
        "name": "Potato Spud Lite Prepack  1.5kg",
        "price": 4,
        "unitPrice": "$2.67 / 1KG"
    },
    {
        "category": "fruit-veg",
        "href": "https://www.woolworths.com.au/shop/productdetails/90000563/dinner-for-2-lactose-free-creamy-mushroom-bacon-gnocchi-bundle",
        "imgName": "90000563.jpg",
        "imgSrc": "https://cdn0.woolworths.media/content/wowproductimages/medium/90000563.jpg",
        "name": "Dinner For 2, Lactose Free Creamy Mushroom & Bacon Gnocchi Bundle",
        "price": 22
    }
]