[
    {
        "category": "health-beauty",
        "href": "https://www.woolworths.com.au/shop/productdetails/661499/quitnits-head-lice-foam-solution",
        "imgName": "661499.jpg",
        "imgSrc": "https://cdn0.woolworths.media/content/wowproductimages/medium/661499.jpg",
        "name": "Quitnits Head Lice Foam Solution 125ml",
        "price": 9,
        "unitPrice": "$7.20 / 100ML"
    },
    {
        "category": "health-beauty",
        "href": "https://www.woolworths.com.au/shop/productdetails/571423/minions-turbo-battery-brush-with-spare-head",
        "imgName": "571423.jpg",
        "imgSrc": "https://cdn0.woolworths.media/content/wowproductimages/medium/571423.jpg",
        "name": "Minions Turbo Battery Brush With Spare Head 1pk",
        "price": 8,
        "unitPrice": "$8.00 / 1EA"
    },
    {
        "category": "health-beauty",
        "href": "https://www.woolworths.com.au/shop/productdetails/505847/balnea-coconut-exfoliating-shower-gel",
        "imgName": "505847.jpg",
        "imgSrc": "https://cdn0.woolworths.media/content/wowproductimages/medium/505847.jpg",
        "name": "Balnea Coconut Exfoliating Shower Gel 500ml",
        "price": 2.4,
        "unitPrice": "$0.48 / 100ML"
    },
    {
        "category": "health-beauty",
        "href": "https://www.woolworths.com.au/shop/productdetails/505907/balnea-wooden-bath-brush",
        "imgName": "505907.jpg",
        "imgSrc": "https://cdn0.woolworths.media/content/wowproductimages/medium/505907.jpg",
        "name": "Balnea Wooden Bath Brush  1ea",
        "price": 6,
        "unitPrice": "$6.00 / 1EA"
    },
    {
        "category": "health-beauty",
        "href": "https://www.woolworths.com.au/shop/productdetails/575926/nivea-men-invisible-for-black-white-48hr",
        "imgName": "575926.jpg",
        "imgSrc": "https://cdn0.woolworths.media/content/wowproductimages/medium/575926.jpg",
        "name": "Nivea Men Invisible For Black & White 48hr 2pk 500ml",
        "price": 10,
        "unitPrice": "$2.00 / 100ML"
    },
    {
        "category": "health-beauty",
        "href": "https://www.woolworths.com.au/shop/productdetails/485030/nature-s-organics-fruits-body-wash-forest-berries",
        "imgName": "485030.jpg",
        "imgSrc": "https://cdn0.woolworths.media/content/wowproductimages/medium/485030.jpg",
        "name": "Nature's Organics Fruits Body Wash Forest Berries 1l",
        "price": 5.99,
        "unitPrice": "$0.60 / 100ML"
    },
    {
        "category": "health-beauty",
        "href": "https://www.woolworths.com.au/shop/productdetails/637517/toni-guy-gold-geometric-barrette-hair-clip",
        "imgName": "637517.jpg",
        "imgSrc": "https://cdn0.woolworths.media/content/wowproductimages/medium/637517.jpg",
        "name": "Toni & Guy Gold Geometric Barrette Hair Clip 2pk",
        "price": 7
    },
    {
        "category": "health-beauty",
        "href": "https://www.woolworths.com.au/shop/productdetails/752398/swisspers-natural-aloe-face-wipes",
        "imgName": "752398.jpg",
        "imgSrc": "https://cdn0.woolworths.media/content/wowproductimages/medium/752398.jpg",
        "name": "Swisspers Natural Aloe Face Wipes 25pk",
        "price": 4.99,
        "unitPrice": "$0.20 / 1EA"
    },
    {
        "category": "health-beauty",
        "href": "https://www.woolworths.com.au/shop/productdetails/637733/hello-kitty-3d-hair-clips",
        "imgName": "637733.jpg",
        "imgSrc": "https://cdn0.woolworths.media/content/wowproductimages/medium/637733.jpg",
        "name": "Hello Kitty 3d Hair Clips  4pk",
        "price": 6
    },
    {
        "category": "health-beauty",
        "href": "https://www.woolworths.com.au/shop/productdetails/608879/oscar-orsen-mini-bobby-pins-black",
        "imgName": "608879.jpg",
        "imgSrc": "https://cdn0.woolworths.media/content/wowproductimages/medium/608879.jpg",
        "name": "Oscar Orsen Mini Bobby Pins Black 36 pack",
        "price": 3
    },
    {
        "category": "health-beauty",
        "href": "https://www.woolworths.com.au/shop/productdetails/608943/oscar-orsen-4-5cm-bobby-pins-bobby-pins",
        "imgName": "608943.jpg",
        "imgSrc": "https://cdn0.woolworths.media/content/wowproductimages/medium/608943.jpg",
        "name": "Oscar Orsen 4.5cm Bobby Pins Bobby Pins 200 pack",
        "price": 7
    },
    {
        "category": "health-beauty",
        "href": "https://www.woolworths.com.au/shop/productdetails/575938/nivea-apd-invisible-for-black-white-48hr-twin-pack",
        "imgName": "575938.jpg",
        "imgSrc": "https://cdn0.woolworths.media/content/wowproductimages/medium/575938.jpg",
        "name": "Nivea Apd Invisible For Black & White 48hr Twin Pack 500ml",
        "price": 10,
        "unitPrice": "$2.00 / 100ML"
    },
    {
        "category": "health-beauty",
        "href": "https://www.woolworths.com.au/shop/productdetails/637643/toni-guy-paddle-brush",
        "imgName": "637643.jpg",
        "imgSrc": "https://cdn0.woolworths.media/content/wowproductimages/medium/637643.jpg",
        "name": "Toni & Guy Paddle Brush  each",
        "price": 20
    },
    {
        "category": "health-beauty",
        "href": "https://www.woolworths.com.au/shop/productdetails/505888/balnea-sorbolene-unscented-soap",
        "imgName": "505888.jpg",
        "imgSrc": "https://cdn0.woolworths.media/content/wowproductimages/medium/505888.jpg",
        "name": "Balnea Sorbolene Unscented Soap 3x100g",
        "price": 3,
        "unitPrice": "$1.00 / 1EA"
    },
    {
        "category": "health-beauty",
        "href": "https://www.woolworths.com.au/shop/productdetails/608717/oscar-orsen-extra-large-thin-hair-elastic-black",
        "imgName": "608717.jpg",
        "imgSrc": "https://cdn0.woolworths.media/content/wowproductimages/medium/608717.jpg",
        "name": "Oscar Orsen Extra Large Thin Hair Elastic Black 20 pack",
        "price": 5
    },
    {
        "category": "health-beauty",
        "href": "https://www.woolworths.com.au/shop/productdetails/505889/balnea-soap-coconut-and-lime",
        "imgName": "505889.jpg",
        "imgSrc": "https://cdn0.woolworths.media/content/wowproductimages/medium/505889.jpg",
        "name": "Balnea Soap Coconut And Lime 4x100g",
        "price": 1.9,
        "unitPrice": "$1.90 / 1EA"
    },
    {
        "category": "health-beauty",
        "href": "https://www.woolworths.com.au/shop/productdetails/662627/ogx-bamboo-radiant-brunette-conditioner",
        "imgName": "662627.jpg",
        "imgSrc": "https://cdn0.woolworths.media/content/wowproductimages/medium/662627.jpg",
        "name": "Ogx Bamboo Radiant Brunette Conditioner 385ml",
        "price": 18,
        "unitPrice": "$4.68 / 100ML"
    },
    {
        "category": "health-beauty",
        "href": "https://www.woolworths.com.au/shop/productdetails/636345/nivea-double-effect-twin-pack-anti-perspirant-spray",
        "imgName": "636345.jpg",
        "imgSrc": "https://cdn0.woolworths.media/content/wowproductimages/medium/636345.jpg",
        "name": "Nivea Double Effect Twin Pack Anti Perspirant Spray 2x250ml",
        "price": 10,
        "unitPrice": "$2.00 / 100ML"
    },
    {
        "category": "health-beauty",
        "href": "https://www.woolworths.com.au/shop/productdetails/640061/tom-organic-super-tampons",
        "imgName": "640061.jpg",
        "imgSrc": "https://cdn0.woolworths.media/content/wowproductimages/medium/640061.jpg",
        "name": "Tom Organic Super Tampons 2x8pk",
        "price": 6,
        "unitPrice": "$0.38 / 1EA"
    },
    {
        "category": "health-beauty",
        "href": "https://www.woolworths.com.au/shop/productdetails/843709/tresemme-hair-styling-foam-perfectly-undone",
        "imgName": "843709.jpg",
        "imgSrc": "https://cdn0.woolworths.media/content/wowproductimages/medium/843709.jpg",
        "name": "Tresemme Hair Styling Foam Perfectly Undone 150ml",
        "price": 8,
        "unitPrice": "$5.33 / 100ML"
    },
    {
        "category": "health-beauty",
        "href": "https://www.woolworths.com.au/shop/productdetails/589716/extra-care-treatment-fibre-therapy",
        "imgName": "589716.jpg",
        "imgSrc": "https://cdn0.woolworths.media/content/wowproductimages/medium/589716.jpg",
        "name": "Extra Care Treatment Fibre Therapy 80ml",
        "price": 10,
        "unitPrice": "$12.50 / 100ML"
    },
    {
        "category": "health-beauty",
        "href": "https://www.woolworths.com.au/shop/productdetails/633835/le-tan-uber-dark-violet",
        "imgName": "633835.jpg",
        "imgSrc": "https://cdn0.woolworths.media/content/wowproductimages/medium/633835.jpg",
        "name": "Le Tan Uber Dark Violet 200ml",
        "price": 25,
        "unitPrice": "$12.50 / 100ML"
    },
    {
        "category": "health-beauty",
        "href": "https://www.woolworths.com.au/shop/productdetails/650324/herbal-essences-hydrate-coconut-milk-shampoo",
        "imgName": "650324.jpg",
        "imgSrc": "https://cdn0.woolworths.media/content/wowproductimages/medium/650324.jpg",
        "name": "Herbal Essences Hydrate Coconut Milk Shampoo 400ml",
        "price": 12,
        "unitPrice": "$3.00 / 100ML"
    },
    {
        "category": "health-beauty",
        "href": "https://www.woolworths.com.au/shop/productdetails/452087/l-oreal-paris-magic-retouch-hair-colour-5-blonde",
        "imgName": "452087.jpg",
        "imgSrc": "https://cdn0.woolworths.media/content/wowproductimages/medium/452087.jpg",
        "name": "L'oreal Paris Magic Retouch Hair Colour 5 Blonde each",
        "price": 15.95,
        "unitPrice": "$21.27 / 100ML"
    },
    {
        "category": "health-beauty",
        "href": "https://www.woolworths.com.au/shop/productdetails/248894/colgate-advanced-whitening-toothpaste",
        "imgName": "248894.jpg",
        "imgSrc": "https://cdn0.woolworths.media/content/wowproductimages/medium/248894.jpg",
        "name": "Colgate Advanced Whitening Toothpaste 110g",
        "price": 4.8,
        "special": 3,
        "unitPrice": "$2.73 / 100G"
    },
    {
        "category": "health-beauty",
        "href": "https://www.woolworths.com.au/shop/productdetails/720613/swisspers-cotton-balls-extra-large",
        "imgName": "720613.jpg",
        "imgSrc": "https://cdn0.woolworths.media/content/wowproductimages/medium/720613.jpg",
        "name": "Swisspers Cotton Balls Extra Large 100pk",
        "price": 3.75,
        "unitPrice": "$3.75 / 100EA"
    },
    {
        "category": "health-beauty",
        "href": "https://www.woolworths.com.au/shop/productdetails/500851/palmolive-foam-pump-japanese-cherry-blossom",
        "imgName": "500851.jpg",
        "imgSrc": "https://cdn0.woolworths.media/content/wowproductimages/medium/500851.jpg",
        "name": "Palmolive Foam Pump Japanese Cherry Blossom 250ml",
        "price": 3.5,
        "special": 2.9,
        "unitPrice": "$1.16 / 100ML"
    },
    {
        "category": "health-beauty",
        "href": "https://www.woolworths.com.au/shop/productdetails/520049/nurofen-for-children-7-yrs-chewable-capsules-orange",
        "imgName": "520049.jpg",
        "imgSrc": "https://cdn0.woolworths.media/content/wowproductimages/medium/520049.jpg",
        "name": "Nurofen For Children 7+ Yrs Chewable Capsules Orange 12pk",
        "price": 10,
        "unitPrice": "$83.33 / 100EA"
    },
    {
        "category": "health-beauty",
        "href": "https://www.woolworths.com.au/shop/productdetails/560530/rimmel-the-only-one-matte-810",
        "imgName": "560530.jpg",
        "imgSrc": "https://cdn0.woolworths.media/content/wowproductimages/medium/560530.jpg",
        "name": "Rimmel The Only One Matte 810  3.4g",
        "price": 16,
        "unitPrice": "$47.06 / 10G"
    },
    {
        "category": "health-beauty",
        "href": "https://www.woolworths.com.au/shop/productdetails/505903/balnea-shower-cap",
        "imgName": "505903.jpg",
        "imgSrc": "https://cdn0.woolworths.media/content/wowproductimages/medium/505903.jpg",
        "name": "Balnea Shower Cap  large",
        "price": 4,
        "unitPrice": "$4.00 / 1EA"
    },
    {
        "category": "health-beauty",
        "href": "https://www.woolworths.com.au/shop/productdetails/651194/colgate-kids-mouthwash",
        "imgName": "651194.jpg",
        "imgSrc": "https://cdn0.woolworths.media/content/wowproductimages/medium/651194.jpg",
        "name": "Colgate Kids Mouthwash  250ml",
        "price": 5,
        "unitPrice": "$2.00 / 100ML"
    },
    {
        "category": "health-beauty",
        "href": "https://www.woolworths.com.au/shop/productdetails/629517/atkins-bar-coconut-almond",
        "imgName": "629517.jpg",
        "imgSrc": "https://cdn0.woolworths.media/content/wowproductimages/medium/629517.jpg",
        "name": "Atkins Bar Coconut & Almond 60g",
        "price": 4.5,
        "unitPrice": "$7.50 / 100G"
    },
    {
        "category": "health-beauty",
        "href": "https://www.woolworths.com.au/shop/productdetails/520201/nurofen-for-children-7-yrs-chewable-capsules-orange",
        "imgName": "520201.jpg",
        "imgSrc": "https://cdn0.woolworths.media/content/wowproductimages/medium/520201.jpg",
        "name": "Nurofen For Children 7+ Yrs Chewable Capsules Orange 24pk",
        "price": 18,
        "unitPrice": "$75.00 / 100EA"
    },
    {
        "category": "health-beauty",
        "href": "https://www.woolworths.com.au/shop/productdetails/631250/musashi-bulk-protein-cookies-cream",
        "imgName": "631250.jpg",
        "imgSrc": "https://cdn0.woolworths.media/content/wowproductimages/medium/631250.jpg",
        "name": "Musashi Bulk Protein Cookies & Cream 420g",
        "price": 24,
        "unitPrice": "$5.71 / 100G"
    },
    {
        "category": "health-beauty",
        "href": "https://www.woolworths.com.au/shop/productdetails/644973/cancer-council-active-sunscreen-pump-bottle-spf-50-plus",
        "imgName": "644973.jpg",
        "imgSrc": "https://cdn0.woolworths.media/content/wowproductimages/medium/644973.jpg",
        "name": "Cancer Council Active Sunscreen Pump Bottle Spf 50 Plus 200ml",
        "price": 16,
        "unitPrice": "$8.00 / 100ML"
    },
    {
        "category": "health-beauty",
        "href": "https://www.woolworths.com.au/shop/productdetails/298711/nivea-for-men-shave-gel-extreme-comfort",
        "imgName": "298711.jpg",
        "imgSrc": "https://cdn0.woolworths.media/content/wowproductimages/medium/298711.jpg",
        "name": "Nivea For Men Shave Gel Extreme Comfort 200ml",
        "price": 6,
        "unitPrice": "$3.00 / 100ML"
    },
    {
        "category": "health-beauty",
        "href": "https://www.woolworths.com.au/shop/productdetails/627156/radox-shower-gel-feel-heavenly",
        "imgName": "627156.jpg",
        "imgSrc": "https://cdn0.woolworths.media/content/wowproductimages/medium/627156.jpg",
        "name": "Radox Shower Gel Feel Heavenly 500ml",
        "price": 4,
        "unitPrice": "$0.80 / 100ML"
    },
    {
        "category": "health-beauty",
        "href": "https://www.woolworths.com.au/shop/productdetails/570474/colgate-sensitive-pro-relief-repair-prevent",
        "imgName": "570474.jpg",
        "imgSrc": "https://cdn0.woolworths.media/content/wowproductimages/medium/570474.jpg",
        "name": "Colgate Sensitive Pro Relief Repair & Prevent 110g",
        "price": 12,
        "unitPrice": "$10.91 / 100G"
    },
    {
        "category": "health-beauty",
        "href": "https://www.woolworths.com.au/shop/productdetails/642647/stayzon-skin-anti-bacterial-spray",
        "imgName": "642647.jpg",
        "imgSrc": "https://cdn0.woolworths.media/content/wowproductimages/medium/642647.jpg",
        "name": "Stayzon Skin Anti Bacterial Spray 15ml",
        "price": 7,
        "unitPrice": "$46.67 / 100ML"
    },
    {
        "category": "health-beauty",
        "href": "https://www.woolworths.com.au/shop/productdetails/624030/cellucor-c4-sport-powder-watermelon",
        "imgName": "624030.jpg",
        "imgSrc": "https://cdn0.woolworths.media/content/wowproductimages/medium/624030.jpg",
        "name": "Cellucor C4 Sport Powder Watermelon 285g",
        "price": 40,
        "unitPrice": "$14.04 / 100G"
    },
    {
        "category": "health-beauty",
        "href": "https://www.woolworths.com.au/shop/productdetails/840619/l-oreal-sunkiss-jelly-01-dark-blonde",
        "imgName": "840619.jpg",
        "imgSrc": "https://cdn0.woolworths.media/content/wowproductimages/medium/840619.jpg",
        "name": "L'oreal Sunkiss Jelly 01 Dark Blonde each",
        "price": 12.95,
        "unitPrice": "$12.95 / 1EA"
    },
    {
        "category": "health-beauty",
        "href": "https://www.woolworths.com.au/shop/productdetails/614132/l-oreal-paris-elvive-colour-protect-colour-seal-cream",
        "imgName": "614132.jpg",
        "imgSrc": "https://cdn0.woolworths.media/content/wowproductimages/medium/614132.jpg",
        "name": "L'oreal Paris Elvive Colour-protect Colour Seal Cream 150ml",
        "price": 10,
        "unitPrice": "$6.67 / 100ML"
    },
    {
        "category": "health-beauty",
        "href": "https://www.woolworths.com.au/shop/productdetails/637615/toni-guy-hot-radial-brush-x-large",
        "imgName": "637615.jpg",
        "imgSrc": "https://cdn0.woolworths.media/content/wowproductimages/medium/637615.jpg",
        "name": "Toni & Guy Hot Radial Brush X Large each",
        "price": 23
    },
    {
        "category": "health-beauty",
        "href": "https://www.woolworths.com.au/shop/productdetails/600812/vicks-vapodrops-cough-lozenges-honey-lemon-menthol",
        "imgName": "600812.jpg",
        "imgSrc": "https://cdn0.woolworths.media/content/wowproductimages/medium/600812.jpg",
        "name": "Vicks Vapodrops +cough Lozenges Honey Lemon Menthol 36pk",
        "price": 9,
        "unitPrice": "$0.25 / 1EA"
    },
    {
        "category": "health-beauty",
        "href": "https://www.woolworths.com.au/shop/productdetails/633782/neutrogena-sheer-zinc-sunscreen-spf-50",
        "imgName": "633782.jpg",
        "imgSrc": "https://cdn0.woolworths.media/content/wowproductimages/medium/633782.jpg",
        "name": "Neutrogena Sheer Zinc Sunscreen Spf 50 88ml",
        "price": 24,
        "unitPrice": "$27.27 / 100ML"
    },
    {
        "category": "health-beauty",
        "href": "https://www.woolworths.com.au/shop/productdetails/631398/celebrity-slim-rapid-metabolise-supplement",
        "imgName": "631398.jpg",
        "imgSrc": "https://cdn0.woolworths.media/content/wowproductimages/medium/631398.jpg",
        "name": "Celebrity Slim Rapid Metabolise Supplement 30pk",
        "price": 19,
        "unitPrice": "$0.63 / 1EA"
    },
    {
        "category": "health-beauty",
        "href": "https://www.woolworths.com.au/shop/productdetails/842114/ogx-conditioner-healing-vitamin-e",
        "imgName": "842114.jpg",
        "imgSrc": "https://cdn0.woolworths.media/content/wowproductimages/medium/842114.jpg",
        "name": "Ogx Conditioner Healing & Vitamin E 350ml",
        "price": 18,
        "unitPrice": "$4.68 / 100ML"
    },
    {
        "category": "health-beauty",
        "href": "https://www.woolworths.com.au/shop/productdetails/325881/palmolive-handwash-antibacterial-lime-pump",
        "imgName": "325881.jpg",
        "imgSrc": "https://cdn0.woolworths.media/content/wowproductimages/medium/325881.jpg",
        "name": "Palmolive Handwash Antibacterial Lime Pump 250ml",
        "price": 2.79,
        "unitPrice": "$1.12 / 100ML"
    },
    {
        "category": "health-beauty",
        "href": "https://www.woolworths.com.au/shop/productdetails/581164/all-smiles-pro-total-care-whitening-toothpaste",
        "imgName": "581164.jpg",
        "imgSrc": "https://cdn0.woolworths.media/content/wowproductimages/medium/581164.jpg",
        "name": "All Smiles Pro Total Care & Whitening Toothpaste 140g",
        "price": 2,
        "unitPrice": "$1.43 / 100G"
    },
    {
        "category": "health-beauty",
        "href": "https://www.woolworths.com.au/shop/productdetails/763652/le-tan-self-tan-application-mit",
        "imgName": "763652.jpg",
        "imgSrc": "https://cdn0.woolworths.media/content/wowproductimages/medium/763652.jpg",
        "name": "Le Tan Self Tan Application Mit each",
        "price": 10
    },
    {
        "category": "health-beauty",
        "href": "https://www.woolworths.com.au/shop/productdetails/780021/centrum-for-women-50-",
        "imgName": "780021.jpg",
        "imgSrc": "https://cdn0.woolworths.media/content/wowproductimages/medium/780021.jpg",
        "name": "Centrum For Women 50+  60pk",
        "price": 20,
        "unitPrice": "$33.33 / 100EA"
    },
    {
        "category": "health-beauty",
        "href": "https://www.woolworths.com.au/shop/productdetails/771880/thankyou-botanical-patchouli-vanilla-handwash",
        "imgName": "771880.jpg",
        "imgSrc": "https://cdn0.woolworths.media/content/wowproductimages/medium/771880.jpg",
        "name": "Thankyou Botanical Patchouli & Vanilla Handwash 500ml",
        "price": 7.5,
        "unitPrice": "$1.50 / 100ML"
    },
    {
        "category": "health-beauty",
        "href": "https://www.woolworths.com.au/shop/productdetails/15722/swisspers-cotton-pads-make-up",
        "imgName": "015722.jpg",
        "imgSrc": "https://cdn0.woolworths.media/content/wowproductimages/medium/015722.jpg",
        "name": "Swisspers Cotton Pads Make Up 80pk",
        "price": 3.75,
        "unitPrice": "$4.69 / 100EA"
    },
    {
        "category": "health-beauty",
        "href": "https://www.woolworths.com.au/shop/productdetails/193613/kleenex-facial-tissues-white-jumbo-pack",
        "imgName": "193613.jpg",
        "imgSrc": "https://cdn0.woolworths.media/content/wowproductimages/medium/193613.jpg",
        "name": "Kleenex Facial Tissues White Jumbo Pack 250pk",
        "price": 3,
        "unitPrice": "$1.20 / 100SS"
    },
    {
        "category": "health-beauty",
        "href": "https://www.woolworths.com.au/shop/productdetails/172610/kleenex-facial-tissues-large-thick-silk-touch-3ply",
        "imgName": "172610.jpg",
        "imgSrc": "https://cdn0.woolworths.media/content/wowproductimages/medium/172610.jpg",
        "name": "Kleenex Facial Tissues Large & Thick Silk Touch 3ply 95pk",
        "price": 2.6,
        "unitPrice": "$2.74 / 100SS"
    },
    {
        "category": "health-beauty",
        "href": "https://www.woolworths.com.au/shop/productdetails/721441/kleenex-facial-tissues-silk-touch",
        "imgName": "721441.jpg",
        "imgSrc": "https://cdn0.woolworths.media/content/wowproductimages/medium/721441.jpg",
        "name": "Kleenex Facial Tissues Silk Touch 170pk",
        "price": 2,
        "unitPrice": "$1.18 / 100SS"
    },
    {
        "category": "health-beauty",
        "href": "https://www.woolworths.com.au/shop/productdetails/79487/kleenex-facial-tissues-extra-care-aloe-vera-white",
        "imgName": "079487.jpg",
        "imgSrc": "https://cdn0.woolworths.media/content/wowproductimages/medium/079487.jpg",
        "name": "Kleenex Facial Tissues Extra Care Aloe Vera White 60pk",
        "price": 2.3,
        "unitPrice": "$3.83 / 100SS"
    },
    {
        "category": "health-beauty",
        "href": "https://www.woolworths.com.au/shop/productdetails/794724/woolworths-select-nail-polish-remover-wipes",
        "imgName": "794724.jpg",
        "imgSrc": "https://cdn0.woolworths.media/content/wowproductimages/medium/794724.jpg",
        "name": "Woolworths Select Nail Polish Remover Wipes 30pk",
        "price": 2
    },
    {
        "category": "health-beauty",
        "href": "https://www.woolworths.com.au/shop/productdetails/305945/schwarzkopf-brilliance-l60-luminance-ultra-violet",
        "imgName": "305945.jpg",
        "imgSrc": "https://cdn0.woolworths.media/content/wowproductimages/medium/305945.jpg",
        "name": "Schwarzkopf Brilliance L60 Luminance Ultra Violet 1pk",
        "price": 14.4
    },
    {
        "category": "health-beauty",
        "href": "https://www.woolworths.com.au/shop/productdetails/324912/winners-energy-gel-berry-burst-4pk",
        "imgName": "324912.jpg",
        "imgSrc": "https://cdn0.woolworths.media/content/wowproductimages/medium/324912.jpg",
        "name": "Winners Energy Gel Berry Burst 4pk 40g",
        "price": 8.5,
        "unitPrice": "$5.31 / 100G"
    },
    {
        "category": "health-beauty",
        "href": "https://www.woolworths.com.au/shop/productdetails/600473/bsc-high-protein-low-carb-bar-hazelnut-praline",
        "imgName": "600473.jpg",
        "imgSrc": "https://cdn0.woolworths.media/content/wowproductimages/medium/600473.jpg",
        "name": "Bsc High Protein Low Carb Bar Hazelnut Praline 60g",
        "price": 4,
        "unitPrice": "$6.67 / 100G"
    },
    {
        "category": "health-beauty",
        "href": "https://www.woolworths.com.au/shop/productdetails/642030/headgear-chill-out-mint-infused-shampoo",
        "imgName": "642030.jpg",
        "imgSrc": "https://cdn0.woolworths.media/content/wowproductimages/medium/642030.jpg",
        "name": "Headgear Chill Out Mint Infused Shampoo 300ml",
        "price": 5,
        "unitPrice": "$1.67 / 100ML"
    },
    {
        "category": "health-beauty",
        "href": "https://www.woolworths.com.au/shop/productdetails/192538/nature-s-way-vitamin-b-energy-boost-tablets",
        "imgName": "192538.jpg",
        "imgSrc": "https://cdn0.woolworths.media/content/wowproductimages/medium/192538.jpg",
        "name": "Nature's Way Vitamin B Energy Boost Tablets 200pk",
        "price": 18.7,
        "unitPrice": "$9.35 / 100EA"
    },
    {
        "category": "health-beauty",
        "href": "https://www.woolworths.com.au/shop/productdetails/8058/organic-care-conditioner-normal-balanced",
        "imgName": "008058.jpg",
        "imgSrc": "https://cdn0.woolworths.media/content/wowproductimages/medium/008058.jpg",
        "name": "Organic Care Conditioner Normal Balanced 400ml",
        "price": 3.5,
        "unitPrice": "$0.88 / 100ML"
    },
    {
        "category": "health-beauty",
        "href": "https://www.woolworths.com.au/shop/productdetails/226536/clairol-nice-n-easy-6-5g-natural-lightest-golden-brown",
        "imgName": "226536.jpg",
        "imgSrc": "https://cdn0.woolworths.media/content/wowproductimages/medium/226536.jpg",
        "name": "Clairol Nice N Easy 6.5g Natural Lightest Golden Brown each",
        "price": 13
    },
    {
        "category": "health-beauty",
        "href": "https://www.woolworths.com.au/shop/productdetails/576179/dove-men-cool-fresh-48hr",
        "imgName": "576179.jpg",
        "imgSrc": "https://cdn0.woolworths.media/content/wowproductimages/medium/576179.jpg",
        "name": "Dove Men Cool Fresh 48hr  254ml",
        "price": 7,
        "unitPrice": "$2.76 / 100ML"
    },
    {
        "category": "health-beauty",
        "href": "https://www.woolworths.com.au/shop/productdetails/631558/nivea-express-hydrating-primer-normal",
        "imgName": "631558.jpg",
        "imgSrc": "https://cdn0.woolworths.media/content/wowproductimages/medium/631558.jpg",
        "name": "Nivea Express Hydrating Primer Normal 50ml",
        "price": 13,
        "unitPrice": "$26.00 / 100ML"
    },
    {
        "category": "health-beauty",
        "href": "https://www.woolworths.com.au/shop/productdetails/533685/l-oreal-pure-clay-purifying-mattifying-eucalyptus-mask",
        "imgName": "533685.jpg",
        "imgSrc": "https://cdn0.woolworths.media/content/wowproductimages/medium/533685.jpg",
        "name": "L'oreal Pure Clay Purifying & Mattifying Eucalyptus Mask 50ml",
        "price": 20,
        "unitPrice": "$40.00 / 100ML"
    },
    {
        "category": "health-beauty",
        "href": "https://www.woolworths.com.au/shop/productdetails/894901/cancer-council-peppa-pig-spf-50-roll-on-lotion",
        "imgName": "894901.jpg",
        "imgSrc": "https://cdn0.woolworths.media/content/wowproductimages/medium/894901.jpg",
        "name": "Cancer Council Peppa Pig Spf 50+ Roll On Lotion 75ml",
        "price": 10,
        "unitPrice": "$13.33 / 100ML"
    },
    {
        "category": "health-beauty",
        "href": "https://www.woolworths.com.au/shop/productdetails/462705/norsca-sheer-forest-antiperspirant-deodorant",
        "imgName": "462705.jpg",
        "imgSrc": "https://cdn0.woolworths.media/content/wowproductimages/medium/462705.jpg",
        "name": "Norsca Sheer Forest Antiperspirant Deodorant 245ml",
        "price": 6,
        "unitPrice": "$2.45 / 100ML"
    },
    {
        "category": "health-beauty",
        "href": "https://www.woolworths.com.au/shop/productdetails/402160/nivea-sun-sunscreen-protect-moisturise",
        "imgName": "402160.jpg",
        "imgSrc": "https://cdn0.woolworths.media/content/wowproductimages/medium/402160.jpg",
        "name": "Nivea Sun Sunscreen Protect & Moisturise 400ml",
        "price": 21,
        "unitPrice": "$5.25 / 100ML"
    },
    {
        "category": "health-beauty",
        "href": "https://www.woolworths.com.au/shop/productdetails/608969/oscar-orsen-hair-hair-nets-light-brown",
        "imgName": "608969.jpg",
        "imgSrc": "https://cdn0.woolworths.media/content/wowproductimages/medium/608969.jpg",
        "name": "Oscar Orsen Hair Hair Nets Light Brown 4 pack",
        "price": 4.5
    },
    {
        "category": "health-beauty",
        "href": "https://www.woolworths.com.au/shop/productdetails/650329/herbal-essences-repair-argan-oil-conditioner",
        "imgName": "650329.jpg",
        "imgSrc": "https://cdn0.woolworths.media/content/wowproductimages/medium/650329.jpg",
        "name": "Herbal Essences Repair Argan Oil Conditioner 400ml",
        "price": 12,
        "unitPrice": "$3.00 / 100ML"
    },
    {
        "category": "health-beauty",
        "href": "https://www.woolworths.com.au/shop/productdetails/505897/balnea-cosmetic-mirror-double-sided",
        "imgName": "505897.jpg",
        "imgSrc": "https://cdn0.woolworths.media/content/wowproductimages/medium/505897.jpg",
        "name": "Balnea Cosmetic Mirror Double Sided 1ea",
        "price": 6,
        "unitPrice": "$6.00 / 1EA"
    },
    {
        "category": "health-beauty",
        "href": "https://www.woolworths.com.au/shop/productdetails/208245/ease-a-cold-tablets-cough-cold-flu",
        "imgName": "208245.jpg",
        "imgSrc": "https://cdn0.woolworths.media/content/wowproductimages/medium/208245.jpg",
        "name": "Ease A Cold Tablets Cough, Cold & Flu 24pk",
        "price": 18.3,
        "unitPrice": "$0.76 / 1EA"
    },
    {
        "category": "health-beauty",
        "href": "https://www.woolworths.com.au/shop/productdetails/854602/ogx-conditioner-moisture-vitamin-b5",
        "imgName": "854602.jpg",
        "imgSrc": "https://cdn0.woolworths.media/content/wowproductimages/medium/854602.jpg",
        "name": "Ogx Conditioner Moisture & Vitamin B5 350ml",
        "price": 18,
        "unitPrice": "$4.68 / 100ML"
    },
    {
        "category": "health-beauty",
        "href": "https://www.woolworths.com.au/shop/productdetails/841164/betadine-sore-throat-lozenges-honey-lemon",
        "imgName": "841164.jpg",
        "imgSrc": "https://cdn0.woolworths.media/content/wowproductimages/medium/841164.jpg",
        "name": "Betadine Sore Throat Lozenges Honey & Lemon 36pk",
        "price": 10,
        "unitPrice": "$0.28 / 1EA"
    },
    {
        "category": "health-beauty",
        "href": "https://www.woolworths.com.au/shop/productdetails/403336/natures-way-slim-right-skinny-gut-shake",
        "imgName": "403336.jpg",
        "imgSrc": "https://cdn0.woolworths.media/content/wowproductimages/medium/403336.jpg",
        "name": "Natures Way Slim Right Skinny Gut Shake 350g",
        "price": 20,
        "unitPrice": "$5.71 / 100G"
    },
    {
        "category": "health-beauty",
        "href": "https://www.woolworths.com.au/shop/productdetails/231755/nivea-sun-spf-30-sunscreen-spray-sunscreen",
        "imgName": "231755.jpg",
        "imgSrc": "https://cdn0.woolworths.media/content/wowproductimages/medium/231755.jpg",
        "name": "Nivea Sun Spf 30+ Sunscreen Spray Sunscreen 200ml",
        "price": 19,
        "unitPrice": "$9.50 / 100ML"
    },
    {
        "category": "health-beauty",
        "href": "https://www.woolworths.com.au/shop/productdetails/660863/herbal-essences-naked-volume-white-grapefruit-mosa-mint-conditioner",
        "imgName": "660863.jpg",
        "imgSrc": "https://cdn0.woolworths.media/content/wowproductimages/medium/660863.jpg",
        "name": "Herbal Essences Naked Volume White Grapefruit & Mosa Mint Conditioner 400ml",
        "price": 12,
        "unitPrice": "$3.00 / 100ML"
    },
    {
        "category": "health-beauty",
        "href": "https://www.woolworths.com.au/shop/productdetails/477116/eylure-pro-lash-eyelashes-ultra-natural",
        "imgName": "477116.jpg",
        "imgSrc": "https://cdn0.woolworths.media/content/wowproductimages/medium/477116.jpg",
        "name": "Eylure Pro-lash Eyelashes Ultra Natural 483",
        "price": 14.99,
        "unitPrice": "$14.99 / 1EA"
    },
    {
        "category": "health-beauty",
        "href": "https://www.woolworths.com.au/shop/productdetails/618657/modelco-highlight-contour-3-in-1-trio-palette",
        "imgName": "618657.jpg",
        "imgSrc": "https://cdn0.woolworths.media/content/wowproductimages/medium/618657.jpg",
        "name": "Modelco Highlight & Contour 3-in-1 Trio Palette 3.9g",
        "price": 10,
        "unitPrice": "$25.64 / 10G"
    },
    {
        "category": "health-beauty",
        "href": "https://www.woolworths.com.au/shop/productdetails/600468/bsc-high-protein-low-carb-bar-triple-choc",
        "imgName": "600468.jpg",
        "imgSrc": "https://cdn0.woolworths.media/content/wowproductimages/medium/600468.jpg",
        "name": "Bsc High Protein Low Carb Bar Triple Choc 60g",
        "price": 4,
        "unitPrice": "$6.67 / 100G"
    },
    {
        "category": "health-beauty",
        "href": "https://www.woolworths.com.au/shop/productdetails/641525/l-oreal-men-hydra-sensitive-cleanser",
        "imgName": "641525.jpg",
        "imgSrc": "https://cdn0.woolworths.media/content/wowproductimages/medium/641525.jpg",
        "name": "L'oreal Men Hydra Sensitive Cleanser 150ml",
        "price": 12.5,
        "unitPrice": "$8.33 / 100ML"
    },
    {
        "category": "health-beauty",
        "href": "https://www.woolworths.com.au/shop/productdetails/505887/balnea-hand-sanitiser",
        "imgName": "505887.jpg",
        "imgSrc": "https://cdn0.woolworths.media/content/wowproductimages/medium/505887.jpg",
        "name": "Balnea Hand Sanitiser  200ml",
        "price": 3.5,
        "unitPrice": "$3.50 / 200ML"
    },
    {
        "category": "health-beauty",
        "href": "https://www.woolworths.com.au/shop/productdetails/662624/ogx-lavender-luminescent-platinum-conditioner",
        "imgName": "662624.jpg",
        "imgSrc": "https://cdn0.woolworths.media/content/wowproductimages/medium/662624.jpg",
        "name": "Ogx Lavender Luminescent Platinum Conditioner 385ml",
        "price": 18,
        "unitPrice": "$4.68 / 100ML"
    },
    {
        "category": "health-beauty",
        "href": "https://www.woolworths.com.au/shop/productdetails/603721/schwarzkopf-gem-collection-brilliance-02-cool-amethyst",
        "imgName": "603721.jpg",
        "imgSrc": "https://cdn0.woolworths.media/content/wowproductimages/medium/603721.jpg",
        "name": "Schwarzkopf Gem Collection - Brilliance 02 Cool Amethyst each",
        "price": 14.4
    },
    {
        "category": "health-beauty",
        "href": "https://www.woolworths.com.au/shop/productdetails/518184/voeu-age-protect-anti-ageing-eye-serum",
        "imgName": "518184.jpg",
        "imgSrc": "https://cdn0.woolworths.media/content/wowproductimages/medium/518184.jpg",
        "name": "Voeu Age Protect Anti-ageing Eye Serum 15ml",
        "price": 8,
        "unitPrice": "$53.33 / 100ML"
    },
    {
        "category": "health-beauty",
        "href": "https://www.woolworths.com.au/shop/productdetails/899160/rimmel-london-brow-this-way-styling-gel-medium-brown",
        "imgName": "899160.jpg",
        "imgSrc": "https://cdn0.woolworths.media/content/wowproductimages/medium/899160.jpg",
        "name": "Rimmel London Brow This Way Styling Gel Medium Brown 5ml",
        "price": 13,
        "unitPrice": "$26.00 / 10ML"
    },
    {
        "category": "health-beauty",
        "href": "https://www.woolworths.com.au/shop/productdetails/343656/oral-b-toothbrush-fresh-clean-soft",
        "imgName": "343656.jpg",
        "imgSrc": "https://cdn0.woolworths.media/content/wowproductimages/medium/343656.jpg",
        "name": "Oral-b Toothbrush Fresh Clean Soft 3pk",
        "price": 7.49,
        "unitPrice": "$2.50 / 1EA"
    },
    {
        "category": "health-beauty",
        "href": "https://www.woolworths.com.au/shop/productdetails/631253/body-trim-meal-replacement-shake-vanilla",
        "imgName": "631253.jpg",
        "imgSrc": "https://cdn0.woolworths.media/content/wowproductimages/medium/631253.jpg",
        "name": "Body Trim Meal Replacement Shake Vanilla 495g",
        "price": 20,
        "unitPrice": "$4.04 / 100G"
    },
    {
        "category": "health-beauty",
        "href": "https://www.woolworths.com.au/shop/productdetails/662625/ogx-sunflower-shimmering-blonde-shampoo",
        "imgName": "662625.jpg",
        "imgSrc": "https://cdn0.woolworths.media/content/wowproductimages/medium/662625.jpg",
        "name": "Ogx Sunflower Shimmering Blonde Shampoo 385ml",
        "price": 18,
        "unitPrice": "$4.68 / 100ML"
    },
    {
        "category": "health-beauty",
        "href": "https://www.woolworths.com.au/shop/productdetails/477035/benefiber-laxatives-taste-free",
        "imgName": "477035.jpg",
        "imgSrc": "https://cdn0.woolworths.media/content/wowproductimages/medium/477035.jpg",
        "name": "Benefiber Laxatives Taste-free 142 servings",
        "price": 29,
        "unitPrice": "$5.80 / 100G"
    },
    {
        "category": "health-beauty",
        "href": "https://www.woolworths.com.au/shop/productdetails/650325/herbal-essences-hydrate-coconut-milk-conditioner",
        "imgName": "650325.jpg",
        "imgSrc": "https://cdn0.woolworths.media/content/wowproductimages/medium/650325.jpg",
        "name": "Herbal Essences Hydrate Coconut Milk Conditioner 400ml",
        "price": 12,
        "unitPrice": "$3.00 / 100ML"
    },
    {
        "category": "health-beauty",
        "href": "https://www.woolworths.com.au/shop/productdetails/565325/oral-b-gum-care-extra-fresh-toothpaste",
        "imgName": "565325.jpg",
        "imgSrc": "https://cdn0.woolworths.media/content/wowproductimages/medium/565325.jpg",
        "name": "Oral B Gum Care & Extra Fresh Toothpaste 110g",
        "price": 10,
        "unitPrice": "$9.09 / 100G"
    },
    {
        "category": "health-beauty",
        "href": "https://www.woolworths.com.au/shop/productdetails/581149/all-smiles-total-care-pro-electric-toothbrush-replacement-heads",
        "imgName": "581149.jpg",
        "imgSrc": "https://cdn0.woolworths.media/content/wowproductimages/medium/581149.jpg",
        "name": "All Smiles Total Care Pro Electric Toothbrush Replacement Heads 2pk",
        "price": 9,
        "unitPrice": "$4.50 / 1EA"
    },
    {
        "category": "health-beauty",
        "href": "https://www.woolworths.com.au/shop/productdetails/790236/head-shoulders-old-spice-2-in-1-for-men-dandruff-shampoo-conditioner",
        "imgName": "790236.jpg",
        "imgSrc": "https://cdn0.woolworths.media/content/wowproductimages/medium/790236.jpg",
        "name": "Head & Shoulders Old Spice 2 In 1 For Men Dandruff Shampoo & Conditioner 350ml",
        "price": 12.5,
        "unitPrice": "$3.57 / 100ML"
    },
    {
        "category": "health-beauty",
        "href": "https://www.woolworths.com.au/shop/productdetails/725753/ogx-shampoo-renewing-argan-oil-of-morocco",
        "imgName": "725753.jpg",
        "imgSrc": "https://cdn0.woolworths.media/content/wowproductimages/medium/725753.jpg",
        "name": "Ogx Shampoo Renewing Argan Oil Of Morocco 385ml",
        "price": 18,
        "unitPrice": "$4.68 / 100ML"
    },
    {
        "category": "health-beauty",
        "href": "https://www.woolworths.com.au/shop/productdetails/517159/voeu-cocoa-shea-body-lotion",
        "imgName": "517159.jpg",
        "imgSrc": "https://cdn0.woolworths.media/content/wowproductimages/medium/517159.jpg",
        "name": "Voeu Cocoa & Shea Body Lotion 400ml",
        "price": 5,
        "unitPrice": "$1.25 / 100ML"
    },
    {
        "category": "health-beauty",
        "href": "https://www.woolworths.com.au/shop/productdetails/477631/betadine-antiseptic-cream",
        "imgName": "477631.jpg",
        "imgSrc": "https://cdn0.woolworths.media/content/wowproductimages/medium/477631.jpg",
        "name": "Betadine Antiseptic Cream  20g",
        "price": 11,
        "unitPrice": "$55.00 / 100G"
    },
    {
        "category": "health-beauty",
        "href": "https://www.woolworths.com.au/shop/productdetails/517800/voeu-firm-tone-body-lotion",
        "imgName": "517800.jpg",
        "imgSrc": "https://cdn0.woolworths.media/content/wowproductimages/medium/517800.jpg",
        "name": "Voeu Firm & Tone Body Lotion 400ml",
        "price": 5,
        "unitPrice": "$1.25 / 100ML"
    },
    {
        "category": "health-beauty",
        "href": "https://www.woolworths.com.au/shop/productdetails/565575/oral-b-gum-care-enamal-restore-toothpaste",
        "imgName": "565575.jpg",
        "imgSrc": "https://cdn0.woolworths.media/content/wowproductimages/medium/565575.jpg",
        "name": "Oral B Gum Care & Enamal Restore Toothpaste 110g",
        "price": 10,
        "unitPrice": "$9.09 / 100G"
    },
    {
        "category": "health-beauty",
        "href": "https://www.woolworths.com.au/shop/productdetails/630088/aussie-bodies-lo-carb-protein-bar-whip-d-boysenberry-ripple",
        "imgName": "630088.jpg",
        "imgSrc": "https://cdn0.woolworths.media/content/wowproductimages/medium/630088.jpg",
        "name": "Aussie Bodies Lo Carb Protein Bar Whip'd Boysenberry Ripple 4x30g",
        "price": 9,
        "unitPrice": "$7.50 / 100G"
    },
    {
        "category": "health-beauty",
        "href": "https://www.woolworths.com.au/shop/productdetails/486429/sunsilk-shampoo-refreshing-hydration",
        "imgName": "486429.jpg",
        "imgSrc": "https://cdn0.woolworths.media/content/wowproductimages/medium/486429.jpg",
        "name": "Sunsilk Shampoo Refreshing Hydration 350ml",
        "price": 5.5,
        "unitPrice": "$1.57 / 100ML"
    },
    {
        "category": "health-beauty",
        "href": "https://www.woolworths.com.au/shop/productdetails/505904/balnea-shower-cap-printed",
        "imgName": "505904.jpg",
        "imgSrc": "https://cdn0.woolworths.media/content/wowproductimages/medium/505904.jpg",
        "name": "Balnea Shower Cap Printed  1ea",
        "price": 2,
        "unitPrice": "$2.00 / 1EA"
    },
    {
        "category": "health-beauty",
        "href": "https://www.woolworths.com.au/shop/productdetails/611563/durex-fetherlite-ultra-thin-feel-condoms",
        "imgName": "611563.jpg",
        "imgSrc": "https://cdn0.woolworths.media/content/wowproductimages/medium/611563.jpg",
        "name": "Durex Fetherlite Ultra Thin Feel Condoms 10pk",
        "price": 6.5,
        "unitPrice": "$0.65 / 1EA"
    },
    {
        "category": "health-beauty",
        "href": "https://www.woolworths.com.au/shop/productdetails/660880/herbal-essences-lightweight-shine-cucumber-green-tea-conditioner",
        "imgName": "660880.jpg",
        "imgSrc": "https://cdn0.woolworths.media/content/wowproductimages/medium/660880.jpg",
        "name": "Herbal Essences Lightweight Shine Cucumber & Green Tea Conditioner 400ml",
        "price": 12,
        "unitPrice": "$3.00 / 100ML"
    },
    {
        "category": "health-beauty",
        "href": "https://www.woolworths.com.au/shop/productdetails/486482/sunsilk-keratin-shampoo-defeat-damage",
        "imgName": "486482.jpg",
        "imgSrc": "https://cdn0.woolworths.media/content/wowproductimages/medium/486482.jpg",
        "name": "Sunsilk Keratin Shampoo Defeat Damage 350ml",
        "price": 5.5,
        "unitPrice": "$1.57 / 100ML"
    },
    {
        "category": "health-beauty",
        "href": "https://www.woolworths.com.au/shop/productdetails/611545/durex-fetherlite-ultra-thin-feel-condoms",
        "imgName": "611545.jpg",
        "imgSrc": "https://cdn0.woolworths.media/content/wowproductimages/medium/611545.jpg",
        "name": "Durex Fetherlite Ultra Thin Feel Condoms 30pk",
        "price": 17,
        "unitPrice": "$0.57 / 1EA"
    },
    {
        "category": "health-beauty",
        "href": "https://www.woolworths.com.au/shop/productdetails/600932/ogx-coconut-miracle-oil-shampoo",
        "imgName": "600932.jpg",
        "imgSrc": "https://cdn0.woolworths.media/content/wowproductimages/medium/600932.jpg",
        "name": "Ogx Coconut Miracle Oil Shampoo 385ml",
        "price": 18,
        "unitPrice": "$4.68 / 100ML"
    },
    {
        "category": "health-beauty",
        "href": "https://www.woolworths.com.au/shop/productdetails/479493/d3-strapping-tape-rigid",
        "imgName": "479493.jpg",
        "imgSrc": "https://cdn0.woolworths.media/content/wowproductimages/medium/479493.jpg",
        "name": "D3 Strapping Tape Rigid 13.7m each",
        "price": 10,
        "unitPrice": "$10.00 / 1EA"
    },
    {
        "category": "health-beauty",
        "href": "https://www.woolworths.com.au/shop/productdetails/573298/oral-b-pro-health-advance-paste-enamel-strong",
        "imgName": "573298.jpg",
        "imgSrc": "https://cdn0.woolworths.media/content/wowproductimages/medium/573298.jpg",
        "name": "Oral B Pro Health Advance Paste Enamel Strong 110g",
        "price": 5,
        "unitPrice": "$4.55 / 100G"
    },
    {
        "category": "health-beauty",
        "href": "https://www.woolworths.com.au/shop/productdetails/841278/mentholatum-low-odour-deep-heat-relief",
        "imgName": "841278.jpg",
        "imgSrc": "https://cdn0.woolworths.media/content/wowproductimages/medium/841278.jpg",
        "name": "Mentholatum Low Odour Deep Heat Relief 100g",
        "price": 7,
        "unitPrice": "$7.00 / 100G"
    },
    {
        "category": "health-beauty",
        "href": "https://www.woolworths.com.au/shop/productdetails/785876/velvet-bar-soap-pure",
        "imgName": "785876.jpg",
        "imgSrc": "https://cdn0.woolworths.media/content/wowproductimages/medium/785876.jpg",
        "name": "Velvet Bar Soap Pure 4pk 400g",
        "price": 4,
        "unitPrice": "$1.00 / 100G"
    },
    {
        "category": "health-beauty",
        "href": "https://www.woolworths.com.au/shop/productdetails/633861/dove-hand-wash-500ml-hand-wash-coconut-and-jasmine",
        "imgName": "633861.jpg",
        "imgSrc": "https://cdn0.woolworths.media/content/wowproductimages/medium/633861.jpg",
        "name": "Dove Hand Wash  500ml Hand Wash Coconut And Jasmine 500ml",
        "price": 7.5,
        "unitPrice": "$1.50 / 100ML"
    },
    {
        "category": "health-beauty",
        "href": "https://www.woolworths.com.au/shop/productdetails/486505/sunsilk-soft-smooth-shampoo",
        "imgName": "486505.jpg",
        "imgSrc": "https://cdn0.woolworths.media/content/wowproductimages/medium/486505.jpg",
        "name": "Sunsilk Soft & Smooth Shampoo 350ml",
        "price": 5.5,
        "unitPrice": "$1.57 / 100ML"
    },
    {
        "category": "health-beauty",
        "href": "https://www.woolworths.com.au/shop/productdetails/324911/winners-energy-gel-lemon-lime",
        "imgName": "324911.jpg",
        "imgSrc": "https://cdn0.woolworths.media/content/wowproductimages/medium/324911.jpg",
        "name": "Winners Energy Gel Lemon & Lime 160g",
        "price": 8.5,
        "unitPrice": "$5.31 / 100G"
    },
    {
        "category": "health-beauty",
        "href": "https://www.woolworths.com.au/shop/productdetails/601153/ogx-shea-soft-smooth-shampoo",
        "imgName": "601153.jpg",
        "imgSrc": "https://cdn0.woolworths.media/content/wowproductimages/medium/601153.jpg",
        "name": "Ogx Shea Soft & Smooth Shampoo 385ml",
        "price": 18,
        "unitPrice": "$4.68 / 100ML"
    },
    {
        "category": "health-beauty",
        "href": "https://www.woolworths.com.au/shop/productdetails/87966/nivea-visage-facial-cleanser-refresh-cleansing-lotion",
        "imgName": "087966.jpg",
        "imgSrc": "https://cdn0.woolworths.media/content/wowproductimages/medium/087966.jpg",
        "name": "Nivea Visage Facial Cleanser Refresh Cleansing Lotion 200ml",
        "price": 10.39,
        "unitPrice": "$5.20 / 100ML"
    },
    {
        "category": "health-beauty",
        "href": "https://www.woolworths.com.au/shop/productdetails/768141/milk-by-michael-klim-face-wash",
        "imgName": "768141.jpg",
        "imgSrc": "https://cdn0.woolworths.media/content/wowproductimages/medium/768141.jpg",
        "name": "Milk By Michael Klim Face Wash  150ml",
        "price": 12,
        "unitPrice": "$8.00 / 100ML"
    },
    {
        "category": "health-beauty",
        "href": "https://www.woolworths.com.au/shop/productdetails/780369/oral-b-3d-white-luxe-whitestrips-14-treatments",
        "imgName": "780369.jpg",
        "imgSrc": "https://cdn0.woolworths.media/content/wowproductimages/medium/780369.jpg",
        "name": "Oral-b 3d White Luxe Whitestrips 14 Treatments 14pk",
        "price": 30.6,
        "unitPrice": "$30.60 / 1EA"
    },
    {
        "category": "health-beauty",
        "href": "https://www.woolworths.com.au/shop/productdetails/785338/ogx-shampoo-coconut-water-weightless-hydration",
        "imgName": "785338.jpg",
        "imgSrc": "https://cdn0.woolworths.media/content/wowproductimages/medium/785338.jpg",
        "name": "Ogx Shampoo Coconut Water Weightless Hydration 385ml",
        "price": 18,
        "unitPrice": "$4.68 / 100ML"
    },
    {
        "category": "health-beauty",
        "href": "https://www.woolworths.com.au/shop/productdetails/561416/rimmel-1000k-lip-liners-natural",
        "imgName": "561416.jpg",
        "imgSrc": "https://cdn0.woolworths.media/content/wowproductimages/medium/561416.jpg",
        "name": "Rimmel 1000k Lip Liners Natural  1.2g",
        "price": 9,
        "unitPrice": "$75.00 / 10G"
    },
    {
        "category": "health-beauty",
        "href": "https://www.woolworths.com.au/shop/productdetails/260389/winners-gym-bar-choc-nut-caramel",
        "imgName": "260389.jpg",
        "imgSrc": "https://cdn0.woolworths.media/content/wowproductimages/medium/260389.jpg",
        "name": "Winners Gym Bar Choc Nut Caramel 50g",
        "price": 3,
        "unitPrice": "$6.00 / 100G"
    },
    {
        "category": "health-beauty",
        "href": "https://www.woolworths.com.au/shop/productdetails/250280/garnier-fructis-shampoo-nutri-repair-dry-damaged-hair",
        "imgName": "250280.jpg",
        "imgSrc": "https://cdn0.woolworths.media/content/wowproductimages/medium/250280.jpg",
        "name": "Garnier Fructis Shampoo Nutri Repair Dry Damaged Hair 250ml",
        "price": 5.45,
        "unitPrice": "$2.18 / 100ML"
    },
    {
        "category": "health-beauty",
        "href": "https://www.woolworths.com.au/shop/productdetails/706175/rapid-loss-shake-mix-strawberry",
        "imgName": "706175.jpg",
        "imgSrc": "https://cdn0.woolworths.media/content/wowproductimages/medium/706175.jpg",
        "name": "Rapid Loss Shake Mix Strawberry 750g",
        "price": 40,
        "unitPrice": "$5.33 / 100G"
    },
    {
        "category": "health-beauty",
        "href": "https://www.woolworths.com.au/shop/productdetails/791100/select-cotton-tips",
        "imgName": "791100.jpg",
        "imgSrc": "https://cdn0.woolworths.media/content/wowproductimages/medium/791100.jpg",
        "name": "Select Cotton Tips  200pk",
        "price": 1,
        "unitPrice": "$0.50 / 100EA"
    },
    {
        "category": "health-beauty",
        "href": "https://www.woolworths.com.au/shop/productdetails/248897/colgate-sparkling-mint-gel-toothpaste-for-kids",
        "imgName": "248897.jpg",
        "imgSrc": "https://cdn0.woolworths.media/content/wowproductimages/medium/248897.jpg",
        "name": "Colgate Sparkling Mint Gel Toothpaste For Kids 80g",
        "price": 2.1,
        "unitPrice": "$2.63 / 100G"
    },
    {
        "category": "health-beauty",
        "href": "https://www.woolworths.com.au/shop/productdetails/204919/homebrand-tablets-ibuprofen",
        "imgName": "204919.jpg",
        "imgSrc": "https://cdn0.woolworths.media/content/wowproductimages/medium/204919.jpg",
        "name": "Homebrand Tablets Ibuprofen 24pk",
        "price": 1.55,
        "unitPrice": "$0.06 / 1EA"
    },
    {
        "category": "health-beauty",
        "href": "https://www.woolworths.com.au/shop/productdetails/325749/ecostore-shampoo-dry-hair",
        "imgName": "325749.jpg",
        "imgSrc": "https://cdn0.woolworths.media/content/wowproductimages/medium/325749.jpg",
        "name": "Ecostore Shampoo Dry Hair 220ml",
        "price": 10,
        "unitPrice": "$4.55 / 100ML"
    },
    {
        "category": "health-beauty",
        "href": "https://www.woolworths.com.au/shop/productdetails/363459/head-shoulders-itchy-scalp-care-anti-dandruff-conditioner",
        "imgName": "363459.jpg",
        "imgSrc": "https://cdn0.woolworths.media/content/wowproductimages/medium/363459.jpg",
        "name": "Head & Shoulders Itchy Scalp Care Anti Dandruff Conditioner 200ml",
        "price": 6.4,
        "unitPrice": "$3.20 / 100ML"
    },
    {
        "category": "health-beauty",
        "href": "https://www.woolworths.com.au/shop/productdetails/486476/sunsilk-keratin-conditioner-defeat-damage",
        "imgName": "486476.jpg",
        "imgSrc": "https://cdn0.woolworths.media/content/wowproductimages/medium/486476.jpg",
        "name": "Sunsilk Keratin Conditioner Defeat Damage 350ml",
        "price": 5.5,
        "unitPrice": "$1.57 / 100ML"
    },
    {
        "category": "health-beauty",
        "href": "https://www.woolworths.com.au/shop/productdetails/179902/garnier-fructis-conditioner-colour-last-highlighted",
        "imgName": "179902.jpg",
        "imgSrc": "https://cdn0.woolworths.media/content/wowproductimages/medium/179902.jpg",
        "name": "Garnier Fructis Conditioner Colour Last Highlighted 250ml",
        "price": 5.45,
        "unitPrice": "$2.18 / 100ML"
    },
    {
        "category": "health-beauty",
        "href": "https://www.woolworths.com.au/shop/productdetails/30276/elastoplast-fabric-plasters-extra-flexible",
        "imgName": "030276.jpg",
        "imgSrc": "https://cdn0.woolworths.media/content/wowproductimages/medium/030276.jpg",
        "name": "Elastoplast Fabric Plasters Extra Flexible 20pk",
        "price": 3.29,
        "unitPrice": "$0.16 / 1EA"
    },
    {
        "category": "health-beauty",
        "href": "https://www.woolworths.com.au/shop/productdetails/262328/woolworths-select-eye-shadow-cosmetic-applicators",
        "imgName": "262328.jpg",
        "imgSrc": "https://cdn0.woolworths.media/content/wowproductimages/medium/262328.jpg",
        "name": "Woolworths Select Eye Shadow Cosmetic Applicators 10pk",
        "price": 4,
        "unitPrice": "$0.40 / 1EA"
    },
    {
        "category": "health-beauty",
        "href": "https://www.woolworths.com.au/shop/productdetails/136070/kleenex-to-go-facial-tissues-pocket-pack-4ply",
        "imgName": "136070.jpg",
        "imgSrc": "https://cdn0.woolworths.media/content/wowproductimages/medium/136070.jpg",
        "name": "Kleenex To Go Facial Tissues Pocket Pack 4ply 6pks",
        "price": 3,
        "unitPrice": "$5.56 / 100SS"
    },
    {
        "category": "health-beauty",
        "href": "https://www.woolworths.com.au/shop/productdetails/601368/nyal-children-s-cough-medicine-strawberry",
        "imgName": "601368.jpg",
        "imgSrc": "https://cdn0.woolworths.media/content/wowproductimages/medium/601368.jpg",
        "name": "Nyal Children's Cough Medicine Strawberry 200ml",
        "price": 15,
        "unitPrice": "$7.50 / 100ML"
    },
    {
        "category": "health-beauty",
        "href": "https://www.woolworths.com.au/shop/productdetails/207489/simple-kind-to-skin-light-moisturiser-hydrating",
        "imgName": "207489.jpg",
        "imgSrc": "https://cdn0.woolworths.media/content/wowproductimages/medium/207489.jpg",
        "name": "Simple Kind To Skin Light Moisturiser Hydrating 125ml",
        "price": 10.99,
        "unitPrice": "$8.79 / 100ML"
    },
    {
        "category": "health-beauty",
        "href": "https://www.woolworths.com.au/shop/productdetails/890090/simple-kind-to-skin-facial-wipes-micellar",
        "imgName": "890090.jpg",
        "imgSrc": "https://cdn0.woolworths.media/content/wowproductimages/medium/890090.jpg",
        "name": "Simple Kind To Skin Facial Wipes Micellar 25pk",
        "price": 7.99,
        "unitPrice": "$0.32 / 1EA"
    },
    {
        "category": "health-beauty",
        "href": "https://www.woolworths.com.au/shop/productdetails/601355/batiste-texturising-spray",
        "imgName": "601355.jpg",
        "imgSrc": "https://cdn0.woolworths.media/content/wowproductimages/medium/601355.jpg",
        "name": "Batiste Texturising Spray 200ml",
        "price": 13,
        "unitPrice": "$6.50 / 100ML"
    },
    {
        "category": "health-beauty",
        "href": "https://www.woolworths.com.au/shop/productdetails/571674/swisse-kids-calcium-d3",
        "imgName": "571674.jpg",
        "imgSrc": "https://cdn0.woolworths.media/content/wowproductimages/medium/571674.jpg",
        "name": "Swisse Kids Calcium + D3  50 cap",
        "price": 25,
        "unitPrice": "$50.00 / 100EA"
    },
    {
        "category": "health-beauty",
        "href": "https://www.woolworths.com.au/shop/productdetails/324905/swisse-ultiboost-hair-skin-nail-tabs",
        "imgName": "324905.jpg",
        "imgSrc": "https://cdn0.woolworths.media/content/wowproductimages/medium/324905.jpg",
        "name": "Swisse Ultiboost Hair Skin Nail Tabs 60",
        "price": 23,
        "unitPrice": "$38.33 / 100EA"
    },
    {
        "category": "health-beauty",
        "href": "https://www.woolworths.com.au/shop/productdetails/762108/wet-ones-moist-wipes-be-fresh",
        "imgName": "762108.jpg",
        "imgSrc": "https://cdn0.woolworths.media/content/wowproductimages/medium/762108.jpg",
        "name": "Wet Ones Moist Wipes Be Fresh 80pk",
        "price": 6,
        "unitPrice": "$0.08 / 1EA"
    },
    {
        "category": "health-beauty",
        "href": "https://www.woolworths.com.au/shop/productdetails/202693/redwin-handwash-refill",
        "imgName": "202693.jpg",
        "imgSrc": "https://cdn0.woolworths.media/content/wowproductimages/medium/202693.jpg",
        "name": "Redwin Handwash Refill 750ml",
        "price": 5.39,
        "unitPrice": "$0.72 / 100ML"
    },
    {
        "category": "health-beauty",
        "href": "https://www.woolworths.com.au/shop/productdetails/715402/sudafed-pe-sinus-pain",
        "imgName": "715402.jpg",
        "imgSrc": "https://cdn0.woolworths.media/content/wowproductimages/medium/715402.jpg",
        "name": "Sudafed Pe Sinus & Pain  20pk",
        "price": 14.3,
        "unitPrice": "$0.72 / 1EA"
    },
    {
        "category": "health-beauty",
        "href": "https://www.woolworths.com.au/shop/productdetails/370977/nicorette-quit-smoking-gum-icy-mint-4mg",
        "imgName": "370977.jpg",
        "imgSrc": "https://cdn0.woolworths.media/content/wowproductimages/medium/370977.jpg",
        "name": "Nicorette Quit Smoking Gum Icy Mint 4mg 75pk",
        "price": 29,
        "unitPrice": "$38.67 / 100EA"
    },
    {
        "category": "health-beauty",
        "href": "https://www.woolworths.com.au/shop/productdetails/175717/dove-body-wash-triple-moisturising",
        "imgName": "175717.jpg",
        "imgSrc": "https://cdn0.woolworths.media/content/wowproductimages/medium/175717.jpg",
        "name": "Dove Body Wash Triple Moisturising 375ml",
        "price": 5.75,
        "unitPrice": "$1.53 / 100ML"
    },
    {
        "category": "health-beauty",
        "href": "https://www.woolworths.com.au/shop/productdetails/720635/swisspers-cotton-tips",
        "imgName": "720635.jpg",
        "imgSrc": "https://cdn0.woolworths.media/content/wowproductimages/medium/720635.jpg",
        "name": "Swisspers Cotton Tips 240pk",
        "price": 3.75,
        "unitPrice": "$1.56 / 100EA"
    },
    {
        "category": "health-beauty",
        "href": "https://www.woolworths.com.au/shop/productdetails/383489/cetaphil-gentle-skin-cleanser-all-skin-types",
        "imgName": "383489.jpg",
        "imgSrc": "https://cdn0.woolworths.media/content/wowproductimages/medium/383489.jpg",
        "name": "Cetaphil Gentle Skin Cleanser All Skin Types 500ml",
        "price": 17,
        "unitPrice": "$3.40 / 100ML"
    },
    {
        "category": "health-beauty",
        "href": "https://www.woolworths.com.au/shop/productdetails/771350/swisse-children-s-ultivite-multivitamin-tablets",
        "imgName": "771350.jpg",
        "imgSrc": "https://cdn0.woolworths.media/content/wowproductimages/medium/771350.jpg",
        "name": "Swisse Children's Ultivite Multivitamin Tablets 120pk",
        "price": 20,
        "unitPrice": "$16.67 / 100EA"
    },
    {
        "category": "health-beauty",
        "href": "https://www.woolworths.com.au/shop/productdetails/750055/colgate-toothpaste-optic-white",
        "imgName": "750055.jpg",
        "imgSrc": "https://cdn0.woolworths.media/content/wowproductimages/medium/750055.jpg",
        "name": "Colgate Toothpaste Optic White 140g",
        "price": 10.49,
        "unitPrice": "$7.49 / 100G"
    },
    {
        "category": "health-beauty",
        "href": "https://www.woolworths.com.au/shop/productdetails/742196/head-shoulders-apple-fresh-hair-scalp-care-anti-dandruff-shampoo",
        "imgName": "742196.jpg",
        "imgSrc": "https://cdn0.woolworths.media/content/wowproductimages/medium/742196.jpg",
        "name": "Head & Shoulders Apple Fresh Hair Scalp Care Anti Dandruff Shampoo 400ml",
        "price": 12.5,
        "unitPrice": "$3.13 / 100ML"
    },
    {
        "category": "health-beauty",
        "href": "https://www.woolworths.com.au/shop/productdetails/169614/oral-b-stages-2-manual-toothbrush-2-4-years-winnie-the-pooh",
        "imgName": "169614.jpg",
        "imgSrc": "https://cdn0.woolworths.media/content/wowproductimages/medium/169614.jpg",
        "name": "Oral-b Stages 2 Manual Toothbrush 2-4 Years Winnie The Pooh each",
        "price": 4,
        "unitPrice": "$4.00 / 1EA"
    },
    {
        "category": "health-beauty",
        "href": "https://www.woolworths.com.au/shop/productdetails/427875/modelco-contour-2-in-1-duo-contour-sculpt",
        "imgName": "427875.jpg",
        "imgSrc": "https://cdn0.woolworths.media/content/wowproductimages/medium/427875.jpg",
        "name": "Modelco Contour 2 In 1 Duo Contour & Sculpt 10g",
        "price": 22.95,
        "unitPrice": "$22.95 / 10G"
    },
    {
        "category": "health-beauty",
        "href": "https://www.woolworths.com.au/shop/productdetails/635386/nivea-women-invisible-anti-perspirant-spray",
        "imgName": "635386.jpg",
        "imgSrc": "https://cdn0.woolworths.media/content/wowproductimages/medium/635386.jpg",
        "name": "Nivea Women Invisible Anti Perspirant Spray 250ml",
        "price": 6.5,
        "unitPrice": "$2.60 / 100ML"
    },
    {
        "category": "health-beauty",
        "href": "https://www.woolworths.com.au/shop/productdetails/376844/rapid-loss-shake-mix-chocolate",
        "imgName": "376844.jpg",
        "imgSrc": "https://cdn0.woolworths.media/content/wowproductimages/medium/376844.jpg",
        "name": "Rapid Loss Shake Mix Chocolate 750g",
        "price": 40,
        "unitPrice": "$5.33 / 100G"
    },
    {
        "category": "health-beauty",
        "href": "https://www.woolworths.com.au/shop/productdetails/642269/nature-s-way-superfoods-organic-tumeric-powder",
        "imgName": "642269.jpg",
        "imgSrc": "https://cdn0.woolworths.media/content/wowproductimages/medium/642269.jpg",
        "name": "Nature's Way Superfoods Organic Tumeric Powder 100g",
        "price": 13,
        "unitPrice": "$13.00 / 100G"
    },
    {
        "category": "health-beauty",
        "href": "https://www.woolworths.com.au/shop/productdetails/169812/ease-a-cold-tablets-day-night",
        "imgName": "169812.jpg",
        "imgSrc": "https://cdn0.woolworths.media/content/wowproductimages/medium/169812.jpg",
        "name": "Ease A Cold Tablets Day & Night 30pk",
        "price": 17.3,
        "unitPrice": "$0.58 / 1EA"
    },
    {
        "category": "health-beauty",
        "href": "https://www.woolworths.com.au/shop/productdetails/31292/clairol-nice-n-easy-8a-natural-medium-ash-blonde",
        "imgName": "031292.jpg",
        "imgSrc": "https://cdn0.woolworths.media/content/wowproductimages/medium/031292.jpg",
        "name": "Clairol Nice N Easy 8a Natural Medium Ash Blonde each",
        "price": 13
    },
    {
        "category": "health-beauty",
        "href": "https://www.woolworths.com.au/shop/productdetails/87967/nivea-daily-essentials-refreshing-toner",
        "imgName": "087967.jpg",
        "imgSrc": "https://cdn0.woolworths.media/content/wowproductimages/medium/087967.jpg",
        "name": "Nivea Daily Essentials Refreshing Toner 200ml",
        "price": 9.99,
        "unitPrice": "$5.00 / 100ML"
    },
    {
        "category": "health-beauty",
        "href": "https://www.woolworths.com.au/shop/productdetails/731202/celebrity-slim-rapid-phase-shake-mix-cafe-latte",
        "imgName": "731202.jpg",
        "imgSrc": "https://cdn0.woolworths.media/content/wowproductimages/medium/731202.jpg",
        "name": "Celebrity Slim Rapid Phase Shake Mix Cafe Latte 840g",
        "price": 35.5,
        "unitPrice": "$4.23 / 100G"
    },
    {
        "category": "health-beauty",
        "href": "https://www.woolworths.com.au/shop/productdetails/558266/pain-away-ultra-pro-pain-relief-cream",
        "imgName": "558266.jpg",
        "imgSrc": "https://cdn0.woolworths.media/content/wowproductimages/medium/558266.jpg",
        "name": "Pain Away Ultra Pro Pain Relief Cream 70g",
        "price": 21.95,
        "unitPrice": "$31.36 / 100G"
    },
    {
        "category": "health-beauty",
        "href": "https://www.woolworths.com.au/shop/productdetails/572299/centrum-centrum-vitamints-cool-mint-60",
        "imgName": "572299.jpg",
        "imgSrc": "https://cdn0.woolworths.media/content/wowproductimages/medium/572299.jpg",
        "name": "Centrum Centrum Vitamints Cool Mint 60  60pk",
        "price": 12,
        "unitPrice": "$20.00 / 100EA"
    },
    {
        "category": "health-beauty",
        "href": "https://www.woolworths.com.au/shop/productdetails/365874/rimmel-extra-super-lash-mascara-brown-black",
        "imgName": "365874.jpg",
        "imgSrc": "https://cdn0.woolworths.media/content/wowproductimages/medium/365874.jpg",
        "name": "Rimmel Extra Super Lash Mascara Brown Black 8ml",
        "price": 13.5,
        "unitPrice": "$16.88 / 10ML"
    },
    {
        "category": "health-beauty",
        "href": "https://www.woolworths.com.au/shop/productdetails/966183/batiste-dry-shampoo-tropical",
        "imgName": "966183.jpg",
        "imgSrc": "https://cdn0.woolworths.media/content/wowproductimages/medium/966183.jpg",
        "name": "Batiste Dry Shampoo Tropical 400ml",
        "price": 16,
        "unitPrice": "$4.00 / 100ML"
    },
    {
        "category": "health-beauty",
        "href": "https://www.woolworths.com.au/shop/productdetails/637156/alpecin-shampoo-tuning",
        "imgName": "637156.jpg",
        "imgSrc": "https://cdn0.woolworths.media/content/wowproductimages/medium/637156.jpg",
        "name": "Alpecin Shampoo Tuning 200ml",
        "price": 16,
        "unitPrice": "$8.00 / 100ML"
    },
    {
        "category": "health-beauty",
        "href": "https://www.woolworths.com.au/shop/productdetails/321466/nicabate-quit-smoking-lozenges-mini-1-5mg",
        "imgName": "321466.jpg",
        "imgSrc": "https://cdn0.woolworths.media/content/wowproductimages/medium/321466.jpg",
        "name": "Nicabate Quit Smoking Lozenges Mini 1.5mg 20pk",
        "price": 12.79,
        "unitPrice": "$0.64 / 1EA"
    },
    {
        "category": "health-beauty",
        "href": "https://www.woolworths.com.au/shop/productdetails/748554/u-by-kotex-sport-liners",
        "imgName": "748554.jpg",
        "imgSrc": "https://cdn0.woolworths.media/content/wowproductimages/medium/748554.jpg",
        "name": "U By Kotex Sport Liners  30pk",
        "price": 3.99,
        "unitPrice": "$0.13 / 1EA"
    },
    {
        "category": "health-beauty",
        "href": "https://www.woolworths.com.au/shop/productdetails/365872/rimmel-extra-super-lash-mascara-black-curved-brush",
        "imgName": "365872.jpg",
        "imgSrc": "https://cdn0.woolworths.media/content/wowproductimages/medium/365872.jpg",
        "name": "Rimmel Extra Super Lash Mascara Black Curved Brush 8ml",
        "price": 13.5,
        "unitPrice": "$16.88 / 10ML"
    },
    {
        "category": "health-beauty",
        "href": "https://www.woolworths.com.au/shop/productdetails/720371/john-frieda-precision-foam-3n-deep-brown-black",
        "imgName": "720371.jpg",
        "imgSrc": "https://cdn0.woolworths.media/content/wowproductimages/medium/720371.jpg",
        "name": "John Frieda Precision Foam 3n Deep Brown Black each",
        "price": 23
    },
    {
        "category": "health-beauty",
        "href": "https://www.woolworths.com.au/shop/productdetails/507792/bounce-natural-energy-ball-maple-pecan",
        "imgName": "507792.jpg",
        "imgSrc": "https://cdn0.woolworths.media/content/wowproductimages/medium/507792.jpg",
        "name": "Bounce Natural Energy Ball Maple Pecan 42g",
        "price": 3,
        "unitPrice": "$7.14 / 100G"
    },
    {
        "category": "health-beauty",
        "href": "https://www.woolworths.com.au/shop/productdetails/517809/voeu-micellar-water",
        "imgName": "517809.jpg",
        "imgSrc": "https://cdn0.woolworths.media/content/wowproductimages/medium/517809.jpg",
        "name": "Voeu Micellar Water  200ml",
        "price": 4,
        "unitPrice": "$2.00 / 100ML"
    },
    {
        "category": "health-beauty",
        "href": "https://www.woolworths.com.au/shop/productdetails/634471/surf-life-saving-despicable-me-roll-on-spf-50-",
        "imgName": "634471.jpg",
        "imgSrc": "https://cdn0.woolworths.media/content/wowproductimages/medium/634471.jpg",
        "name": "Surf Life Saving Despicable Me Roll On Spf 50+ 75ml",
        "price": 11,
        "unitPrice": "$14.67 / 100ML"
    },
    {
        "category": "health-beauty",
        "href": "https://www.woolworths.com.au/shop/productdetails/188347/l-oreal-revitalift-rich-night-cream",
        "imgName": "188347.jpg",
        "imgSrc": "https://cdn0.woolworths.media/content/wowproductimages/medium/188347.jpg",
        "name": "L'oreal Revitalift Rich Night Cream 50ml",
        "price": 32.9,
        "unitPrice": "$65.80 / 100ML"
    },
    {
        "category": "health-beauty",
        "href": "https://www.woolworths.com.au/shop/productdetails/885327/replens-vaginal-moisturisers",
        "imgName": "885327.jpg",
        "imgSrc": "https://cdn0.woolworths.media/content/wowproductimages/medium/885327.jpg",
        "name": "Replens Vaginal Moisturisers  3sachets",
        "price": 13,
        "unitPrice": "$13.00 / 1EA"
    },
    {
        "category": "health-beauty",
        "href": "https://www.woolworths.com.au/shop/productdetails/90000288/smart-living-nutrition-love-me-low-carb-choc-caramel-bar-30g-x12-bundle",
        "imgName": "90000288.jpg",
        "imgSrc": "https://cdn0.woolworths.media/content/wowproductimages/medium/90000288.jpg",
        "name": "Smart Living Nutrition Love Me Low Carb Choc Caramel Bar 30g X12 Bundle",
        "price": 21,
        "unitPrice": "$5.83 / 100G"
    },
    {
        "category": "health-beauty",
        "href": "https://www.woolworths.com.au/shop/productdetails/261343/herbal-essences-shampoo-hello-hydration",
        "imgName": "261343.jpg",
        "imgSrc": "https://cdn0.woolworths.media/content/wowproductimages/medium/261343.jpg",
        "name": "Herbal Essences Shampoo Hello Hydration 300ml",
        "price": 5.5,
        "unitPrice": "$1.83 / 100ML"
    },
    {
        "category": "health-beauty",
        "href": "https://www.woolworths.com.au/shop/productdetails/176335/willys-kid-s-bubble-bath-colours",
        "imgName": "176335.jpg",
        "imgSrc": "https://cdn0.woolworths.media/content/wowproductimages/medium/176335.jpg",
        "name": "Willys Kid's Bubble Bath Colours 45g",
        "price": 5.79,
        "unitPrice": "$12.87 / 100G"
    },
    {
        "category": "health-beauty",
        "href": "https://www.woolworths.com.au/shop/productdetails/90000289/musashi-high-protein-p8-mini-bar-choc-coconut-30g-x12pk-bundle",
        "imgName": "90000289.jpg",
        "imgSrc": "https://cdn0.woolworths.media/content/wowproductimages/medium/90000289.jpg",
        "name": "Musashi High Protein P8 Mini Bar Choc Coconut 30g X12pk Bundle",
        "price": 22,
        "unitPrice": "$6.11 / 100G"
    },
    {
        "category": "health-beauty",
        "href": "https://www.woolworths.com.au/shop/productdetails/323169/gastrolyte-electrolyte-orange-sachets",
        "imgName": "323169.jpg",
        "imgSrc": "https://cdn0.woolworths.media/content/wowproductimages/medium/323169.jpg",
        "name": "Gastrolyte Electrolyte Orange Sachets  10pk",
        "price": 11,
        "unitPrice": "$110.00 / 100EA"
    },
    {
        "category": "health-beauty",
        "href": "https://www.woolworths.com.au/shop/productdetails/46612/garnier-fructis-full-luscious-conditioner",
        "imgName": "046612.jpg",
        "imgSrc": "https://cdn0.woolworths.media/content/wowproductimages/medium/046612.jpg",
        "name": "Garnier Fructis Full & Luscious Conditioner 250ml",
        "price": 5.45,
        "unitPrice": "$2.18 / 100ML"
    },
    {
        "category": "health-beauty",
        "href": "https://www.woolworths.com.au/shop/productdetails/795370/neutrogena-spf-30-sunscreen-ultra-sheer-clear-face",
        "imgName": "795370.jpg",
        "imgSrc": "https://cdn0.woolworths.media/content/wowproductimages/medium/795370.jpg",
        "name": "Neutrogena Spf 30+ Sunscreen Ultra Sheer Clear Face 88ml",
        "price": 17,
        "unitPrice": "$19.32 / 100ML"
    },
    {
        "category": "health-beauty",
        "href": "https://www.woolworths.com.au/shop/productdetails/771360/dermaveen-soap-bar-soap-free-cleansing",
        "imgName": "771360.jpg",
        "imgSrc": "https://cdn0.woolworths.media/content/wowproductimages/medium/771360.jpg",
        "name": "Dermaveen Soap Bar Soap Free Cleansing 115g",
        "price": 8.99,
        "unitPrice": "$7.82 / 100G"
    },
    {
        "category": "health-beauty",
        "href": "https://www.woolworths.com.au/shop/productdetails/637155/alpecin-shampoo-double-effect-caffeine",
        "imgName": "637155.jpg",
        "imgSrc": "https://cdn0.woolworths.media/content/wowproductimages/medium/637155.jpg",
        "name": "Alpecin Shampoo Double Effect Caffeine 200ml",
        "price": 16,
        "unitPrice": "$8.00 / 100ML"
    },
    {
        "category": "health-beauty",
        "href": "https://www.woolworths.com.au/shop/productdetails/872808/smart-living-nutrition-love-me-low-carb-almond-honey-bites",
        "imgName": "872808.jpg",
        "imgSrc": "https://cdn0.woolworths.media/content/wowproductimages/medium/872808.jpg",
        "name": "Smart Living Nutrition Love Me Low Carb Almond & Honey Bites 30g",
        "price": 2.4,
        "unitPrice": "$8.00 / 100G"
    },
    {
        "category": "health-beauty",
        "href": "https://www.woolworths.com.au/shop/productdetails/211586/homebrand-razor-disposable",
        "imgName": "211586.jpg",
        "imgSrc": "https://cdn0.woolworths.media/content/wowproductimages/medium/211586.jpg",
        "name": "Homebrand Razor Disposable  20pk",
        "price": 4,
        "unitPrice": "$0.20 / 1EA"
    },
    {
        "category": "health-beauty",
        "href": "https://www.woolworths.com.au/shop/productdetails/533687/l-oreal-pure-clay-exfoliating-smoothing-algae-mask",
        "imgName": "533687.jpg",
        "imgSrc": "https://cdn0.woolworths.media/content/wowproductimages/medium/533687.jpg",
        "name": "L'oreal Pure Clay Exfoliating & Smoothing Algae Mask 50ml",
        "price": 20,
        "unitPrice": "$40.00 / 100ML"
    },
    {
        "category": "health-beauty",
        "href": "https://www.woolworths.com.au/shop/productdetails/376590/ogx-shampoo-ever-straight-brazilian-keratin-therapy",
        "imgName": "376590.jpg",
        "imgSrc": "https://cdn0.woolworths.media/content/wowproductimages/medium/376590.jpg",
        "name": "Ogx Shampoo Ever Straight Brazilian Keratin Therapy 385ml",
        "price": 18,
        "unitPrice": "$4.68 / 100ML"
    },
    {
        "category": "health-beauty",
        "href": "https://www.woolworths.com.au/shop/productdetails/486585/ogx-shampoo-extra-strength-argan-oil-of-morocco",
        "imgName": "486585.jpg",
        "imgSrc": "https://cdn0.woolworths.media/content/wowproductimages/medium/486585.jpg",
        "name": "Ogx Shampoo Extra Strength Argan Oil Of Morocco 385ml",
        "price": 19,
        "unitPrice": "$4.94 / 100ML"
    },
    {
        "category": "health-beauty",
        "href": "https://www.woolworths.com.au/shop/productdetails/376791/nature-s-way-true-odourless-high-strength-fish-oil-1500mg",
        "imgName": "376791.jpg",
        "imgSrc": "https://cdn0.woolworths.media/content/wowproductimages/medium/376791.jpg",
        "name": "Nature's Way True Odourless High Strength Fish Oil 1500mg 400pk",
        "price": 35,
        "unitPrice": "$8.75 / 100EA"
    },
    {
        "category": "health-beauty",
        "href": "https://www.woolworths.com.au/shop/productdetails/345778/swisse-ultiboost-iron-tabs",
        "imgName": "345778.jpg",
        "imgSrc": "https://cdn0.woolworths.media/content/wowproductimages/medium/345778.jpg",
        "name": "Swisse Ultiboost Iron Tabs 30",
        "price": 10.2,
        "unitPrice": "$34.00 / 100EA"
    },
    {
        "category": "health-beauty",
        "href": "https://www.woolworths.com.au/shop/productdetails/10728/formula-10-0-6-peel-off-mask-brightening",
        "imgName": "010728.jpg",
        "imgSrc": "https://cdn0.woolworths.media/content/wowproductimages/medium/010728.jpg",
        "name": "Formula 10-0-6 Peel Off Mask Brightening each",
        "price": 8.99
    },
    {
        "category": "health-beauty",
        "href": "https://www.woolworths.com.au/shop/productdetails/39817/dencorub-gels-extra-strength-heat",
        "imgName": "039817.jpg",
        "imgSrc": "https://cdn0.woolworths.media/content/wowproductimages/medium/039817.jpg",
        "name": "Dencorub Gels Extra Strength Heat 100g",
        "price": 6,
        "unitPrice": "$6.00 / 100G"
    },
    {
        "category": "health-beauty",
        "href": "https://www.woolworths.com.au/shop/productdetails/378452/winners-energy-bar-apple-berry-crumble",
        "imgName": "378452.jpg",
        "imgSrc": "https://cdn0.woolworths.media/content/wowproductimages/medium/378452.jpg",
        "name": "Winners Energy Bar Apple Berry Crumble 55g",
        "price": 2.5,
        "unitPrice": "$4.55 / 100G"
    },
    {
        "category": "health-beauty",
        "href": "https://www.woolworths.com.au/shop/productdetails/731217/celebrity-slim-shake-mix-strawberry-sachet",
        "imgName": "731217.jpg",
        "imgSrc": "https://cdn0.woolworths.media/content/wowproductimages/medium/731217.jpg",
        "name": "Celebrity Slim Shake Mix Strawberry Sachet 55g",
        "price": 3.5,
        "unitPrice": "$6.36 / 100G"
    },
    {
        "category": "health-beauty",
        "href": "https://www.woolworths.com.au/shop/productdetails/787248/caltrate-500iu-bone-health-tablets",
        "imgName": "787248.jpg",
        "imgSrc": "https://cdn0.woolworths.media/content/wowproductimages/medium/787248.jpg",
        "name": "Caltrate 500iu Bone Health Tablets 100pk",
        "price": 16.95,
        "unitPrice": "$16.95 / 100EA"
    },
    {
        "category": "health-beauty",
        "href": "https://www.woolworths.com.au/shop/productdetails/31296/clairol-nice-n-easy-5-natural-medium-brown",
        "imgName": "031296.jpg",
        "imgSrc": "https://cdn0.woolworths.media/content/wowproductimages/medium/031296.jpg",
        "name": "Clairol Nice N Easy 5 Natural Medium Brown each",
        "price": 13
    },
    {
        "category": "health-beauty",
        "href": "https://www.woolworths.com.au/shop/productdetails/631237/aussie-bodies-lo-carb-protein-bar-whip-d-boysenberry-ripple",
        "imgName": "631237.jpg",
        "imgSrc": "https://cdn0.woolworths.media/content/wowproductimages/medium/631237.jpg",
        "name": "Aussie Bodies Lo Carb Protein Bar Whip'd Boysenberry Ripple 2x30g",
        "price": 4,
        "unitPrice": "$6.67 / 100G"
    },
    {
        "category": "health-beauty",
        "href": "https://www.woolworths.com.au/shop/productdetails/780064/nature-s-way-restore-bowel-colon",
        "imgName": "780064.jpg",
        "imgSrc": "https://cdn0.woolworths.media/content/wowproductimages/medium/780064.jpg",
        "name": "Nature's Way Restore Bowel & Colon 30pk",
        "price": 30,
        "unitPrice": "$100.00 / 100EA"
    },
    {
        "category": "health-beauty",
        "href": "https://www.woolworths.com.au/shop/productdetails/570475/colgate-sensitive-pro-relief-extra-protect",
        "imgName": "570475.jpg",
        "imgSrc": "https://cdn0.woolworths.media/content/wowproductimages/medium/570475.jpg",
        "name": "Colgate Sensitive Pro Relief Extra Protect 110g",
        "price": 12,
        "unitPrice": "$10.91 / 100G"
    },
    {
        "category": "health-beauty",
        "href": "https://www.woolworths.com.au/shop/productdetails/31298/clairol-nice-n-easy-9a-natural-light-ash-blonde",
        "imgName": "031298.jpg",
        "imgSrc": "https://cdn0.woolworths.media/content/wowproductimages/medium/031298.jpg",
        "name": "Clairol Nice N Easy 9a Natural Light Ash Blonde each",
        "price": 13
    },
    {
        "category": "health-beauty",
        "href": "https://www.woolworths.com.au/shop/productdetails/187658/l-oreal-age-perfect-face-cream-at-night",
        "imgName": "187658.jpg",
        "imgSrc": "https://cdn0.woolworths.media/content/wowproductimages/medium/187658.jpg",
        "name": "L'oreal Age Perfect Face Cream At Night 50ml",
        "price": 32.95,
        "unitPrice": "$65.90 / 100ML"
    },
    {
        "category": "health-beauty",
        "href": "https://www.woolworths.com.au/shop/productdetails/649946/piksters-interdental-brushes-size-0",
        "imgName": "649946.jpg",
        "imgSrc": "https://cdn0.woolworths.media/content/wowproductimages/medium/649946.jpg",
        "name": "Piksters Interdental Brushes Size 0 10pk",
        "price": 7,
        "unitPrice": "$0.70 / 1EA"
    },
    {
        "category": "health-beauty",
        "href": "https://www.woolworths.com.au/shop/productdetails/720596/ansell-lifestyles-condoms-skyn-extra-lubricated",
        "imgName": "720596.jpg",
        "imgSrc": "https://cdn0.woolworths.media/content/wowproductimages/medium/720596.jpg",
        "name": "Ansell Lifestyles Condoms Skyn Extra Lubricated 10pk",
        "price": 10,
        "unitPrice": "$1.00 / 1EA"
    },
    {
        "category": "health-beauty",
        "href": "https://www.woolworths.com.au/shop/productdetails/838986/surf-life-saving-sunscreen-sport-spf-50-",
        "imgName": "838986.jpg",
        "imgSrc": "https://cdn0.woolworths.media/content/wowproductimages/medium/838986.jpg",
        "name": "Surf Life Saving Sunscreen Sport Spf 50+ 200ml",
        "price": 16.5,
        "unitPrice": "$8.25 / 100ML"
    },
    {
        "category": "health-beauty",
        "href": "https://www.woolworths.com.au/shop/productdetails/564145/ecotools-brow-shaping-duo",
        "imgName": "564145.jpg",
        "imgSrc": "https://cdn0.woolworths.media/content/wowproductimages/medium/564145.jpg",
        "name": "Ecotools Brow Shaping Duo  1ea",
        "price": 13
    },
    {
        "category": "health-beauty",
        "href": "https://www.woolworths.com.au/shop/productdetails/878740/rimmel-oh-my-gloss-love-bug",
        "imgName": "878740.jpg",
        "imgSrc": "https://cdn0.woolworths.media/content/wowproductimages/medium/878740.jpg",
        "name": "Rimmel Oh My Gloss Love Bug 6.5ml",
        "price": 13.95,
        "unitPrice": "$21.46 / 10ML"
    },
    {
        "category": "health-beauty",
        "href": "https://www.woolworths.com.au/shop/productdetails/403219/natures-way-slim-right-skinny-drops-with-garcinia",
        "imgName": "403219.jpg",
        "imgSrc": "https://cdn0.woolworths.media/content/wowproductimages/medium/403219.jpg",
        "name": "Natures Way Slim Right Skinny Drops With Garcinia 48ml",
        "price": 8,
        "unitPrice": "$16.67 / 100ML"
    },
    {
        "category": "health-beauty",
        "href": "https://www.woolworths.com.au/shop/productdetails/610343/hydralyte-effervescent-electrolyte-tablets-orange",
        "imgName": "610343.jpg",
        "imgSrc": "https://cdn0.woolworths.media/content/wowproductimages/medium/610343.jpg",
        "name": "Hydralyte Effervescent Electrolyte Tablets Orange 10pk",
        "price": 8,
        "unitPrice": "$0.80 / 1EA"
    },
    {
        "category": "health-beauty",
        "href": "https://www.woolworths.com.au/shop/productdetails/187698/ford-senna-laxatives-extra-strength-tablets",
        "imgName": "187698.jpg",
        "imgSrc": "https://cdn0.woolworths.media/content/wowproductimages/medium/187698.jpg",
        "name": "Ford Senna Laxatives Extra Strength Tablets 100pk",
        "price": 9.5,
        "unitPrice": "$0.10 / 1EA"
    },
    {
        "category": "health-beauty",
        "href": "https://www.woolworths.com.au/shop/productdetails/445853/codral-antibacterial-throat-lozenges-anaesthetic-lime-and-lemon",
        "imgName": "445853.jpg",
        "imgSrc": "https://cdn0.woolworths.media/content/wowproductimages/medium/445853.jpg",
        "name": "Codral Antibacterial Throat Lozenges Anaesthetic Lime And Lemon 16pk",
        "price": 7.5,
        "unitPrice": "$46.88 / 100EA"
    },
    {
        "category": "health-beauty",
        "href": "https://www.woolworths.com.au/shop/productdetails/90000668/garnier-nutrisse-4-0-tamarind-hair-colour-x2-bundle",
        "imgName": "90000668.jpg",
        "imgSrc": "https://cdn0.woolworths.media/content/wowproductimages/medium/90000668.jpg",
        "name": "Garnier Nutrisse 4.0 Tamarind Hair Colour X2 Bundle",
        "price": 25,
        "unitPrice": "$12.50 / 1EA"
    },
    {
        "category": "health-beauty",
        "href": "https://www.woolworths.com.au/shop/productdetails/90000698/garnier-nutrisse-4-0-tamarind-hair-colour-x3-bundle",
        "imgName": "90000698.jpg",
        "imgSrc": "https://cdn0.woolworths.media/content/wowproductimages/medium/90000698.jpg",
        "name": "Garnier Nutrisse 4.0 Tamarind Hair Colour X3 Bundle",
        "price": 35,
        "unitPrice": "$11.67 / 1EA"
    },
    {
        "category": "health-beauty",
        "href": "https://www.woolworths.com.au/shop/productdetails/90000655/garnier-fructis-conditioner-normal-hair-250ml-x2-bundle",
        "imgName": "90000655.jpg",
        "imgSrc": "https://cdn0.woolworths.media/content/wowproductimages/medium/90000655.jpg",
        "name": "Garnier Fructis Conditioner Normal Hair 250ml X2 Bundle",
        "price": 10,
        "unitPrice": "$2.00 / 100ML"
    },
    {
        "category": "health-beauty",
        "href": "https://www.woolworths.com.au/shop/productdetails/90000673/l-oreal-magic-retouch-regrowth-concealer-spray-brown-x3-bundle",
        "imgName": "90000673.jpg",
        "imgSrc": "https://cdn0.woolworths.media/content/wowproductimages/medium/90000673.jpg",
        "name": "L'oreal Magic Retouch Regrowth Concealer Spray Brown X3 Bundle",
        "price": 40,
        "unitPrice": "$17.78 / 100ML"
    },
    {
        "category": "health-beauty",
        "href": "https://www.woolworths.com.au/shop/productdetails/90000645/l-oreal-magic-retouch-regrowth-concealer-spray-black-x2-bundle",
        "imgName": "90000645.jpg",
        "imgSrc": "https://cdn0.woolworths.media/content/wowproductimages/medium/90000645.jpg",
        "name": "L'oreal Magic Retouch Regrowth Concealer Spray Black X2 Bundle",
        "price": 30,
        "unitPrice": "$20.00 / 100ML"
    },
    {
        "category": "health-beauty",
        "href": "https://www.woolworths.com.au/shop/productdetails/90000366/l-oreal-revitalift-anti-wrinkle-fimring-day-face-cream-eye-cream-bundle",
        "imgName": "90000366.jpg",
        "imgSrc": "https://cdn0.woolworths.media/content/wowproductimages/medium/90000366.jpg",
        "name": "L'oreal Revitalift Anti Wrinkle & Fimring Day Face Cream & Eye Cream Bundle",
        "price": 60
    },
    {
        "category": "health-beauty",
        "href": "https://www.woolworths.com.au/shop/productdetails/748677/nivea-for-men-deodorant-aerosol-black-white-aero",
        "imgName": "748677.jpg",
        "imgSrc": "https://cdn0.woolworths.media/content/wowproductimages/medium/748677.jpg",
        "name": "Nivea For Men Deodorant Aerosol Black & White Aero 151g",
        "price": 6.5,
        "unitPrice": "$2.60 / 100ML"
    },
    {
        "category": "health-beauty",
        "href": "https://www.woolworths.com.au/shop/productdetails/790555/nivea-deodorant-aerosol-stress-protect",
        "imgName": "790555.jpg",
        "imgSrc": "https://cdn0.woolworths.media/content/wowproductimages/medium/790555.jpg",
        "name": "Nivea Deodorant Aerosol Stress Protect 250ml",
        "price": 6.5,
        "unitPrice": "$2.60 / 100ML"
    },
    {
        "category": "health-beauty",
        "href": "https://www.woolworths.com.au/shop/productdetails/37018/cashmere-bouquet-talc-lavender",
        "imgName": "037018.jpg",
        "imgSrc": "https://cdn0.woolworths.media/content/wowproductimages/medium/037018.jpg",
        "name": "Cashmere Bouquet Talc Lavender 250g",
        "price": 3.2,
        "unitPrice": "$1.28 / 100G"
    },
    {
        "category": "health-beauty",
        "href": "https://www.woolworths.com.au/shop/productdetails/111999/nivea-for-men-active-comfort-aftershave-balm-sensitive",
        "imgName": "111999.jpg",
        "imgSrc": "https://cdn0.woolworths.media/content/wowproductimages/medium/111999.jpg",
        "name": "Nivea For Men Active Comfort Aftershave Balm  Sensitive 100ml",
        "price": 11.5,
        "unitPrice": "$11.50 / 100ML"
    },
    {
        "category": "health-beauty",
        "href": "https://www.woolworths.com.au/shop/productdetails/209809/sally-hansen-nail-triple-strong",
        "imgName": "209809.jpg",
        "imgSrc": "https://cdn0.woolworths.media/content/wowproductimages/medium/209809.jpg",
        "name": "Sally Hansen Nail Triple Strong 13.3ml",
        "price": 15.95,
        "unitPrice": "$11.99 / 10ML"
    },
    {
        "category": "health-beauty",
        "href": "https://www.woolworths.com.au/shop/productdetails/436512/rimmel-super-curler-mascara-extreme-black",
        "imgName": "436512.jpg",
        "imgSrc": "https://cdn0.woolworths.media/content/wowproductimages/medium/436512.jpg",
        "name": "Rimmel Super Curler Mascara Extreme Black 124",
        "price": 17.95,
        "unitPrice": "$14.96 / 10ML"
    },
    {
        "category": "health-beauty",
        "href": "https://www.woolworths.com.au/shop/productdetails/436515/clearasil-ultra-5-in-1-wash",
        "imgName": "436515.jpg",
        "imgSrc": "https://cdn0.woolworths.media/content/wowproductimages/medium/436515.jpg",
        "name": "Clearasil Ultra 5 In 1 Wash  150ml",
        "price": 14.99,
        "unitPrice": "$9.99 / 100ML"
    },
    {
        "category": "health-beauty",
        "href": "https://www.woolworths.com.au/shop/productdetails/305050/nyal-tablets-cold-and-flu-18-day-6-night",
        "imgName": "305050.jpg",
        "imgSrc": "https://cdn0.woolworths.media/content/wowproductimages/medium/305050.jpg",
        "name": "Nyal Tablets Cold And Flu 18 Day & 6 Night 24pk",
        "price": 14,
        "unitPrice": "$0.58 / 1EA"
    },
    {
        "category": "health-beauty",
        "href": "https://www.woolworths.com.au/shop/productdetails/307865/colgate-toothbrush-extra-clean-medium",
        "imgName": "307865.jpg",
        "imgSrc": "https://cdn0.woolworths.media/content/wowproductimages/medium/307865.jpg",
        "name": "Colgate Toothbrush Extra Clean Medium each",
        "price": 2,
        "unitPrice": "$2.00 / 1EA"
    },
    {
        "category": "health-beauty",
        "href": "https://www.woolworths.com.au/shop/productdetails/827605/gillette-fusion-proglide-manual-shaving-razor-blade-flexball-handle-technology",
        "imgName": "827605.jpg",
        "imgSrc": "https://cdn0.woolworths.media/content/wowproductimages/medium/827605.jpg",
        "name": "Gillette Fusion Proglide Manual Shaving Razor & Blade Flexball Handle Technology each",
        "price": 21.5
    },
    {
        "category": "health-beauty",
        "href": "https://www.woolworths.com.au/shop/productdetails/966662/essano-rosehip-visible-lift-eye-cr-me",
        "imgName": "966662.jpg",
        "imgSrc": "https://cdn0.woolworths.media/content/wowproductimages/medium/966662.jpg",
        "name": "Essano Rosehip Visible Lift Eye Cr\u00e8me  15ml",
        "price": 19.99,
        "unitPrice": "$133.27 / 100ML"
    },
    {
        "category": "health-beauty",
        "href": "https://www.woolworths.com.au/shop/productdetails/966928/essano-rosehip-facial-wipes-gentle-cleansing",
        "imgName": "966928.jpg",
        "imgSrc": "https://cdn0.woolworths.media/content/wowproductimages/medium/966928.jpg",
        "name": "Essano Rosehip Facial Wipes Gentle Cleansing 20pk",
        "price": 8.99,
        "unitPrice": "$0.45 / 1EA"
    },
    {
        "category": "health-beauty",
        "href": "https://www.woolworths.com.au/shop/productdetails/757574/joico-k-pak-conditioner-color-therapy",
        "imgName": "757574.jpg",
        "imgSrc": "https://cdn0.woolworths.media/content/wowproductimages/medium/757574.jpg",
        "name": "Joico K-pak Conditioner Color Therapy 300ml",
        "price": 20,
        "unitPrice": "$6.67 / 100ML"
    },
    {
        "category": "health-beauty",
        "href": "https://www.woolworths.com.au/shop/productdetails/730297/nivea-daily-essentials-refreshing-facial-wash-gel",
        "imgName": "730297.jpg",
        "imgSrc": "https://cdn0.woolworths.media/content/wowproductimages/medium/730297.jpg",
        "name": "Nivea Daily Essentials Refreshing Facial Wash Gel 150ml",
        "price": 10.29,
        "unitPrice": "$6.86 / 100ML"
    },
    {
        "category": "health-beauty",
        "href": "https://www.woolworths.com.au/shop/productdetails/312050/palmer-s-cocoa-butter-hand-cream",
        "imgName": "312050.jpg",
        "imgSrc": "https://cdn0.woolworths.media/content/wowproductimages/medium/312050.jpg",
        "name": "Palmer's Cocoa Butter Hand Cream 60g",
        "price": 4.49,
        "unitPrice": "$7.48 / 100G"
    },
    {
        "category": "health-beauty",
        "href": "https://www.woolworths.com.au/shop/productdetails/731126/slim-secrets-craving-crusher-cookies-cream",
        "imgName": "731126.jpg",
        "imgSrc": "https://cdn0.woolworths.media/content/wowproductimages/medium/731126.jpg",
        "name": "Slim Secrets Craving Crusher Cookies & Cream 40g",
        "price": 3,
        "unitPrice": "$7.50 / 100G"
    },
    {
        "category": "health-beauty",
        "href": "https://www.woolworths.com.au/shop/productdetails/762192/modelco-fatlash-black-mascara",
        "imgName": "762192.jpg",
        "imgSrc": "https://cdn0.woolworths.media/content/wowproductimages/medium/762192.jpg",
        "name": "Modelco Fatlash Black Mascara each",
        "price": 19.95,
        "unitPrice": "$18.14 / 10ML"
    },
    {
        "category": "health-beauty",
        "href": "https://www.woolworths.com.au/shop/productdetails/231133/woolworths-select-combs-dressing",
        "imgName": "231133.jpg",
        "imgSrc": "https://cdn0.woolworths.media/content/wowproductimages/medium/231133.jpg",
        "name": "Woolworths Select Combs Dressing 1pk",
        "price": 3
    },
    {
        "category": "health-beauty",
        "href": "https://www.woolworths.com.au/shop/productdetails/298580/oscar-orsen-small-claw-grip-black",
        "imgName": "298580.jpg",
        "imgSrc": "https://cdn0.woolworths.media/content/wowproductimages/medium/298580.jpg",
        "name": "Oscar Orsen Small Claw Grip Black 2 pack",
        "price": 4.5
    },
    {
        "category": "health-beauty",
        "href": "https://www.woolworths.com.au/shop/productdetails/347627/priya-soap-bar-goats-milk",
        "imgName": "347627.jpg",
        "imgSrc": "https://cdn0.woolworths.media/content/wowproductimages/medium/347627.jpg",
        "name": "Priya Soap Bar Goats Milk 100g",
        "price": 2.09,
        "unitPrice": "$2.09 / 100G"
    },
    {
        "category": "health-beauty",
        "href": "https://www.woolworths.com.au/shop/productdetails/381585/l-oreal-age-perfect-eye-cream-intense-nutrition-balm",
        "imgName": "381585.jpg",
        "imgSrc": "https://cdn0.woolworths.media/content/wowproductimages/medium/381585.jpg",
        "name": "L'oreal Age Perfect Eye Cream Intense Nutrition Balm 15ml",
        "price": 35.55,
        "unitPrice": "$237.00 / 100ML"
    },
    {
        "category": "health-beauty",
        "href": "https://www.woolworths.com.au/shop/productdetails/482746/thankyou-body-coffee-scrub-botanical-geranium-rosewood",
        "imgName": "482746.jpg",
        "imgSrc": "https://cdn0.woolworths.media/content/wowproductimages/medium/482746.jpg",
        "name": "Thankyou Body Coffee Scrub Botanical Geranium & Rosewood 300g",
        "price": 14.95,
        "unitPrice": "$4.98 / 100G"
    },
    {
        "category": "health-beauty",
        "href": "https://www.woolworths.com.au/shop/productdetails/320599/nivea-for-men-face-care-sensitive-wash",
        "imgName": "320599.jpg",
        "imgSrc": "https://cdn0.woolworths.media/content/wowproductimages/medium/320599.jpg",
        "name": "Nivea For Men Face Care Sensitive Wash 100ml",
        "price": 8,
        "unitPrice": "$8.00 / 100ML"
    },
    {
        "category": "health-beauty",
        "href": "https://www.woolworths.com.au/shop/productdetails/648972/no-issues-facial-tissues-single-cube",
        "imgName": "648972.jpg",
        "imgSrc": "https://cdn0.woolworths.media/content/wowproductimages/medium/648972.jpg",
        "name": "No Issues Facial Tissues Single Cube 60ss",
        "price": 2,
        "unitPrice": "$3.33 / 100SS"
    },
    {
        "category": "health-beauty",
        "href": "https://www.woolworths.com.au/shop/productdetails/826414/oral-b-3d-white-luxe-anticavity-fluoride-toothpaste",
        "imgName": "826414.jpg",
        "imgSrc": "https://cdn0.woolworths.media/content/wowproductimages/medium/826414.jpg",
        "name": "Oral-b 3d White Luxe Anticavity Fluoride Toothpaste  95g",
        "price": 9,
        "unitPrice": "$9.47 / 100G"
    },
    {
        "category": "health-beauty",
        "href": "https://www.woolworths.com.au/shop/productdetails/558035/pain-away-arthritis-pain-relief-cream",
        "imgName": "558035.jpg",
        "imgSrc": "https://cdn0.woolworths.media/content/wowproductimages/medium/558035.jpg",
        "name": "Pain Away Arthritis Pain Relief Cream 70g",
        "price": 20,
        "unitPrice": "$28.57 / 100G"
    },
    {
        "category": "health-beauty",
        "href": "https://www.woolworths.com.au/shop/productdetails/566744/manicare-cuticle-scissors-curved",
        "imgName": "566744.jpg",
        "imgSrc": "https://cdn0.woolworths.media/content/wowproductimages/medium/566744.jpg",
        "name": "Manicare Cuticle Scissors Curved each",
        "price": 13
    },
    {
        "category": "health-beauty",
        "href": "https://www.woolworths.com.au/shop/productdetails/715700/l-oreal-age-perfect-face-serum-intense-nutrition",
        "imgName": "715700.jpg",
        "imgSrc": "https://cdn0.woolworths.media/content/wowproductimages/medium/715700.jpg",
        "name": "L'oreal Age Perfect Face Serum Intense Nutrition 30ml",
        "price": 41.49,
        "unitPrice": "$138.30 / 100ML"
    },
    {
        "category": "health-beauty",
        "href": "https://www.woolworths.com.au/shop/productdetails/168379/neutrogena-oil-free-acne-cleanser",
        "imgName": "168379.jpg",
        "imgSrc": "https://cdn0.woolworths.media/content/wowproductimages/medium/168379.jpg",
        "name": "Neutrogena Oil Free Acne Cleanser  175ml",
        "price": 15.49,
        "unitPrice": "$8.85 / 100ML"
    },
    {
        "category": "health-beauty",
        "href": "https://www.woolworths.com.au/shop/productdetails/258289/clearasil-deep-cleanser-facial-scrub-daily-exfoliating",
        "imgName": "258289.jpg",
        "imgSrc": "https://cdn0.woolworths.media/content/wowproductimages/medium/258289.jpg",
        "name": "Clearasil Deep Cleanser Facial Scrub Daily Exfoliating 150ml",
        "price": 10.49,
        "unitPrice": "$6.99 / 100ML"
    },
    {
        "category": "health-beauty",
        "href": "https://www.woolworths.com.au/shop/productdetails/743824/woolworths-select-cosmetic-powder-brush",
        "imgName": "743824.jpg",
        "imgSrc": "https://cdn0.woolworths.media/content/wowproductimages/medium/743824.jpg",
        "name": "Woolworths Select Cosmetic Powder Brush each",
        "price": 9.99,
        "unitPrice": "$9.99 / 1EA"
    },
    {
        "category": "health-beauty",
        "href": "https://www.woolworths.com.au/shop/productdetails/744000/woolworths-select-ibuprofen-rapid-caplets",
        "imgName": "744000.jpg",
        "imgSrc": "https://cdn0.woolworths.media/content/wowproductimages/medium/744000.jpg",
        "name": "Woolworths Select Ibuprofen Rapid Caplets 24pk",
        "price": 5.3,
        "unitPrice": "$0.22 / 1EA"
    },
    {
        "category": "health-beauty",
        "href": "https://www.woolworths.com.au/shop/productdetails/741270/ecotools-classic-foundation-brush",
        "imgName": "741270.jpg",
        "imgSrc": "https://cdn0.woolworths.media/content/wowproductimages/medium/741270.jpg",
        "name": "Ecotools Classic Foundation Brush",
        "price": 10.99,
        "unitPrice": "$10.99 / 1EA"
    },
    {
        "category": "health-beauty",
        "href": "https://www.woolworths.com.au/shop/productdetails/581157/all-smiles-total-care-toothbrush-soft",
        "imgName": "581157.jpg",
        "imgSrc": "https://cdn0.woolworths.media/content/wowproductimages/medium/581157.jpg",
        "name": "All Smiles Total Care Toothbrush Soft 6pk",
        "price": 7.5,
        "unitPrice": "$1.25 / 1EA"
    },
    {
        "category": "health-beauty",
        "href": "https://www.woolworths.com.au/shop/productdetails/476785/modelco-dual-sharpener",
        "imgName": "476785.jpg",
        "imgSrc": "https://cdn0.woolworths.media/content/wowproductimages/medium/476785.jpg",
        "name": "Modelco Dual Sharpener",
        "price": 6.95,
        "unitPrice": "$6.95 / 1EA"
    },
    {
        "category": "health-beauty",
        "href": "https://www.woolworths.com.au/shop/productdetails/503054/le-tan-coconut-water-gradual-tanning-lotion",
        "imgName": "503054.jpg",
        "imgSrc": "https://cdn0.woolworths.media/content/wowproductimages/medium/503054.jpg",
        "name": "Le Tan Coconut Water Gradual Tanning Lotion 250ml",
        "price": 11.5,
        "unitPrice": "$4.60 / 100ML"
    },
    {
        "category": "health-beauty",
        "href": "https://www.woolworths.com.au/shop/productdetails/365915/rimmel-soft-kohl-kajal-eye-pencil-061-jet-black",
        "imgName": "365915.jpg",
        "imgSrc": "https://cdn0.woolworths.media/content/wowproductimages/medium/365915.jpg",
        "name": "Rimmel Soft Kohl Kajal Eye Pencil 061 Jet Black 1.2g",
        "price": 8.95,
        "unitPrice": "$74.58 / 10G"
    },
    {
        "category": "health-beauty",
        "href": "https://www.woolworths.com.au/shop/productdetails/720666/gaviscon-tablets-peppermint",
        "imgName": "720666.jpg",
        "imgSrc": "https://cdn0.woolworths.media/content/wowproductimages/medium/720666.jpg",
        "name": "Gaviscon Tablets Peppermint 48pk",
        "price": 10.5,
        "unitPrice": "$0.22 / 1EA"
    },
    {
        "category": "health-beauty",
        "href": "https://www.woolworths.com.au/shop/productdetails/724285/palmolive-soap-bar-aloe-olive",
        "imgName": "724285.jpg",
        "imgSrc": "https://cdn0.woolworths.media/content/wowproductimages/medium/724285.jpg",
        "name": "Palmolive Soap Bar Aloe & Olive 4pk",
        "price": 2.85,
        "unitPrice": "$0.79 / 100G"
    },
    {
        "category": "health-beauty",
        "href": "https://www.woolworths.com.au/shop/productdetails/780491/vitaustralia-wild-krill-oil-1000mg",
        "imgName": "780491.jpg",
        "imgSrc": "https://cdn0.woolworths.media/content/wowproductimages/medium/780491.jpg",
        "name": "Vitaustralia Wild Krill Oil 1000mg 30 capsules",
        "price": 12,
        "unitPrice": "$40.00 / 100EA"
    },
    {
        "category": "health-beauty",
        "href": "https://www.woolworths.com.au/shop/productdetails/6768/organic-care-shampoo-normal-balanced",
        "imgName": "006768.jpg",
        "imgSrc": "https://cdn0.woolworths.media/content/wowproductimages/medium/006768.jpg",
        "name": "Organic Care Shampoo Normal Balanced 400ml",
        "price": 3.5,
        "unitPrice": "$0.88 / 100ML"
    },
    {
        "category": "health-beauty",
        "href": "https://www.woolworths.com.au/shop/productdetails/6260/blackmores-mega-b-complex-tablets",
        "imgName": "006260.jpg",
        "imgSrc": "https://cdn0.woolworths.media/content/wowproductimages/medium/006260.jpg",
        "name": "Blackmores Mega B Complex Tablets 31pk",
        "price": 17,
        "unitPrice": "$54.84 / 100EA"
    },
    {
        "category": "health-beauty",
        "href": "https://www.woolworths.com.au/shop/productdetails/511660/beckham-body-spray-intimately",
        "imgName": "511660.jpg",
        "imgSrc": "https://cdn0.woolworths.media/content/wowproductimages/medium/511660.jpg",
        "name": "Beckham Body Spray Intimately 150ml",
        "price": 8,
        "unitPrice": "$5.33 / 100ML"
    },
    {
        "category": "health-beauty",
        "href": "https://www.woolworths.com.au/shop/productdetails/231928/clearasil-ultra-facial-scrub-deep-pore",
        "imgName": "231928.jpg",
        "imgSrc": "https://cdn0.woolworths.media/content/wowproductimages/medium/231928.jpg",
        "name": "Clearasil Ultra Facial Scrub Deep Pore 150ml",
        "price": 14.79,
        "unitPrice": "$9.86 / 100ML"
    },
    {
        "category": "health-beauty",
        "href": "https://www.woolworths.com.au/shop/productdetails/715787/carmex-lip-balm-moisturising-jar",
        "imgName": "715787.jpg",
        "imgSrc": "https://cdn0.woolworths.media/content/wowproductimages/medium/715787.jpg",
        "name": "Carmex Lip Balm Moisturising Jar 7.5g",
        "price": 4.99,
        "unitPrice": "$66.53 / 100G"
    },
    {
        "category": "health-beauty",
        "href": "https://www.woolworths.com.au/shop/productdetails/766492/milk-face-care-wash-plus-body-scrub",
        "imgName": "766492.jpg",
        "imgSrc": "https://cdn0.woolworths.media/content/wowproductimages/medium/766492.jpg",
        "name": "Milk Face Care Wash Plus Body Scrub 375ml",
        "price": 13,
        "unitPrice": "$3.47 / 100ML"
    },
    {
        "category": "health-beauty",
        "href": "https://www.woolworths.com.au/shop/productdetails/762748/rimmel-wake-me-up-concealer-ivory",
        "imgName": "762748.jpg",
        "imgSrc": "https://cdn0.woolworths.media/content/wowproductimages/medium/762748.jpg",
        "name": "Rimmel Wake Me Up Concealer Ivory each",
        "price": 14.95,
        "unitPrice": "$21.36 / 10ML"
    },
    {
        "category": "health-beauty",
        "href": "https://www.woolworths.com.au/shop/productdetails/772365/essano-rosehip-gentle-facial-cleanser",
        "imgName": "772365.jpg",
        "imgSrc": "https://cdn0.woolworths.media/content/wowproductimages/medium/772365.jpg",
        "name": "Essano Rosehip Gentle Facial Cleanser  140ml",
        "price": 13.99,
        "unitPrice": "$9.99 / 100ML"
    },
    {
        "category": "health-beauty",
        "href": "https://www.woolworths.com.au/shop/productdetails/828136/blackmores-odourless-fish-oil-1000mg",
        "imgName": "828136.jpg",
        "imgSrc": "https://cdn0.woolworths.media/content/wowproductimages/medium/828136.jpg",
        "name": "Blackmores Odourless Fish Oil 1000mg 400pk",
        "price": 39,
        "unitPrice": "$9.75 / 100EA"
    },
    {
        "category": "health-beauty",
        "href": "https://www.woolworths.com.au/shop/productdetails/764197/australian-pure-beauty-moisturiser",
        "imgName": "764197.jpg",
        "imgSrc": "https://cdn0.woolworths.media/content/wowproductimages/medium/764197.jpg",
        "name": "Australian Pure Beauty Moisturiser  250ml",
        "price": 5.15,
        "unitPrice": "$2.06 / 100ML"
    },
    {
        "category": "health-beauty",
        "href": "https://www.woolworths.com.au/shop/productdetails/765187/neutrogena-spf-50-sunscreen-beach-defence-lotion",
        "imgName": "765187.jpg",
        "imgSrc": "https://cdn0.woolworths.media/content/wowproductimages/medium/765187.jpg",
        "name": "Neutrogena Spf 50+ Sunscreen Beach Defence Lotion 198ml",
        "price": 17.8,
        "unitPrice": "$8.99 / 100ML"
    },
    {
        "category": "health-beauty",
        "href": "https://www.woolworths.com.au/shop/productdetails/966792/essano-rosehip-collagen-repair-serum",
        "imgName": "966792.jpg",
        "imgSrc": "https://cdn0.woolworths.media/content/wowproductimages/medium/966792.jpg",
        "name": "Essano Rosehip Collagen Repair Serum  30ml",
        "price": 29.99,
        "unitPrice": "$99.97 / 100ML"
    },
    {
        "category": "health-beauty",
        "href": "https://www.woolworths.com.au/shop/productdetails/799373/aussie-bodies-protein-fx-crunchy-fibre-honey-almond",
        "imgName": "799373.jpg",
        "imgSrc": "https://cdn0.woolworths.media/content/wowproductimages/medium/799373.jpg",
        "name": "Aussie Bodies Protein Fx Crunchy Fibre Honey Almond 40g",
        "price": 2.8,
        "unitPrice": "$7.00 / 100G"
    },
    {
        "category": "health-beauty",
        "href": "https://www.woolworths.com.au/shop/productdetails/35412/homebrand-chest-rub",
        "imgName": "035412.jpg",
        "imgSrc": "https://cdn0.woolworths.media/content/wowproductimages/medium/035412.jpg",
        "name": "Homebrand Chest Rub  100g",
        "price": 2.5,
        "unitPrice": "$2.50 / 100G"
    },
    {
        "category": "health-beauty",
        "href": "https://www.woolworths.com.au/shop/productdetails/191788/l-oreal-dermo-expert-waterproof-eye-makeup-remover",
        "imgName": "191788.jpg",
        "imgSrc": "https://cdn0.woolworths.media/content/wowproductimages/medium/191788.jpg",
        "name": "L'oreal Dermo Expert Waterproof Eye Makeup Remover 125ml",
        "price": 13.99,
        "unitPrice": "$11.19 / 100ML"
    },
    {
        "category": "health-beauty",
        "href": "https://www.woolworths.com.au/shop/productdetails/487314/essano-certified-organic-mist-toner",
        "imgName": "487314.jpg",
        "imgSrc": "https://cdn0.woolworths.media/content/wowproductimages/medium/487314.jpg",
        "name": "Essano Certified Organic Mist Toner  120ml",
        "price": 13,
        "unitPrice": "$10.83 / 100ML"
    },
    {
        "category": "health-beauty",
        "href": "https://www.woolworths.com.au/shop/productdetails/728950/woolworths-select-tough-strips-waterproof",
        "imgName": "728950.jpg",
        "imgSrc": "https://cdn0.woolworths.media/content/wowproductimages/medium/728950.jpg",
        "name": "Woolworths Select Tough Strips Waterproof 40pk",
        "price": 4.05,
        "unitPrice": "$0.10 / 1EA"
    },
    {
        "category": "health-beauty",
        "href": "https://www.woolworths.com.au/shop/productdetails/704025/colgate-max-fresh-toothpaste-cool-mint",
        "imgName": "704025.jpg",
        "imgSrc": "https://cdn0.woolworths.media/content/wowproductimages/medium/704025.jpg",
        "name": "Colgate Max Fresh Toothpaste Cool Mint 190g",
        "price": 7,
        "unitPrice": "$3.68 / 100G"
    },
    {
        "category": "health-beauty",
        "href": "https://www.woolworths.com.au/shop/productdetails/517806/voeu-facial-gel-wash-normal-or-combination-skin",
        "imgName": "517806.jpg",
        "imgSrc": "https://cdn0.woolworths.media/content/wowproductimages/medium/517806.jpg",
        "name": "Voeu Facial Gel Wash Normal Or Combination Skin 150ml",
        "price": 4,
        "unitPrice": "$2.67 / 100ML"
    },
    {
        "category": "health-beauty",
        "href": "https://www.woolworths.com.au/shop/productdetails/5128/nivea-visage-face-cream-with-spf15-",
        "imgName": "005128.jpg",
        "imgSrc": "https://cdn0.woolworths.media/content/wowproductimages/medium/005128.jpg",
        "name": "Nivea Visage Face Cream With Spf15+ 50ml",
        "price": 7.99,
        "unitPrice": "$15.98 / 100ML"
    },
    {
        "category": "health-beauty",
        "href": "https://www.woolworths.com.au/shop/productdetails/16933/gillette-satin-care-shaving-gel-sensitive-skin",
        "imgName": "016933.jpg",
        "imgSrc": "https://cdn0.woolworths.media/content/wowproductimages/medium/016933.jpg",
        "name": "Gillette Satin Care Shaving Gel Sensitive Skin 195g",
        "price": 7.2,
        "unitPrice": "$3.69 / 100G"
    },
    {
        "category": "health-beauty",
        "href": "https://www.woolworths.com.au/shop/productdetails/5569/libra-invisible-regular-pads",
        "imgName": "005569.jpg",
        "imgSrc": "https://cdn0.woolworths.media/content/wowproductimages/medium/005569.jpg",
        "name": "Libra Invisible Regular Pads  14pk",
        "price": 5.9,
        "unitPrice": "$0.42 / 1EA"
    },
    {
        "category": "health-beauty",
        "href": "https://www.woolworths.com.au/shop/productdetails/27997/classics-foundation-liquid-tottle-cream-beige",
        "imgName": "027997.jpg",
        "imgSrc": "https://cdn0.woolworths.media/content/wowproductimages/medium/027997.jpg",
        "name": "Classics Foundation Liquid Tottle Cream Beige 35ml",
        "price": 4.19,
        "unitPrice": "$1.20 / 10ML"
    },
    {
        "category": "health-beauty",
        "href": "https://www.woolworths.com.au/shop/productdetails/74708/nyal-sprays-nasal-decongestant",
        "imgName": "074708.jpg",
        "imgSrc": "https://cdn0.woolworths.media/content/wowproductimages/medium/074708.jpg",
        "name": "Nyal Sprays Nasal Decongestant 15ml",
        "price": 9,
        "unitPrice": "$60.00 / 100ML"
    },
    {
        "category": "health-beauty",
        "href": "https://www.woolworths.com.au/shop/productdetails/188200/libra-goodnights-pads-ultra-thins-extra-long-wings",
        "imgName": "188200.jpg",
        "imgSrc": "https://cdn0.woolworths.media/content/wowproductimages/medium/188200.jpg",
        "name": "Libra Goodnights Pads Ultra Thins Extra Long Wings 10pk",
        "price": 5.9,
        "unitPrice": "$0.59 / 1EA"
    },
    {
        "category": "health-beauty",
        "href": "https://www.woolworths.com.au/shop/productdetails/261929/oscar-orsen-large-flat-hair-elastics-black",
        "imgName": "261929.jpg",
        "imgSrc": "https://cdn0.woolworths.media/content/wowproductimages/medium/261929.jpg",
        "name": "Oscar Orsen Large Flat Hair Elastics Black 10 pack",
        "price": 4.29
    },
    {
        "category": "health-beauty",
        "href": "https://www.woolworths.com.au/shop/productdetails/263140/nivea-for-men-shave-foam-sensitive",
        "imgName": "263140.jpg",
        "imgSrc": "https://cdn0.woolworths.media/content/wowproductimages/medium/263140.jpg",
        "name": "Nivea For Men Shave Foam Sensitive 200ml",
        "price": 5.8,
        "unitPrice": "$2.90 / 100ML"
    },
    {
        "category": "health-beauty",
        "href": "https://www.woolworths.com.au/shop/productdetails/345771/nature-s-way-odourless-fish-oil-1500mg",
        "imgName": "345771.jpg",
        "imgSrc": "https://cdn0.woolworths.media/content/wowproductimages/medium/345771.jpg",
        "name": "Nature's Way Odourless Fish Oil 1500mg 180pk",
        "price": 20,
        "unitPrice": "$11.11 / 100EA"
    },
    {
        "category": "health-beauty",
        "href": "https://www.woolworths.com.au/shop/productdetails/321740/colgate-dental-floss-mint-waxed",
        "imgName": "321740.jpg",
        "imgSrc": "https://cdn0.woolworths.media/content/wowproductimages/medium/321740.jpg",
        "name": "Colgate Dental Floss Mint Waxed 100m",
        "price": 8,
        "unitPrice": "$0.08 / 1M"
    },
    {
        "category": "health-beauty",
        "href": "https://www.woolworths.com.au/shop/productdetails/452081/l-oreal-paris-magic-retouch-hair-colour-4-light-brown",
        "imgName": "452081.jpg",
        "imgSrc": "https://cdn0.woolworths.media/content/wowproductimages/medium/452081.jpg",
        "name": "L'oreal Paris Magic Retouch Hair Colour 4 Light Brown each",
        "price": 15.95,
        "unitPrice": "$21.27 / 100ML"
    },
    {
        "category": "health-beauty",
        "href": "https://www.woolworths.com.au/shop/productdetails/436021/schick-hydro-razor-5-refill",
        "imgName": "436021.jpg",
        "imgSrc": "https://cdn0.woolworths.media/content/wowproductimages/medium/436021.jpg",
        "name": "Schick Hydro Razor 5 Refill 6pk",
        "price": 26,
        "unitPrice": "$4.33 / 1EA"
    },
    {
        "category": "health-beauty",
        "href": "https://www.woolworths.com.au/shop/productdetails/486414/sunsilk-shampoo-detox-for-men",
        "imgName": "486414.jpg",
        "imgSrc": "https://cdn0.woolworths.media/content/wowproductimages/medium/486414.jpg",
        "name": "Sunsilk Shampoo Detox For Men 350ml",
        "price": 5.5,
        "unitPrice": "$1.57 / 100ML"
    },
    {
        "category": "health-beauty",
        "href": "https://www.woolworths.com.au/shop/productdetails/725117/swisse-ultiboost-magnesium-effervescent-300mg-tablets",
        "imgName": "725117.jpg",
        "imgSrc": "https://cdn0.woolworths.media/content/wowproductimages/medium/725117.jpg",
        "name": "Swisse Ultiboost Magnesium Effervescent 300mg Tablets 60pk",
        "price": 30,
        "unitPrice": "$50.00 / 100EA"
    },
    {
        "category": "health-beauty",
        "href": "https://www.woolworths.com.au/shop/productdetails/572117/nature-s-way-kids-smart-triple-strength-dha",
        "imgName": "572117.jpg",
        "imgSrc": "https://cdn0.woolworths.media/content/wowproductimages/medium/572117.jpg",
        "name": "Nature's Way Kids Smart Triple Strength Dha 50pk",
        "price": 22,
        "unitPrice": "$44.00 / 100EA"
    },
    {
        "category": "health-beauty",
        "href": "https://www.woolworths.com.au/shop/productdetails/600472/bsc-high-protein-low-carb-bar-cookie-dough",
        "imgName": "600472.jpg",
        "imgSrc": "https://cdn0.woolworths.media/content/wowproductimages/medium/600472.jpg",
        "name": "Bsc High Protein Low Carb Bar Cookie Dough 60g",
        "price": 4,
        "unitPrice": "$6.67 / 100G"
    },
    {
        "category": "health-beauty",
        "href": "https://www.woolworths.com.au/shop/productdetails/505846/balnea-uplifting-body-wash",
        "imgName": "505846.jpg",
        "imgSrc": "https://cdn0.woolworths.media/content/wowproductimages/medium/505846.jpg",
        "name": "Balnea Uplifting Body Wash 500ml",
        "price": 2.4,
        "unitPrice": "$0.48 / 100ML"
    },
    {
        "category": "health-beauty",
        "href": "https://www.woolworths.com.au/shop/productdetails/764645/gillette-venus-olay-shaving-blade-refill",
        "imgName": "764645.jpg",
        "imgSrc": "https://cdn0.woolworths.media/content/wowproductimages/medium/764645.jpg",
        "name": "Gillette Venus & Olay Shaving Blade Refill  3pk",
        "price": 20,
        "unitPrice": "$6.67 / 1EA"
    },
    {
        "category": "health-beauty",
        "href": "https://www.woolworths.com.au/shop/productdetails/763392/modelco-lashxtend-lengthening-mascara",
        "imgName": "763392.jpg",
        "imgSrc": "https://cdn0.woolworths.media/content/wowproductimages/medium/763392.jpg",
        "name": "Modelco Lashxtend Lengthening Mascara  each",
        "price": 19.95,
        "unitPrice": "$28.50 / 10ML"
    },
    {
        "category": "health-beauty",
        "href": "https://www.woolworths.com.au/shop/productdetails/561897/rimmel-mono-blush-rose-pink",
        "imgName": "561897.jpg",
        "imgSrc": "https://cdn0.woolworths.media/content/wowproductimages/medium/561897.jpg",
        "name": "Rimmel Mono Blush Rose Pink  4g",
        "price": 10,
        "unitPrice": "$25.00 / 10G"
    },
    {
        "category": "health-beauty",
        "href": "https://www.woolworths.com.au/shop/productdetails/569369/listerine-total-care-zero-alcohol",
        "imgName": "569369.jpg",
        "imgSrc": "https://cdn0.woolworths.media/content/wowproductimages/medium/569369.jpg",
        "name": "Listerine Total Care Zero Alcohol 500ml",
        "price": 9.3,
        "unitPrice": "$1.86 / 100ML"
    },
    {
        "category": "health-beauty",
        "href": "https://www.woolworths.com.au/shop/productdetails/505441/cancer-council-finding-dory-sunscreen-spf50-",
        "imgName": "505441.jpg",
        "imgSrc": "https://cdn0.woolworths.media/content/wowproductimages/medium/505441.jpg",
        "name": "Cancer Council Finding Dory Sunscreen Spf50+ 500ml",
        "price": 26,
        "unitPrice": "$5.20 / 100ML"
    },
    {
        "category": "health-beauty",
        "href": "https://www.woolworths.com.au/shop/productdetails/613353/woolworths-select-aloe-vera-tissues-3ply",
        "imgName": "613353.jpg",
        "imgSrc": "https://cdn0.woolworths.media/content/wowproductimages/medium/613353.jpg",
        "name": "Woolworths Select Aloe Vera Tissues 3ply 120pk",
        "price": 1.8,
        "unitPrice": "$1.50 / 100SS"
    },
    {
        "category": "health-beauty",
        "href": "https://www.woolworths.com.au/shop/productdetails/789425/rexona-women-antiperspirant-deodorant-clinical-gentle-dry",
        "imgName": "789425.jpg",
        "imgSrc": "https://cdn0.woolworths.media/content/wowproductimages/medium/789425.jpg",
        "name": "Rexona Women Antiperspirant Deodorant Clinical Gentle Dry 45ml",
        "price": 15,
        "unitPrice": "$33.33 / 100ML"
    },
    {
        "category": "health-beauty",
        "href": "https://www.woolworths.com.au/shop/productdetails/892592/l-oreal-revitalift-filler-day-cream",
        "imgName": "892592.jpg",
        "imgSrc": "https://cdn0.woolworths.media/content/wowproductimages/medium/892592.jpg",
        "name": "L'oreal Revitalift Filler Day Cream 50ml",
        "price": 44.95,
        "unitPrice": "$89.90 / 100ML"
    },
    {
        "category": "health-beauty",
        "href": "https://www.woolworths.com.au/shop/productdetails/840167/femfresh-soap-free-wash",
        "imgName": "840167.jpg",
        "imgSrc": "https://cdn0.woolworths.media/content/wowproductimages/medium/840167.jpg",
        "name": "Femfresh Soap Free Wash 250ml",
        "price": 6.75,
        "unitPrice": "$2.70 / 100ML"
    },
    {
        "category": "health-beauty",
        "href": "https://www.woolworths.com.au/shop/productdetails/8460/classics-powder-compact-pressed-new-tan",
        "imgName": "008460.jpg",
        "imgSrc": "https://cdn0.woolworths.media/content/wowproductimages/medium/008460.jpg",
        "name": "Classics Powder Compact Pressed New Tan 16g",
        "price": 6.49,
        "unitPrice": "$4.06 / 10G"
    },
    {
        "category": "health-beauty",
        "href": "https://www.woolworths.com.au/shop/productdetails/206378/blackmores-total-calcium-magnesium-d3-tablets-value-pack",
        "imgName": "206378.jpg",
        "imgSrc": "https://cdn0.woolworths.media/content/wowproductimages/medium/206378.jpg",
        "name": "Blackmores Total Calcium + Magnesium + D3 Tablets Value Pack 125pk",
        "price": 21,
        "unitPrice": "$16.80 / 100EA"
    },
    {
        "category": "health-beauty",
        "href": "https://www.woolworths.com.au/shop/productdetails/262330/woolworths-select-cosmetic-eyelash-curler",
        "imgName": "262330.jpg",
        "imgSrc": "https://cdn0.woolworths.media/content/wowproductimages/medium/262330.jpg",
        "name": "Woolworths Select Cosmetic Eyelash Curler each",
        "price": 6
    },
    {
        "category": "health-beauty",
        "href": "https://www.woolworths.com.au/shop/productdetails/231198/oscar-orsen-one-touch-hair-clip-shell",
        "imgName": "231198.jpg",
        "imgSrc": "https://cdn0.woolworths.media/content/wowproductimages/medium/231198.jpg",
        "name": "Oscar Orsen One Touch Hair Clip Shell 8 pack",
        "price": 4
    },
    {
        "category": "health-beauty",
        "href": "https://www.woolworths.com.au/shop/productdetails/355170/reef-tanning-oil-coconut-spf-30-",
        "imgName": "355170.jpg",
        "imgSrc": "https://cdn0.woolworths.media/content/wowproductimages/medium/355170.jpg",
        "name": "Reef Tanning Oil Coconut Spf 30+ 125ml",
        "price": 11.5,
        "unitPrice": "$9.20 / 100ML"
    },
    {
        "category": "health-beauty",
        "href": "https://www.woolworths.com.au/shop/productdetails/335749/berocca-performance-drink-orange-twist-go",
        "imgName": "335749.jpg",
        "imgSrc": "https://cdn0.woolworths.media/content/wowproductimages/medium/335749.jpg",
        "name": "Berocca Performance Drink Orange Twist & Go 250ml",
        "price": 3.35,
        "unitPrice": "$13.40 / 1L"
    },
    {
        "category": "health-beauty",
        "href": "https://www.woolworths.com.au/shop/productdetails/285799/schwarzkopf-brilliance-88-dark-brown",
        "imgName": "285799.jpg",
        "imgSrc": "https://cdn0.woolworths.media/content/wowproductimages/medium/285799.jpg",
        "name": "Schwarzkopf Brilliance 88 Dark Brown 1pk",
        "price": 14.4
    },
    {
        "category": "health-beauty",
        "href": "https://www.woolworths.com.au/shop/productdetails/321393/blistex-lip-care-intensive-repair-balm",
        "imgName": "321393.jpg",
        "imgSrc": "https://cdn0.woolworths.media/content/wowproductimages/medium/321393.jpg",
        "name": "Blistex Lip Care Intensive Repair Balm 7g",
        "price": 5.69,
        "unitPrice": "$81.29 / 100G"
    },
    {
        "category": "health-beauty",
        "href": "https://www.woolworths.com.au/shop/productdetails/353200/betadine-antiseptic-ointment",
        "imgName": "353200.jpg",
        "imgSrc": "https://cdn0.woolworths.media/content/wowproductimages/medium/353200.jpg",
        "name": "Betadine Antiseptic Ointment 25g",
        "price": 11.3,
        "unitPrice": "$45.20 / 100G"
    },
    {
        "category": "health-beauty",
        "href": "https://www.woolworths.com.au/shop/productdetails/531547/nature-s-way-activated-curcumin",
        "imgName": "531547.jpg",
        "imgSrc": "https://cdn0.woolworths.media/content/wowproductimages/medium/531547.jpg",
        "name": "Nature's Way Activated Curcumin 30pk",
        "price": 27,
        "unitPrice": "$90.00 / 100EA"
    },
    {
        "category": "health-beauty",
        "href": "https://www.woolworths.com.au/shop/productdetails/505844/balnea-moisturising-body-wash",
        "imgName": "505844.jpg",
        "imgSrc": "https://cdn0.woolworths.media/content/wowproductimages/medium/505844.jpg",
        "name": "Balnea Moisturising Body Wash 500ml",
        "price": 2.4,
        "unitPrice": "$0.48 / 100ML"
    },
    {
        "category": "health-beauty",
        "href": "https://www.woolworths.com.au/shop/productdetails/725354/organic-care-bubble-bath",
        "imgName": "725354.jpg",
        "imgSrc": "https://cdn0.woolworths.media/content/wowproductimages/medium/725354.jpg",
        "name": "Organic Care Bubble Bath  400ml",
        "price": 3.69,
        "unitPrice": "$0.92 / 100ML"
    },
    {
        "category": "health-beauty",
        "href": "https://www.woolworths.com.au/shop/productdetails/711662/ecostore-conditioner-normal-hair",
        "imgName": "711662.jpg",
        "imgSrc": "https://cdn0.woolworths.media/content/wowproductimages/medium/711662.jpg",
        "name": "Ecostore Conditioner Normal Hair 220ml",
        "price": 10,
        "unitPrice": "$4.55 / 100ML"
    },
    {
        "category": "health-beauty",
        "href": "https://www.woolworths.com.au/shop/productdetails/568059/nivea-creme-tin",
        "imgName": "568059.jpg",
        "imgSrc": "https://cdn0.woolworths.media/content/wowproductimages/medium/568059.jpg",
        "name": "Nivea Creme Tin 60ml",
        "price": 4.2,
        "unitPrice": "$7.00 / 100ML"
    },
    {
        "category": "health-beauty",
        "href": "https://www.woolworths.com.au/shop/productdetails/729601/nads-hair-removal-wax-bikini-underarm-strips",
        "imgName": "729601.jpg",
        "imgSrc": "https://cdn0.woolworths.media/content/wowproductimages/medium/729601.jpg",
        "name": "Nads Hair Removal Wax Bikini & Underarm Strips 24pk",
        "price": 13,
        "unitPrice": "$0.54 / 1EA"
    },
    {
        "category": "health-beauty",
        "href": "https://www.woolworths.com.au/shop/productdetails/711686/quit-nits-head-lice-treatment-comb",
        "imgName": "711686.jpg",
        "imgSrc": "https://cdn0.woolworths.media/content/wowproductimages/medium/711686.jpg",
        "name": "Quit Nits Head Lice Treatment Comb 2pk",
        "price": 14,
        "unitPrice": "$7.00 / 1EA"
    },
    {
        "category": "health-beauty",
        "href": "https://www.woolworths.com.au/shop/productdetails/746176/woolworths-select-salt-epsom",
        "imgName": "746176.jpg",
        "imgSrc": "https://cdn0.woolworths.media/content/wowproductimages/medium/746176.jpg",
        "name": "Woolworths Select Salt Epsom 1kg",
        "price": 6.3,
        "unitPrice": "$0.63 / 100G"
    },
    {
        "category": "health-beauty",
        "href": "https://www.woolworths.com.au/shop/productdetails/753520/penta-vite-immunity-boost-gummies",
        "imgName": "753520.jpg",
        "imgSrc": "https://cdn0.woolworths.media/content/wowproductimages/medium/753520.jpg",
        "name": "Penta-vite Immunity Boost Gummies 60pk",
        "price": 13.3,
        "unitPrice": "$22.17 / 100EA"
    },
    {
        "category": "health-beauty",
        "href": "https://www.woolworths.com.au/shop/productdetails/782276/agadir-argan-oil-shampoo-moisturising",
        "imgName": "782276.jpg",
        "imgSrc": "https://cdn0.woolworths.media/content/wowproductimages/medium/782276.jpg",
        "name": "Agadir Argan Oil Shampoo Moisturising 366ml",
        "price": 23.95,
        "unitPrice": "$6.54 / 100ML"
    },
    {
        "category": "health-beauty",
        "href": "https://www.woolworths.com.au/shop/productdetails/788769/nailene-so-natural-nail-short-beige",
        "imgName": "788769.jpg",
        "imgSrc": "https://cdn0.woolworths.media/content/wowproductimages/medium/788769.jpg",
        "name": "Nailene So Natural Nail Short Beige 28pk",
        "price": 16.99,
        "unitPrice": "$0.61 / 1EA"
    },
    {
        "category": "health-beauty",
        "href": "https://www.woolworths.com.au/shop/productdetails/841545/strepsils-sugar-free-strawberry-lozenges",
        "imgName": "841545.jpg",
        "imgSrc": "https://cdn0.woolworths.media/content/wowproductimages/medium/841545.jpg",
        "name": "Strepsils Sugar Free Strawberry Lozenges 36pk",
        "price": 10,
        "unitPrice": "$0.28 / 1EA"
    },
    {
        "category": "health-beauty",
        "href": "https://www.woolworths.com.au/shop/productdetails/8756/laxettes-laxatives",
        "imgName": "008756.jpg",
        "imgSrc": "https://cdn0.woolworths.media/content/wowproductimages/medium/008756.jpg",
        "name": "Laxettes Laxatives  50pk",
        "price": 5.3,
        "unitPrice": "$0.11 / 1EA"
    },
    {
        "category": "health-beauty",
        "href": "https://www.woolworths.com.au/shop/productdetails/7821/nature-s-way-protein-powder-instant-natural",
        "imgName": "007821.jpg",
        "imgSrc": "https://cdn0.woolworths.media/content/wowproductimages/medium/007821.jpg",
        "name": "Nature's Way Protein Powder Instant Natural 375g",
        "price": 21,
        "unitPrice": "$5.60 / 100G"
    },
    {
        "category": "health-beauty",
        "href": "https://www.woolworths.com.au/shop/productdetails/46525/homebrand-mousse-styling",
        "imgName": "046525.jpg",
        "imgSrc": "https://cdn0.woolworths.media/content/wowproductimages/medium/046525.jpg",
        "name": "Homebrand Mousse Styling 250g",
        "price": 1.89,
        "unitPrice": "$0.76 / 100G"
    },
    {
        "category": "health-beauty",
        "href": "https://www.woolworths.com.au/shop/productdetails/18381/essentials-handwash-cr-me-refill",
        "imgName": "018381.jpg",
        "imgSrc": "https://cdn0.woolworths.media/content/wowproductimages/medium/018381.jpg",
        "name": "Essentials Handwash Cr\u00e8me Refill 500ml",
        "price": 1.38,
        "unitPrice": "$0.28 / 100ML"
    },
    {
        "category": "health-beauty",
        "href": "https://www.woolworths.com.au/shop/productdetails/25950/taft-hair-spray-strong-hold",
        "imgName": "025950.jpg",
        "imgSrc": "https://cdn0.woolworths.media/content/wowproductimages/medium/025950.jpg",
        "name": "Taft Hair Spray Strong Hold 200g",
        "price": 4.45,
        "unitPrice": "$2.23 / 100G"
    },
    {
        "category": "health-beauty",
        "href": "https://www.woolworths.com.au/shop/productdetails/53195/jeer-for-men-deodorant-body-spray",
        "imgName": "053195.jpg",
        "imgSrc": "https://cdn0.woolworths.media/content/wowproductimages/medium/053195.jpg",
        "name": "Jeer For Men Deodorant Body Spray 150ml",
        "price": 5,
        "unitPrice": "$3.33 / 100ML"
    },
    {
        "category": "health-beauty",
        "href": "https://www.woolworths.com.au/shop/productdetails/46549/dettol-antiseptic-cream",
        "imgName": "046549.jpg",
        "imgSrc": "https://cdn0.woolworths.media/content/wowproductimages/medium/046549.jpg",
        "name": "Dettol Antiseptic Cream 30g",
        "price": 4.29,
        "unitPrice": "$14.30 / 100G"
    },
    {
        "category": "health-beauty",
        "href": "https://www.woolworths.com.au/shop/productdetails/55908/eureka-lavender-oil-multi-purpose",
        "imgName": "055908.jpg",
        "imgSrc": "https://cdn0.woolworths.media/content/wowproductimages/medium/055908.jpg",
        "name": "Eureka Lavender Oil Multi Purpose 100ml",
        "price": 8.3,
        "unitPrice": "$8.30 / 100ML"
    },
    {
        "category": "health-beauty",
        "href": "https://www.woolworths.com.au/shop/productdetails/143154/colgate-pump-toothpaste-whitening-tartar",
        "imgName": "143154.jpg",
        "imgSrc": "https://cdn0.woolworths.media/content/wowproductimages/medium/143154.jpg",
        "name": "Colgate Pump Toothpaste Whitening Tartar 130g",
        "price": 8.6,
        "unitPrice": "$6.62 / 100G"
    },
    {
        "category": "health-beauty",
        "href": "https://www.woolworths.com.au/shop/productdetails/202922/country-life-family-soap-bars-daintree-breeze",
        "imgName": "202922.jpg",
        "imgSrc": "https://cdn0.woolworths.media/content/wowproductimages/medium/202922.jpg",
        "name": "Country Life Family Soap Bars Daintree Breeze 5pk 450g",
        "price": 2.6,
        "unitPrice": "$0.58 / 100G"
    },
    {
        "category": "health-beauty",
        "href": "https://www.woolworths.com.au/shop/productdetails/331623/l-oreal-revitalift-facial-wipes",
        "imgName": "331623.jpg",
        "imgSrc": "https://cdn0.woolworths.media/content/wowproductimages/medium/331623.jpg",
        "name": "L'oreal Revitalift Facial Wipes  25ea",
        "price": 8.99,
        "unitPrice": "$0.36 / 1EA"
    },
    {
        "category": "health-beauty",
        "href": "https://www.woolworths.com.au/shop/productdetails/353655/imperial-leather-talc-original",
        "imgName": "353655.jpg",
        "imgSrc": "https://cdn0.woolworths.media/content/wowproductimages/medium/353655.jpg",
        "name": "Imperial Leather Talc Original 300g",
        "price": 3.4,
        "unitPrice": "$1.13 / 100G"
    },
    {
        "category": "health-beauty",
        "href": "https://www.woolworths.com.au/shop/productdetails/231197/oscar-orsen-one-touch-hair-clip-black",
        "imgName": "231197.jpg",
        "imgSrc": "https://cdn0.woolworths.media/content/wowproductimages/medium/231197.jpg",
        "name": "Oscar Orsen One Touch Hair Clip Black 10 pack",
        "price": 4
    },
    {
        "category": "health-beauty",
        "href": "https://www.woolworths.com.au/shop/productdetails/285792/schwarzkopf-brilliance-91-blue-black",
        "imgName": "285792.jpg",
        "imgSrc": "https://cdn0.woolworths.media/content/wowproductimages/medium/285792.jpg",
        "name": "Schwarzkopf Brilliance 91 Blue Black 1pk",
        "price": 14.4
    },
    {
        "category": "health-beauty",
        "href": "https://www.woolworths.com.au/shop/productdetails/340577/nivea-for-men-face-care-skin-energy-q10-wash",
        "imgName": "340577.jpg",
        "imgSrc": "https://cdn0.woolworths.media/content/wowproductimages/medium/340577.jpg",
        "name": "Nivea For Men Face Care Skin Energy Q10 Wash 100ml",
        "price": 9,
        "unitPrice": "$9.00 / 100ML"
    },
    {
        "category": "health-beauty",
        "href": "https://www.woolworths.com.au/shop/productdetails/566748/manicare-emery-boards-120mm",
        "imgName": "566748.jpg",
        "imgSrc": "https://cdn0.woolworths.media/content/wowproductimages/medium/566748.jpg",
        "name": "Manicare Emery Boards 120mm 8pk",
        "price": 4.4
    },
    {
        "category": "health-beauty",
        "href": "https://www.woolworths.com.au/shop/productdetails/722111/poise-hourglass-pads-overnight",
        "imgName": "722111.jpg",
        "imgSrc": "https://cdn0.woolworths.media/content/wowproductimages/medium/722111.jpg",
        "name": "Poise Hourglass Pads Overnight 8pk",
        "price": 6,
        "unitPrice": "$0.75 / 1EA"
    },
    {
        "category": "health-beauty",
        "href": "https://www.woolworths.com.au/shop/productdetails/707464/biotene-mouthwash",
        "imgName": "707464.jpg",
        "imgSrc": "https://cdn0.woolworths.media/content/wowproductimages/medium/707464.jpg",
        "name": "Biotene Mouthwash  235ml",
        "price": 9.6,
        "unitPrice": "$4.09 / 100ML"
    },
    {
        "category": "health-beauty",
        "href": "https://www.woolworths.com.au/shop/productdetails/329658/gillette-fusion-shaving-razor",
        "imgName": "329658.jpg",
        "imgSrc": "https://cdn0.woolworths.media/content/wowproductimages/medium/329658.jpg",
        "name": "Gillette Fusion Shaving Razor  each",
        "price": 14
    },
    {
        "category": "health-beauty",
        "href": "https://www.woolworths.com.au/shop/productdetails/750906/centrum-for-women-multivitamin",
        "imgName": "750906.jpg",
        "imgSrc": "https://cdn0.woolworths.media/content/wowproductimages/medium/750906.jpg",
        "name": "Centrum For Women Multivitamin 60pk",
        "price": 20,
        "unitPrice": "$33.33 / 100EA"
    },
    {
        "category": "health-beauty",
        "href": "https://www.woolworths.com.au/shop/productdetails/751016/ostelin-vitamin-d-calcium-chewable",
        "imgName": "751016.jpg",
        "imgSrc": "https://cdn0.woolworths.media/content/wowproductimages/medium/751016.jpg",
        "name": "Ostelin Vitamin D & Calcium Chewable 60",
        "price": 10.5,
        "unitPrice": "$17.50 / 100EA"
    },
    {
        "category": "health-beauty",
        "href": "https://www.woolworths.com.au/shop/productdetails/757382/l-oreal-conditioner-vitamino-color",
        "imgName": "757382.jpg",
        "imgSrc": "https://cdn0.woolworths.media/content/wowproductimages/medium/757382.jpg",
        "name": "L'oreal Conditioner Vitamino Color 150ml",
        "price": 22,
        "unitPrice": "$14.67 / 100ML"
    },
    {
        "category": "health-beauty",
        "href": "https://www.woolworths.com.au/shop/productdetails/772347/essano-rosehip-body-lotion-intensive-hydrating",
        "imgName": "772347.jpg",
        "imgSrc": "https://cdn0.woolworths.media/content/wowproductimages/medium/772347.jpg",
        "name": "Essano Rosehip Body Lotion Intensive Hydrating 400ml",
        "price": 17,
        "unitPrice": "$4.25 / 100ML"
    },
    {
        "category": "health-beauty",
        "href": "https://www.woolworths.com.au/shop/productdetails/942036/nature-s-way-vita-gummies-probiotic-adult",
        "imgName": "942036.jpg",
        "imgSrc": "https://cdn0.woolworths.media/content/wowproductimages/medium/942036.jpg",
        "name": "Nature's Way Vita Gummies Probiotic Adult 80ea",
        "price": 20,
        "unitPrice": "$25.00 / 100EA"
    },
    {
        "category": "health-beauty",
        "href": "https://www.woolworths.com.au/shop/productdetails/720006/metamucil-daily-fibre-supplement-orange-smooth",
        "imgName": "720006.jpg",
        "imgSrc": "https://cdn0.woolworths.media/content/wowproductimages/medium/720006.jpg",
        "name": "Metamucil Daily Fibre Supplement Orange Smooth 30pk",
        "price": 10,
        "unitPrice": "$0.33 / 1EA"
    },
    {
        "category": "health-beauty",
        "href": "https://www.woolworths.com.au/shop/productdetails/782278/agadir-argan-oil-treatment",
        "imgName": "782278.jpg",
        "imgSrc": "https://cdn0.woolworths.media/content/wowproductimages/medium/782278.jpg",
        "name": "Agadir Argan Oil Treatment  150ml",
        "price": 27.95,
        "unitPrice": "$18.63 / 100ML"
    },
    {
        "category": "health-beauty",
        "href": "https://www.woolworths.com.au/shop/productdetails/635387/nivea-men-invisible-black-white-roll-on-anti-perspirant",
        "imgName": "635387.jpg",
        "imgSrc": "https://cdn0.woolworths.media/content/wowproductimages/medium/635387.jpg",
        "name": "Nivea Men Invisible Black & White Roll On Anti Perspirant 50ml",
        "price": 3.5,
        "unitPrice": "$7.00 / 100ML"
    },
    {
        "category": "health-beauty",
        "href": "https://www.woolworths.com.au/shop/productdetails/127073/fun-time-kids-bubble-bath-space-bubbles",
        "imgName": "127073.jpg",
        "imgSrc": "https://cdn0.woolworths.media/content/wowproductimages/medium/127073.jpg",
        "name": "Fun Time Kids Bubble Bath Space Bubbles 1l",
        "price": 2.15,
        "unitPrice": "$0.22 / 100ML"
    },
    {
        "category": "health-beauty",
        "href": "https://www.woolworths.com.au/shop/productdetails/231331/oscar-orsen-soft-ponytailer-black",
        "imgName": "231331.jpg",
        "imgSrc": "https://cdn0.woolworths.media/content/wowproductimages/medium/231331.jpg",
        "name": "Oscar Orsen Soft Ponytailer Black 30 pack",
        "price": 4.29
    },
    {
        "category": "health-beauty",
        "href": "https://www.woolworths.com.au/shop/productdetails/262317/woolworths-select-nail-buffer",
        "imgName": "262317.jpg",
        "imgSrc": "https://cdn0.woolworths.media/content/wowproductimages/medium/262317.jpg",
        "name": "Woolworths Select Nail Buffer 1pk",
        "price": 3
    },
    {
        "category": "health-beauty",
        "href": "https://www.woolworths.com.au/shop/productdetails/566749/manicare-precision-tweezers-pink",
        "imgName": "566749.jpg",
        "imgSrc": "https://cdn0.woolworths.media/content/wowproductimages/medium/566749.jpg",
        "name": "Manicare Precision Tweezers Pink each",
        "price": 12.5
    },
    {
        "category": "health-beauty",
        "href": "https://www.woolworths.com.au/shop/productdetails/764028/panadol-capsules-mini",
        "imgName": "764028.jpg",
        "imgSrc": "https://cdn0.woolworths.media/content/wowproductimages/medium/764028.jpg",
        "name": "Panadol Capsules Mini 20pk",
        "price": 4.2,
        "unitPrice": "$0.21 / 1EA"
    },
    {
        "category": "health-beauty",
        "href": "https://www.woolworths.com.au/shop/productdetails/786208/tresemme-professional-shampoo-moisture-rich",
        "imgName": "786208.jpg",
        "imgSrc": "https://cdn0.woolworths.media/content/wowproductimages/medium/786208.jpg",
        "name": "Tresemme Professional Shampoo Moisture Rich 100ml",
        "price": 3.5,
        "unitPrice": "$3.50 / 100ML"
    },
    {
        "category": "health-beauty",
        "href": "https://www.woolworths.com.au/shop/productdetails/868178/musashi-shred-burn-choc-protein",
        "imgName": "868178.jpg",
        "imgSrc": "https://cdn0.woolworths.media/content/wowproductimages/medium/868178.jpg",
        "name": "Musashi Shred & Burn Choc Protein 714g",
        "price": 50,
        "unitPrice": "$7.00 / 100G"
    },
    {
        "category": "health-beauty",
        "href": "https://www.woolworths.com.au/shop/productdetails/5588/libra-invisible-super-pads-with-wings",
        "imgName": "005588.jpg",
        "imgSrc": "https://cdn0.woolworths.media/content/wowproductimages/medium/005588.jpg",
        "name": "Libra Invisible Super Pads With Wings 12pk",
        "price": 5.9,
        "unitPrice": "$0.49 / 1EA"
    },
    {
        "category": "health-beauty",
        "href": "https://www.woolworths.com.au/shop/productdetails/35629/chapstick-lip-care-conditioning-balm-spf-15",
        "imgName": "035629.jpg",
        "imgSrc": "https://cdn0.woolworths.media/content/wowproductimages/medium/035629.jpg",
        "name": "Chapstick Lip Care Conditioning Balm Spf 15 4.2g",
        "price": 4.5,
        "unitPrice": "$107.14 / 100G"
    },
    {
        "category": "health-beauty",
        "href": "https://www.woolworths.com.au/shop/productdetails/30260/vicks-inhaler-for-blocked-nose-relief",
        "imgName": "030260.jpg",
        "imgSrc": "https://cdn0.woolworths.media/content/wowproductimages/medium/030260.jpg",
        "name": "Vicks Inhaler For Blocked Nose Relief 1pk",
        "price": 7.9,
        "unitPrice": "$7.90 / 1EA"
    },
    {
        "category": "health-beauty",
        "href": "https://www.woolworths.com.au/shop/productdetails/89860/blackmores-milk-thistle-liver-tonic-tablets",
        "imgName": "089860.jpg",
        "imgSrc": "https://cdn0.woolworths.media/content/wowproductimages/medium/089860.jpg",
        "name": "Blackmores Milk Thistle Liver Tonic Tablets 42pk",
        "price": 16.5,
        "unitPrice": "$39.29 / 100EA"
    },
    {
        "category": "health-beauty",
        "href": "https://www.woolworths.com.au/shop/productdetails/41655/brut-deodorant-roll-on-stick-original",
        "imgName": "041655.jpg",
        "imgSrc": "https://cdn0.woolworths.media/content/wowproductimages/medium/041655.jpg",
        "name": "Brut Deodorant Roll On Stick Original 75g",
        "price": 5.5,
        "unitPrice": "$7.33 / 100G"
    },
    {
        "category": "health-beauty",
        "href": "https://www.woolworths.com.au/shop/productdetails/127904/redwin-shampoo-anti-dandruff-coal-tar-treatment",
        "imgName": "127904.jpg",
        "imgSrc": "https://cdn0.woolworths.media/content/wowproductimages/medium/127904.jpg",
        "name": "Redwin Shampoo Anti Dandruff Coal Tar Treatment 250ml",
        "price": 4.85,
        "unitPrice": "$1.94 / 100ML"
    },
    {
        "category": "health-beauty",
        "href": "https://www.woolworths.com.au/shop/productdetails/101697/oral-b-satin-tape-mint",
        "imgName": "101697.jpg",
        "imgSrc": "https://cdn0.woolworths.media/content/wowproductimages/medium/101697.jpg",
        "name": "Oral-b Satin Tape Mint 25m",
        "price": 4,
        "unitPrice": "$0.16 / 1M"
    },
    {
        "category": "health-beauty",
        "href": "https://www.woolworths.com.au/shop/productdetails/179503/sun-zapper-zinc-flesh",
        "imgName": "179503.jpg",
        "imgSrc": "https://cdn0.woolworths.media/content/wowproductimages/medium/179503.jpg",
        "name": "Sun Zapper Zinc Flesh 12g",
        "price": 9.99,
        "unitPrice": "$83.25 / 100G"
    },
    {
        "category": "health-beauty",
        "href": "https://www.woolworths.com.au/shop/productdetails/231213/oscar-orsen-hair-side-combs-shell",
        "imgName": "231213.jpg",
        "imgSrc": "https://cdn0.woolworths.media/content/wowproductimages/medium/231213.jpg",
        "name": "Oscar Orsen Hair Side Combs Shell 6 pack",
        "price": 3
    },
    {
        "category": "health-beauty",
        "href": "https://www.woolworths.com.au/shop/productdetails/211595/homebrand-denture-care-tablets",
        "imgName": "211595.jpg",
        "imgSrc": "https://cdn0.woolworths.media/content/wowproductimages/medium/211595.jpg",
        "name": "Homebrand Denture Care Tablets 48pk",
        "price": 3.5,
        "unitPrice": "$0.07 / 1EA"
    },
    {
        "category": "health-beauty",
        "href": "https://www.woolworths.com.au/shop/productdetails/236128/pears-soap-bar-transparent",
        "imgName": "236128.jpg",
        "imgSrc": "https://cdn0.woolworths.media/content/wowproductimages/medium/236128.jpg",
        "name": "Pears Soap Bar Transparent 3x125g",
        "price": 6,
        "unitPrice": "$1.60 / 100G"
    },
    {
        "category": "health-beauty",
        "href": "https://www.woolworths.com.au/shop/productdetails/272710/neutrogena-make-up-remover-eye-remover-oil-free",
        "imgName": "272710.jpg",
        "imgSrc": "https://cdn0.woolworths.media/content/wowproductimages/medium/272710.jpg",
        "name": "Neutrogena Make Up Remover Eye Remover Oil Free 112ml",
        "price": 13.99,
        "unitPrice": "$12.49 / 100ML"
    },
    {
        "category": "health-beauty",
        "href": "https://www.woolworths.com.au/shop/productdetails/231929/clearasil-ultra-facial-cleanser-deep-pore-gel-wash",
        "imgName": "231929.jpg",
        "imgSrc": "https://cdn0.woolworths.media/content/wowproductimages/medium/231929.jpg",
        "name": "Clearasil Ultra Facial Cleanser Deep Pore Gel Wash 200ml",
        "price": 14.79,
        "unitPrice": "$7.40 / 100ML"
    },
    {
        "category": "health-beauty",
        "href": "https://www.woolworths.com.au/shop/productdetails/233238/u-by-kotex-mini-tampons",
        "imgName": "233238.jpg",
        "imgSrc": "https://cdn0.woolworths.media/content/wowproductimages/medium/233238.jpg",
        "name": "U By Kotex Mini Tampons  16pk",
        "price": 4.69,
        "unitPrice": "$0.29 / 1EA"
    },
    {
        "category": "health-beauty",
        "href": "https://www.woolworths.com.au/shop/productdetails/261927/oscar-orsen-large-snagless-hair-elastics-black",
        "imgName": "261927.jpg",
        "imgSrc": "https://cdn0.woolworths.media/content/wowproductimages/medium/261927.jpg",
        "name": "Oscar Orsen Large Snagless Hair Elastics Black 30 pack",
        "price": 6
    },
    {
        "category": "health-beauty",
        "href": "https://www.woolworths.com.au/shop/productdetails/248071/brut-deodorant-aerosol-anti-perspirant-endurance",
        "imgName": "248071.jpg",
        "imgSrc": "https://cdn0.woolworths.media/content/wowproductimages/medium/248071.jpg",
        "name": "Brut Deodorant Aerosol Anti Perspirant Endurance 150g",
        "price": 6.3,
        "unitPrice": "$4.20 / 100G"
    },
    {
        "category": "health-beauty",
        "href": "https://www.woolworths.com.au/shop/productdetails/261930/oscar-orsen-large-flat-hair-elastics-brown",
        "imgName": "261930.jpg",
        "imgSrc": "https://cdn0.woolworths.media/content/wowproductimages/medium/261930.jpg",
        "name": "Oscar Orsen Large Flat Hair Elastics Brown 10 pack",
        "price": 4.29
    },
    {
        "category": "health-beauty",
        "href": "https://www.woolworths.com.au/shop/productdetails/328360/dove-women-antiperspirant-deodorant-stick-original",
        "imgName": "328360.jpg",
        "imgSrc": "https://cdn0.woolworths.media/content/wowproductimages/medium/328360.jpg",
        "name": "Dove Women Antiperspirant Deodorant Stick Original 40g",
        "price": 6,
        "unitPrice": "$15.00 / 100G"
    },
    {
        "category": "health-beauty",
        "href": "https://www.woolworths.com.au/shop/productdetails/378205/body-science-international-hydroxyburn-pro-diet-triple-choc",
        "imgName": "378205.jpg",
        "imgSrc": "https://cdn0.woolworths.media/content/wowproductimages/medium/378205.jpg",
        "name": "Body Science International Hydroxyburn Pro Diet Triple Choc 400g",
        "price": 23,
        "unitPrice": "$5.75 / 100G"
    },
    {
        "category": "health-beauty",
        "href": "https://www.woolworths.com.au/shop/productdetails/378916/schwarzkopf-extra-care-mousse-ultra-styling-extreme-hold",
        "imgName": "378916.jpg",
        "imgSrc": "https://cdn0.woolworths.media/content/wowproductimages/medium/378916.jpg",
        "name": "Schwarzkopf Extra Care Mousse Ultra Styling Extreme Hold 150g",
        "price": 5.1,
        "unitPrice": "$3.40 / 100G"
    },
    {
        "category": "health-beauty",
        "href": "https://www.woolworths.com.au/shop/productdetails/356175/schwarzkopf-nordic-blonde-l1-ultimate-lightener",
        "imgName": "356175.jpg",
        "imgSrc": "https://cdn0.woolworths.media/content/wowproductimages/medium/356175.jpg",
        "name": "Schwarzkopf Nordic Blonde L1++ Ultimate Lightener 1pk",
        "price": 11.55,
        "unitPrice": "$11.55 / 1EA"
    },
    {
        "category": "health-beauty",
        "href": "https://www.woolworths.com.au/shop/productdetails/370865/l-oreal-age-perfect-face-cream-with-spf15-",
        "imgName": "370865.jpg",
        "imgSrc": "https://cdn0.woolworths.media/content/wowproductimages/medium/370865.jpg",
        "name": "L'oreal Age Perfect Face Cream With Spf15+ 70ml",
        "price": 36.99,
        "unitPrice": "$52.84 / 100ML"
    },
    {
        "category": "health-beauty",
        "href": "https://www.woolworths.com.au/shop/productdetails/339138/woolworths-select-emery-cuticle-rehab-boards-cuticle-stick",
        "imgName": "339138.jpg",
        "imgSrc": "https://cdn0.woolworths.media/content/wowproductimages/medium/339138.jpg",
        "name": "Woolworths Select Emery Cuticle Rehab Boards & Cuticle Stick 15pk",
        "price": 2.99,
        "unitPrice": "$0.20 / 1EA"
    },
    {
        "category": "health-beauty",
        "href": "https://www.woolworths.com.au/shop/productdetails/426903/sensodyne-toothbrush-true-white",
        "imgName": "426903.jpg",
        "imgSrc": "https://cdn0.woolworths.media/content/wowproductimages/medium/426903.jpg",
        "name": "Sensodyne Toothbrush True White each",
        "price": 5.99,
        "unitPrice": "$5.99 / 1EA"
    },
    {
        "category": "health-beauty",
        "href": "https://www.woolworths.com.au/shop/productdetails/436127/thankyou-hand-cream-botanical-geranium-rosewood",
        "imgName": "436127.jpg",
        "imgSrc": "https://cdn0.woolworths.media/content/wowproductimages/medium/436127.jpg",
        "name": "Thankyou Hand Cream Botanical Geranium & Rosewood 70ml",
        "price": 6.5,
        "unitPrice": "$9.29 / 100ML"
    },
    {
        "category": "health-beauty",
        "href": "https://www.woolworths.com.au/shop/productdetails/365918/rimmel-professional-eyebrow-pencil-002-hazel",
        "imgName": "365918.jpg",
        "imgSrc": "https://cdn0.woolworths.media/content/wowproductimages/medium/365918.jpg",
        "name": "Rimmel Professional Eyebrow Pencil 002 Hazel 1.4g",
        "price": 8.95,
        "unitPrice": "$63.93 / 10G"
    },
    {
        "category": "health-beauty",
        "href": "https://www.woolworths.com.au/shop/productdetails/505030/body-science-high-protein-bar-peanut-caramel",
        "imgName": "505030.jpg",
        "imgSrc": "https://cdn0.woolworths.media/content/wowproductimages/medium/505030.jpg",
        "name": "Body Science High Protein Bar Peanut Caramel 60g",
        "price": 4,
        "unitPrice": "$6.67 / 100G"
    },
    {
        "category": "health-beauty",
        "href": "https://www.woolworths.com.au/shop/productdetails/506791/crankt-hplc-protein-shake-chocolate",
        "imgName": "506791.jpg",
        "imgSrc": "https://cdn0.woolworths.media/content/wowproductimages/medium/506791.jpg",
        "name": "Crankt Hplc Protein Shake Chocolate 375ml",
        "price": 4.15,
        "unitPrice": "$1.11 / 100ML"
    },
    {
        "category": "health-beauty",
        "href": "https://www.woolworths.com.au/shop/productdetails/490185/dubble-trubble-detangler-hair-spray-cool-cucumber-6-months",
        "imgName": "490185.jpg",
        "imgSrc": "https://cdn0.woolworths.media/content/wowproductimages/medium/490185.jpg",
        "name": "Dubble Trubble Detangler Hair Spray Cool Cucumber 6+ Months 150ml",
        "price": 6,
        "unitPrice": "$4.00 / 100ML"
    },
    {
        "category": "health-beauty",
        "href": "https://www.woolworths.com.au/shop/productdetails/566521/nature-s-way-evening-primrose-oil-1000mg-star-flower",
        "imgName": "566521.jpg",
        "imgSrc": "https://cdn0.woolworths.media/content/wowproductimages/medium/566521.jpg",
        "name": "Nature's Way Evening Primrose Oil 1000mg Star Flower 125pk",
        "price": 23.5,
        "unitPrice": "$18.80 / 100EA"
    },
    {
        "category": "health-beauty",
        "href": "https://www.woolworths.com.au/shop/productdetails/508652/bodytrim-diet-toffee-bar-peanut-butter",
        "imgName": "508652.jpg",
        "imgSrc": "https://cdn0.woolworths.media/content/wowproductimages/medium/508652.jpg",
        "name": "Bodytrim Diet Toffee Bar Peanut Butter 50g",
        "price": 4,
        "unitPrice": "$8.00 / 100G"
    },
    {
        "category": "health-beauty",
        "href": "https://www.woolworths.com.au/shop/productdetails/642323/nature-s-way-daily-probiotic-capsules",
        "imgName": "642323.jpg",
        "imgSrc": "https://cdn0.woolworths.media/content/wowproductimages/medium/642323.jpg",
        "name": "Nature's Way Daily Probiotic Capsules  30pk",
        "price": 15,
        "unitPrice": "$50.00 / 100EA"
    },
    {
        "category": "health-beauty",
        "href": "https://www.woolworths.com.au/shop/productdetails/738402/bodytrim-cookie-double-choc",
        "imgName": "738402.jpg",
        "imgSrc": "https://cdn0.woolworths.media/content/wowproductimages/medium/738402.jpg",
        "name": "Bodytrim Cookie Double Choc 50g",
        "price": 4,
        "unitPrice": "$8.00 / 100G"
    },
    {
        "category": "health-beauty",
        "href": "https://www.woolworths.com.au/shop/productdetails/750314/oral-b-complete-5-way-clean-toothbrush-med",
        "imgName": "750314.jpg",
        "imgSrc": "https://cdn0.woolworths.media/content/wowproductimages/medium/750314.jpg",
        "name": "Oral B Complete 5 Way Clean Toothbrush Med 1pk",
        "price": 4,
        "unitPrice": "$4.00 / 1EA"
    },
    {
        "category": "health-beauty",
        "href": "https://www.woolworths.com.au/shop/productdetails/705310/ostelin-vitamin-d-calcium",
        "imgName": "705310.jpg",
        "imgSrc": "https://cdn0.woolworths.media/content/wowproductimages/medium/705310.jpg",
        "name": "Ostelin Vitamin D & Calcium 60",
        "price": 11,
        "unitPrice": "$18.33 / 100EA"
    },
    {
        "category": "health-beauty",
        "href": "https://www.woolworths.com.au/shop/productdetails/715384/codral-relief-mucus-cough-cold",
        "imgName": "715384.jpg",
        "imgSrc": "https://cdn0.woolworths.media/content/wowproductimages/medium/715384.jpg",
        "name": "Codral Relief Mucus Cough & Cold 200ml",
        "price": 11.5,
        "unitPrice": "$5.75 / 100ML"
    },
    {
        "category": "health-beauty",
        "href": "https://www.woolworths.com.au/shop/productdetails/751048/nature-s-way-super-krill-oil-500mg-soft-gel-capsules",
        "imgName": "751048.jpg",
        "imgSrc": "https://cdn0.woolworths.media/content/wowproductimages/medium/751048.jpg",
        "name": "Nature's Way Super Krill Oil 500mg Soft Gel Capsules 30pk",
        "price": 20,
        "unitPrice": "$66.67 / 100EA"
    },
    {
        "category": "health-beauty",
        "href": "https://www.woolworths.com.au/shop/productdetails/754141/brut-body-wash-original",
        "imgName": "754141.jpg",
        "imgSrc": "https://cdn0.woolworths.media/content/wowproductimages/medium/754141.jpg",
        "name": "Brut Body Wash Original 400ml",
        "price": 6.3,
        "unitPrice": "$1.58 / 100ML"
    },
    {
        "category": "health-beauty",
        "href": "https://www.woolworths.com.au/shop/productdetails/757319/l-oreal-shampoo-vitamino-color",
        "imgName": "757319.jpg",
        "imgSrc": "https://cdn0.woolworths.media/content/wowproductimages/medium/757319.jpg",
        "name": "L'oreal Shampoo Vitamino Color 250ml",
        "price": 22,
        "unitPrice": "$8.80 / 100ML"
    },
    {
        "category": "health-beauty",
        "href": "https://www.woolworths.com.au/shop/productdetails/721135/clearwipes-lens-cleaner",
        "imgName": "721135.jpg",
        "imgSrc": "https://cdn0.woolworths.media/content/wowproductimages/medium/721135.jpg",
        "name": "Clearwipes Lens Cleaner  24pk",
        "price": 4.95,
        "unitPrice": "$0.21 / 1EA"
    },
    {
        "category": "health-beauty",
        "href": "https://www.woolworths.com.au/shop/productdetails/781811/australian-botanical-soap-goats-milk",
        "imgName": "781811.jpg",
        "imgSrc": "https://cdn0.woolworths.media/content/wowproductimages/medium/781811.jpg",
        "name": "Australian Botanical Soap Goats Milk 200g",
        "price": 4,
        "unitPrice": "$2.00 / 100G"
    },
    {
        "category": "health-beauty",
        "href": "https://www.woolworths.com.au/shop/productdetails/802156/essano-rosehip-moisturiser-pure-defence-spf15",
        "imgName": "802156.jpg",
        "imgSrc": "https://cdn0.woolworths.media/content/wowproductimages/medium/802156.jpg",
        "name": "Essano Rosehip Moisturiser Pure Defence Spf15 75ml",
        "price": 19.99,
        "unitPrice": "$26.65 / 100ML"
    },
    {
        "category": "health-beauty",
        "href": "https://www.woolworths.com.au/shop/productdetails/790566/nivea-deodorant-aerosol-black-and-white-clear",
        "imgName": "790566.jpg",
        "imgSrc": "https://cdn0.woolworths.media/content/wowproductimages/medium/790566.jpg",
        "name": "Nivea Deodorant Aerosol Black And White Clear 250ml",
        "price": 6.5,
        "unitPrice": "$2.60 / 100ML"
    },
    {
        "category": "health-beauty",
        "href": "https://www.woolworths.com.au/shop/productdetails/840179/femfresh-deodorising-wash",
        "imgName": "840179.jpg",
        "imgSrc": "https://cdn0.woolworths.media/content/wowproductimages/medium/840179.jpg",
        "name": "Femfresh Deodorising Wash 250ml",
        "price": 6.75,
        "unitPrice": "$2.70 / 100ML"
    },
    {
        "category": "health-beauty",
        "href": "https://www.woolworths.com.au/shop/productdetails/797873/st-ives-even-bright-scrub-pink-lemon-mandarin",
        "imgName": "797873.jpg",
        "imgSrc": "https://cdn0.woolworths.media/content/wowproductimages/medium/797873.jpg",
        "name": "St Ives Even & Bright Scrub Pink Lemon & Mandarin 150ml",
        "price": 10,
        "unitPrice": "$6.67 / 100ML"
    },
    {
        "category": "health-beauty",
        "href": "https://www.woolworths.com.au/shop/productdetails/829291/l-oreal-men-expert-all-in-1-moisturiser-sensitive-skin",
        "imgName": "829291.jpg",
        "imgSrc": "https://cdn0.woolworths.media/content/wowproductimages/medium/829291.jpg",
        "name": "L'oreal Men Expert All-in-1 Moisturiser Sensitive Skin 75ml",
        "price": 10,
        "unitPrice": "$13.33 / 100ML"
    },
    {
        "category": "health-beauty",
        "href": "https://www.woolworths.com.au/shop/productdetails/840734/organic-care-nourishing-body-wash",
        "imgName": "840734.jpg",
        "imgSrc": "https://cdn0.woolworths.media/content/wowproductimages/medium/840734.jpg",
        "name": "Organic Care Nourishing Body Wash 725ml",
        "price": 7.2,
        "unitPrice": "$0.99 / 100ML"
    },
    {
        "category": "health-beauty",
        "href": "https://www.woolworths.com.au/shop/productdetails/843698/tresemme-hair-hairspray-perfectly-undone",
        "imgName": "843698.jpg",
        "imgSrc": "https://cdn0.woolworths.media/content/wowproductimages/medium/843698.jpg",
        "name": "Tresemme Hair Hairspray Perfectly Undone 200ml",
        "price": 8,
        "unitPrice": "$4.00 / 100ML"
    },
    {
        "category": "health-beauty",
        "href": "https://www.woolworths.com.au/shop/productdetails/841233/ease-a-cold-kids-chewable-berry-cold-flu-tablets-2-12yrs",
        "imgName": "841233.jpg",
        "imgSrc": "https://cdn0.woolworths.media/content/wowproductimages/medium/841233.jpg",
        "name": "Ease A Cold Kids Chewable Berry Cold & Flu Tablets 2-12yrs 24pk",
        "price": 15,
        "unitPrice": "$0.63 / 1EA"
    },
    {
        "category": "health-beauty",
        "href": "https://www.woolworths.com.au/shop/productdetails/90000654/garnier-fructis-shampoo-normal-hair-250ml-x2-bundle",
        "imgName": "90000654.jpg",
        "imgSrc": "https://cdn0.woolworths.media/content/wowproductimages/medium/90000654.jpg",
        "name": "Garnier Fructis Shampoo Normal Hair 250ml X2 Bundle",
        "price": 10,
        "unitPrice": "$2.00 / 100ML"
    },
    {
        "category": "health-beauty",
        "href": "https://www.woolworths.com.au/shop/productdetails/90000320/choose-3-of-your-favourite-nivea-aerosol-deodorant-for-women-250ml-bundle",
        "imgName": "90000320.jpg",
        "imgSrc": "https://cdn0.woolworths.media/content/wowproductimages/medium/90000320.jpg",
        "name": "Choose 3 Of Your Favourite Nivea Aerosol Deodorant For Women 250ml Bundle",
        "price": 13
    },
    {
        "category": "health-beauty",
        "href": "https://www.woolworths.com.au/shop/productdetails/605226/schwarzkopf-gem-collection-brillance-03-dark-amethyst",
        "imgName": "605226.jpg",
        "imgSrc": "https://cdn0.woolworths.media/content/wowproductimages/medium/605226.jpg",
        "name": "Schwarzkopf Gem Collection Brillance 03 Dark Amethyst each",
        "price": 14.4
    },
    {
        "category": "health-beauty",
        "href": "https://www.woolworths.com.au/shop/productdetails/828241/blackmores-odourless-omega-triple-concentration-fish-oil-caps",
        "imgName": "828241.jpg",
        "imgSrc": "https://cdn0.woolworths.media/content/wowproductimages/medium/828241.jpg",
        "name": "Blackmores Odourless Omega Triple Concentration Fish Oil Caps 60pk",
        "price": 25,
        "unitPrice": "$41.67 / 100EA"
    },
    {
        "category": "health-beauty",
        "href": "https://www.woolworths.com.au/shop/productdetails/857438/touch-of-silver-daily-nourish-conditioner",
        "imgName": "857438.jpg",
        "imgSrc": "https://cdn0.woolworths.media/content/wowproductimages/medium/857438.jpg",
        "name": "Touch Of Silver Daily Nourish Conditioner 400ml",
        "price": 9.95,
        "unitPrice": "$2.49 / 100ML"
    },
    {
        "category": "health-beauty",
        "href": "https://www.woolworths.com.au/shop/productdetails/603547/schwarzkopf-napro-palette-7-to-46-light-brown-mocha",
        "imgName": "603547.jpg",
        "imgSrc": "https://cdn0.woolworths.media/content/wowproductimages/medium/603547.jpg",
        "name": "Schwarzkopf Napro Palette 7 To 46 Light Brown Mocha 115ml",
        "price": 7.95
    },
    {
        "category": "health-beauty",
        "href": "https://www.woolworths.com.au/shop/productdetails/740800/poise-pads-super",
        "imgName": "740800.jpg",
        "imgSrc": "https://cdn0.woolworths.media/content/wowproductimages/medium/740800.jpg",
        "name": "Poise Pads Super 14pk",
        "price": 6,
        "unitPrice": "$0.43 / 1EA"
    },
    {
        "category": "health-beauty",
        "href": "https://www.woolworths.com.au/shop/productdetails/576169/impulse-bodyspray-instant-crush",
        "imgName": "576169.jpg",
        "imgSrc": "https://cdn0.woolworths.media/content/wowproductimages/medium/576169.jpg",
        "name": "Impulse Bodyspray Instant Crush 75ml",
        "price": 4,
        "unitPrice": "$5.33 / 100ML"
    },
    {
        "category": "health-beauty",
        "href": "https://www.woolworths.com.au/shop/productdetails/476144/clif-bar-coconut-choc-chip",
        "imgName": "476144.jpg",
        "imgSrc": "https://cdn0.woolworths.media/content/wowproductimages/medium/476144.jpg",
        "name": "Clif Bar Coconut Choc Chip  68g",
        "price": 2.95,
        "unitPrice": "$4.34 / 100G"
    },
    {
        "category": "health-beauty",
        "href": "https://www.woolworths.com.au/shop/productdetails/505890/balnea-soap-pomegranate-and-mango",
        "imgName": "505890.jpg",
        "imgSrc": "https://cdn0.woolworths.media/content/wowproductimages/medium/505890.jpg",
        "name": "Balnea Soap Pomegranate And Mango 4x100g",
        "price": 1.9,
        "unitPrice": "$1.90 / 1EA"
    },
    {
        "category": "health-beauty",
        "href": "https://www.woolworths.com.au/shop/productdetails/637146/dove-women-antiperspirant-roll-on-deodorant-go-fresh",
        "imgName": "637146.jpg",
        "imgSrc": "https://cdn0.woolworths.media/content/wowproductimages/medium/637146.jpg",
        "name": "Dove Women Antiperspirant Roll On Deodorant Go Fresh 50ml",
        "price": 4,
        "unitPrice": "$8.00 / 100ML"
    },
    {
        "category": "health-beauty",
        "href": "https://www.woolworths.com.au/shop/productdetails/600467/tena-night-pants-large",
        "imgName": "600467.jpg",
        "imgSrc": "https://cdn0.woolworths.media/content/wowproductimages/medium/600467.jpg",
        "name": "Tena Night Pants Large 12pk",
        "price": 19.9,
        "unitPrice": "$1.66 / 1EA"
    },
    {
        "category": "health-beauty",
        "href": "https://www.woolworths.com.au/shop/productdetails/611758/loreal-paris-pure-clay-eucalyptus-purifying-cream-wash",
        "imgName": "611758.jpg",
        "imgSrc": "https://cdn0.woolworths.media/content/wowproductimages/medium/611758.jpg",
        "name": "Loreal Paris Pure Clay Eucalyptus Purifying Cream Wash 150ml",
        "price": 15,
        "unitPrice": "$10.00 / 100ML"
    },
    {
        "category": "health-beauty",
        "href": "https://www.woolworths.com.au/shop/productdetails/637644/toni-guy-hair-ties",
        "imgName": "637644.jpg",
        "imgSrc": "https://cdn0.woolworths.media/content/wowproductimages/medium/637644.jpg",
        "name": "Toni & Guy Hair Ties  5pk",
        "price": 4
    },
    {
        "category": "health-beauty",
        "href": "https://www.woolworths.com.au/shop/productdetails/637646/toni-guy-jewelled-hair-pins",
        "imgName": "637646.jpg",
        "imgSrc": "https://cdn0.woolworths.media/content/wowproductimages/medium/637646.jpg",
        "name": "Toni & Guy Jewelled Hair Pins  4pk",
        "price": 5
    },
    {
        "category": "health-beauty",
        "href": "https://www.woolworths.com.au/shop/productdetails/710384/elastoplast-fabric-plasters-antibacterial",
        "imgName": "710384.jpg",
        "imgSrc": "https://cdn0.woolworths.media/content/wowproductimages/medium/710384.jpg",
        "name": "Elastoplast Fabric Plasters Antibacterial 20pk",
        "price": 4.2,
        "unitPrice": "$0.21 / 1EA"
    },
    {
        "category": "health-beauty",
        "href": "https://www.woolworths.com.au/shop/productdetails/770477/head-shoulders-2in1-dry-scalp-care-almond-oil-dandruff-shampoo-conditioner",
        "imgName": "770477.jpg",
        "imgSrc": "https://cdn0.woolworths.media/content/wowproductimages/medium/770477.jpg",
        "name": "Head & Shoulders 2in1 Dry Scalp Care Almond Oil Dandruff Shampoo & Conditioner 350ml",
        "price": 12.5,
        "unitPrice": "$3.57 / 100ML"
    },
    {
        "category": "health-beauty",
        "href": "https://www.woolworths.com.au/shop/productdetails/772397/essano-rosehip-moisture-restorative-night-creme",
        "imgName": "772397.jpg",
        "imgSrc": "https://cdn0.woolworths.media/content/wowproductimages/medium/772397.jpg",
        "name": "Essano Rosehip Moisture Restorative Night Creme 50g",
        "price": 19.99,
        "unitPrice": "$39.98 / 100G"
    },
    {
        "category": "health-beauty",
        "href": "https://www.woolworths.com.au/shop/productdetails/581158/all-smiles-total-care-toothbrush-medium",
        "imgName": "581158.jpg",
        "imgSrc": "https://cdn0.woolworths.media/content/wowproductimages/medium/581158.jpg",
        "name": "All Smiles Total Care Toothbrush Medium 6pk",
        "price": 7.5,
        "unitPrice": "$1.25 / 1EA"
    },
    {
        "category": "health-beauty",
        "href": "https://www.woolworths.com.au/shop/productdetails/720646/aussie-bodies-100-whey-vanilla",
        "imgName": "720646.jpg",
        "imgSrc": "https://cdn0.woolworths.media/content/wowproductimages/medium/720646.jpg",
        "name": "Aussie Bodies 100%  Whey Vanilla 750g",
        "price": 30,
        "unitPrice": "$4.00 / 100G"
    },
    {
        "category": "health-beauty",
        "href": "https://www.woolworths.com.au/shop/productdetails/581133/tresemme-expert-selection-prewash-hair-conditioner-beautyfull-volume",
        "imgName": "581133.jpg",
        "imgSrc": "https://cdn0.woolworths.media/content/wowproductimages/medium/581133.jpg",
        "name": "Tresemme Expert Selection Prewash Hair Conditioner Beautyfull Volume 450ml",
        "price": 7,
        "unitPrice": "$1.56 / 100ML"
    },
    {
        "category": "health-beauty",
        "href": "https://www.woolworths.com.au/shop/productdetails/578499/rexona-men-clinical-protection-apd-clean-scent",
        "imgName": "578499.jpg",
        "imgSrc": "https://cdn0.woolworths.media/content/wowproductimages/medium/578499.jpg",
        "name": "Rexona Men Clinical Protection Apd Clean Scent 45ml",
        "price": 15,
        "unitPrice": "$33.33 / 100ML"
    },
    {
        "category": "health-beauty",
        "href": "https://www.woolworths.com.au/shop/productdetails/840613/l-oreal-sunkiss-jelly-03-light-blonde",
        "imgName": "840613.jpg",
        "imgSrc": "https://cdn0.woolworths.media/content/wowproductimages/medium/840613.jpg",
        "name": "L'oreal Sunkiss Jelly 03 Light Blonde each",
        "price": 12.95,
        "unitPrice": "$12.95 / 1EA"
    },
    {
        "category": "health-beauty",
        "href": "https://www.woolworths.com.au/shop/productdetails/939554/herron-nicaway-nicotine-lozenges-4mg",
        "imgName": "939554.jpg",
        "imgSrc": "https://cdn0.woolworths.media/content/wowproductimages/medium/939554.jpg",
        "name": "Herron Nicaway Nicotine Lozenges 4mg 72pk",
        "price": 25,
        "unitPrice": "$34.72 / 100EA"
    },
    {
        "category": "health-beauty",
        "href": "https://www.woolworths.com.au/shop/productdetails/612811/manicare-straight-nail-scissors",
        "imgName": "612811.jpg",
        "imgSrc": "https://cdn0.woolworths.media/content/wowproductimages/medium/612811.jpg",
        "name": "Manicare Straight Nail Scissors  each",
        "price": 14,
        "unitPrice": "$14.00 / 1EA"
    },
    {
        "category": "health-beauty",
        "href": "https://www.woolworths.com.au/shop/productdetails/799371/aussie-bodies-protein-fx-lo-carb-peanut-butter-caramel",
        "imgName": "799371.jpg",
        "imgSrc": "https://cdn0.woolworths.media/content/wowproductimages/medium/799371.jpg",
        "name": "Aussie Bodies Protein Fx Lo Carb Peanut Butter Caramel 4x30g",
        "price": 9,
        "unitPrice": "$7.50 / 100G"
    },
    {
        "category": "health-beauty",
        "href": "https://www.woolworths.com.au/shop/productdetails/828200/blackmores-fish-oil-1000mg-capsules",
        "imgName": "828200.jpg",
        "imgSrc": "https://cdn0.woolworths.media/content/wowproductimages/medium/828200.jpg",
        "name": "Blackmores Fish Oil 1000mg Capsules 400pk",
        "price": 30,
        "unitPrice": "$7.50 / 100EA"
    },
    {
        "category": "health-beauty",
        "href": "https://www.woolworths.com.au/shop/productdetails/824755/norsca-deodorant-aerosol-baby-powder-antiperspirant",
        "imgName": "824755.jpg",
        "imgSrc": "https://cdn0.woolworths.media/content/wowproductimages/medium/824755.jpg",
        "name": "Norsca Deodorant Aerosol Baby Powder Antiperspirant 150g",
        "price": 6,
        "unitPrice": "$2.45 / 100ML"
    },
    {
        "category": "health-beauty",
        "href": "https://www.woolworths.com.au/shop/productdetails/617706/modelco-precision-brow-super-fine-liner",
        "imgName": "617706.jpg",
        "imgSrc": "https://cdn0.woolworths.media/content/wowproductimages/medium/617706.jpg",
        "name": "Modelco Precision Brow Super Fine Liner 0.22g",
        "price": 12,
        "unitPrice": "$545.45 / 10G"
    },
    {
        "category": "health-beauty",
        "href": "https://www.woolworths.com.au/shop/productdetails/580717/sorbent-facial-tissues-hypo-thick-n-large",
        "imgName": "580717.jpg",
        "imgSrc": "https://cdn0.woolworths.media/content/wowproductimages/medium/580717.jpg",
        "name": "Sorbent Facial Tissues Hypo Thick N Large 112pk",
        "price": 2,
        "unitPrice": "$1.79 / 100SS"
    },
    {
        "category": "health-beauty",
        "href": "https://www.woolworths.com.au/shop/productdetails/839427/centrum-specialist-energy-plus-with-ginseng-b-vitamins",
        "imgName": "839427.jpg",
        "imgSrc": "https://cdn0.woolworths.media/content/wowproductimages/medium/839427.jpg",
        "name": "Centrum Specialist Energy Plus With Ginseng & B Vitamins 60pk",
        "price": 23,
        "unitPrice": "$38.33 / 100EA"
    },
    {
        "category": "health-beauty",
        "href": "https://www.woolworths.com.au/shop/productdetails/505905/balnea-toothbrush-holder",
        "imgName": "505905.jpg",
        "imgSrc": "https://cdn0.woolworths.media/content/wowproductimages/medium/505905.jpg",
        "name": "Balnea Toothbrush Holder  1ea",
        "price": 1,
        "unitPrice": "$1.00 / 1EA"
    },
    {
        "category": "health-beauty",
        "href": "https://www.woolworths.com.au/shop/productdetails/8195/organic-care-conditioner-dry-moist",
        "imgName": "008195.jpg",
        "imgSrc": "https://cdn0.woolworths.media/content/wowproductimages/medium/008195.jpg",
        "name": "Organic Care Conditioner Dry Moist 400ml",
        "price": 3.5,
        "unitPrice": "$0.88 / 100ML"
    },
    {
        "category": "health-beauty",
        "href": "https://www.woolworths.com.au/shop/productdetails/608941/oscar-orsen-4-5cm-black-bobby-pins",
        "imgName": "608941.jpg",
        "imgSrc": "https://cdn0.woolworths.media/content/wowproductimages/medium/608941.jpg",
        "name": "Oscar Orsen 4.5cm Black Bobby Pins 200 pack",
        "price": 7
    },
    {
        "category": "health-beauty",
        "href": "https://www.woolworths.com.au/shop/productdetails/332489/cedel-toothpaste-sensitive",
        "imgName": "332489.jpg",
        "imgSrc": "https://cdn0.woolworths.media/content/wowproductimages/medium/332489.jpg",
        "name": "Cedel Toothpaste Sensitive 110g",
        "price": 5,
        "unitPrice": "$4.55 / 100G"
    },
    {
        "category": "health-beauty",
        "href": "https://www.woolworths.com.au/shop/productdetails/633848/bic-simply-soleil-click-razors",
        "imgName": "633848.jpg",
        "imgSrc": "https://cdn0.woolworths.media/content/wowproductimages/medium/633848.jpg",
        "name": "Bic Simply Soleil Click Razors 6pk",
        "price": 8.5,
        "unitPrice": "$1.42 / 1EA"
    },
    {
        "category": "health-beauty",
        "href": "https://www.woolworths.com.au/shop/productdetails/631251/aussie-bodies-lo-carb-protein-bar-whip-d-choc-mint",
        "imgName": "631251.jpg",
        "imgSrc": "https://cdn0.woolworths.media/content/wowproductimages/medium/631251.jpg",
        "name": "Aussie Bodies Lo Carb Protein Bar Whip'd Choc Mint 2x30g",
        "price": 4,
        "unitPrice": "$6.67 / 100G"
    },
    {
        "category": "health-beauty",
        "href": "https://www.woolworths.com.au/shop/productdetails/825557/sally-hansen-nail-polish-mudslide",
        "imgName": "825557.jpg",
        "imgSrc": "https://cdn0.woolworths.media/content/wowproductimages/medium/825557.jpg",
        "name": "Sally Hansen Nail Polish Mudslide each",
        "price": 14.95,
        "unitPrice": "$10.17 / 10ML"
    },
    {
        "category": "health-beauty",
        "href": "https://www.woolworths.com.au/shop/productdetails/743827/woolworths-select-cosmetic-bronzer-brush",
        "imgName": "743827.jpg",
        "imgSrc": "https://cdn0.woolworths.media/content/wowproductimages/medium/743827.jpg",
        "name": "Woolworths Select Cosmetic Bronzer Brush each",
        "price": 13.99,
        "unitPrice": "$13.99 / 1EA"
    },
    {
        "category": "health-beauty",
        "href": "https://www.woolworths.com.au/shop/productdetails/378529/atkins-day-break-bar-cappuccino",
        "imgName": "378529.jpg",
        "imgSrc": "https://cdn0.woolworths.media/content/wowproductimages/medium/378529.jpg",
        "name": "Atkins Day Break Bar Cappuccino 5x37g",
        "price": 11.5,
        "unitPrice": "$6.22 / 100G"
    },
    {
        "category": "health-beauty",
        "href": "https://www.woolworths.com.au/shop/productdetails/826886/natures-way-glucosamine-chondroitin-joint-repair-dual-action",
        "imgName": "826886.jpg",
        "imgSrc": "https://cdn0.woolworths.media/content/wowproductimages/medium/826886.jpg",
        "name": "Natures Way Glucosamine Chondroitin Joint Repair Dual Action 90pk",
        "price": 30,
        "unitPrice": "$33.33 / 100EA"
    },
    {
        "category": "health-beauty",
        "href": "https://www.woolworths.com.au/shop/productdetails/503238/l-oreal-paris-revitalift-facial-serum",
        "imgName": "503238.jpg",
        "imgSrc": "https://cdn0.woolworths.media/content/wowproductimages/medium/503238.jpg",
        "name": "L'oreal Paris Revitalift Facial Serum  30ml",
        "price": 33,
        "unitPrice": "$110.00 / 100ML"
    },
    {
        "category": "health-beauty",
        "href": "https://www.woolworths.com.au/shop/productdetails/630148/fat-blaster-water-booster-raspberry",
        "imgName": "630148.jpg",
        "imgSrc": "https://cdn0.woolworths.media/content/wowproductimages/medium/630148.jpg",
        "name": "Fat Blaster Water Booster Raspberry 48ml",
        "price": 8,
        "unitPrice": "$16.67 / 100ML"
    },
    {
        "category": "health-beauty",
        "href": "https://www.woolworths.com.au/shop/productdetails/567581/l-oreal-micellar-water-normal-combination-skin",
        "imgName": "567581.jpg",
        "imgSrc": "https://cdn0.woolworths.media/content/wowproductimages/medium/567581.jpg",
        "name": "L'oreal Micellar Water Normal / Combination Skin 400ml",
        "price": 15,
        "unitPrice": "$3.75 / 100ML"
    },
    {
        "category": "health-beauty",
        "href": "https://www.woolworths.com.au/shop/productdetails/601362/batiste-brunette-dry-shampoo",
        "imgName": "601362.jpg",
        "imgSrc": "https://cdn0.woolworths.media/content/wowproductimages/medium/601362.jpg",
        "name": "Batiste Brunette Dry Shampoo 400ml",
        "price": 20,
        "unitPrice": "$5.00 / 100ML"
    },
    {
        "category": "health-beauty",
        "href": "https://www.woolworths.com.au/shop/productdetails/642039/blackmores-joint-formula-tablets",
        "imgName": "642039.jpg",
        "imgSrc": "https://cdn0.woolworths.media/content/wowproductimages/medium/642039.jpg",
        "name": "Blackmores Joint Formula Tablets  60pk",
        "price": 25,
        "unitPrice": "$41.67 / 100EA"
    },
    {
        "category": "health-beauty",
        "href": "https://www.woolworths.com.au/shop/productdetails/376591/ogx-conditioner-ever-straight-brazilian-keratin-therapy",
        "imgName": "376591.jpg",
        "imgSrc": "https://cdn0.woolworths.media/content/wowproductimages/medium/376591.jpg",
        "name": "Ogx Conditioner Ever Straight Brazilian Keratin Therapy 385ml",
        "price": 18,
        "unitPrice": "$4.68 / 100ML"
    },
    {
        "category": "health-beauty",
        "href": "https://www.woolworths.com.au/shop/productdetails/743823/woolworths-select-cosmetic-blusher-brush",
        "imgName": "743823.jpg",
        "imgSrc": "https://cdn0.woolworths.media/content/wowproductimages/medium/743823.jpg",
        "name": "Woolworths Select Cosmetic Blusher Brush each",
        "price": 7.99,
        "unitPrice": "$7.99 / 1EA"
    },
    {
        "category": "health-beauty",
        "href": "https://www.woolworths.com.au/shop/productdetails/780498/vitaustralia-glucosamine-hcl-1000mg",
        "imgName": "780498.jpg",
        "imgSrc": "https://cdn0.woolworths.media/content/wowproductimages/medium/780498.jpg",
        "name": "Vitaustralia Glucosamine Hcl 1000mg  90 tablets",
        "price": 12,
        "unitPrice": "$13.33 / 100EA"
    },
    {
        "category": "health-beauty",
        "href": "https://www.woolworths.com.au/shop/productdetails/720361/john-frieda-precision-foam-5r-medium-red-brown",
        "imgName": "720361.jpg",
        "imgSrc": "https://cdn0.woolworths.media/content/wowproductimages/medium/720361.jpg",
        "name": "John Frieda Precision Foam 5r Medium Red Brown each",
        "price": 23
    },
    {
        "category": "health-beauty",
        "href": "https://www.woolworths.com.au/shop/productdetails/642425/rexona-men-anti-persperant-deodorant-invisible-dry-ice-fresh",
        "imgName": "642425.jpg",
        "imgSrc": "https://cdn0.woolworths.media/content/wowproductimages/medium/642425.jpg",
        "name": "Rexona Men Anti Persperant Deodorant Invisible Dry Ice Fresh 150ml",
        "price": 5,
        "unitPrice": "$3.33 / 100ML"
    },
    {
        "category": "health-beauty",
        "href": "https://www.woolworths.com.au/shop/productdetails/644239/quilton-2ply-tissue-hypo-allergenic",
        "imgName": "644239.jpg",
        "imgSrc": "https://cdn0.woolworths.media/content/wowproductimages/medium/644239.jpg",
        "name": "Quilton 2ply Tissue Hypo-allergenic 250pk",
        "price": 2.5,
        "unitPrice": "$1.00 / 100SS"
    },
    {
        "category": "health-beauty",
        "href": "https://www.woolworths.com.au/shop/productdetails/829251/vaseline-intensive-care-spray-body-lotion-fragrance-free",
        "imgName": "829251.jpg",
        "imgSrc": "https://cdn0.woolworths.media/content/wowproductimages/medium/829251.jpg",
        "name": "Vaseline Intensive Care Spray Body Lotion Fragrance Free 190g",
        "price": 9.99,
        "unitPrice": "$5.26 / 100G"
    },
    {
        "category": "health-beauty",
        "href": "https://www.woolworths.com.au/shop/productdetails/78972/homebrand-aspirin",
        "imgName": "078972.jpg",
        "imgSrc": "https://cdn0.woolworths.media/content/wowproductimages/medium/078972.jpg",
        "name": "Homebrand Aspirin  24pk",
        "price": 1,
        "unitPrice": "$0.04 / 1EA"
    },
    {
        "category": "health-beauty",
        "href": "https://www.woolworths.com.au/shop/productdetails/608796/oscar-orsen-small-bun-donut",
        "imgName": "608796.jpg",
        "imgSrc": "https://cdn0.woolworths.media/content/wowproductimages/medium/608796.jpg",
        "name": "Oscar Orsen Small Bun Donut each",
        "price": 4.5
    },
    {
        "category": "health-beauty",
        "href": "https://www.woolworths.com.au/shop/productdetails/608963/oscar-orsen-one-touch-decorated-clip",
        "imgName": "608963.jpg",
        "imgSrc": "https://cdn0.woolworths.media/content/wowproductimages/medium/608963.jpg",
        "name": "Oscar Orsen One Touch Decorated Clip each",
        "price": 4.5
    },
    {
        "category": "health-beauty",
        "href": "https://www.woolworths.com.au/shop/productdetails/146113/nivea-for-men-active-energy-skin-revitiliser-face-cream",
        "imgName": "146113.jpg",
        "imgSrc": "https://cdn0.woolworths.media/content/wowproductimages/medium/146113.jpg",
        "name": "Nivea For Men Active Energy Skin Revitiliser Face Cream 50ml",
        "price": 14.5,
        "unitPrice": "$29.00 / 100ML"
    },
    {
        "category": "health-beauty",
        "href": "https://www.woolworths.com.au/shop/productdetails/89591/nivea-visage-face-cream-q10-night",
        "imgName": "089591.jpg",
        "imgSrc": "https://cdn0.woolworths.media/content/wowproductimages/medium/089591.jpg",
        "name": "Nivea Visage Face Cream Q10 Night 50ml",
        "price": 20.4,
        "unitPrice": "$40.80 / 100ML"
    },
    {
        "category": "health-beauty",
        "href": "https://www.woolworths.com.au/shop/productdetails/608716/oscar-orsen-large-thin-hair-elastics-blonde",
        "imgName": "608716.jpg",
        "imgSrc": "https://cdn0.woolworths.media/content/wowproductimages/medium/608716.jpg",
        "name": "Oscar Orsen Large Thin Hair Elastics Blonde 30 pack",
        "price": 5
    },
    {
        "category": "health-beauty",
        "href": "https://www.woolworths.com.au/shop/productdetails/426138/oral-b-3d-white-luxe-anticavity-fluoride-toothpaste-diamond-strong-dazzling-mint",
        "imgName": "426138.jpg",
        "imgSrc": "https://cdn0.woolworths.media/content/wowproductimages/medium/426138.jpg",
        "name": "Oral-b 3d White Luxe Anticavity Fluoride Toothpaste Diamond Strong Dazzling Mint 95g",
        "price": 9,
        "unitPrice": "$9.47 / 100G"
    },
    {
        "category": "health-beauty",
        "href": "https://www.woolworths.com.au/shop/productdetails/486564/ogx-conditioner-strength-body-bamboo-fiber-full",
        "imgName": "486564.jpg",
        "imgSrc": "https://cdn0.woolworths.media/content/wowproductimages/medium/486564.jpg",
        "name": "Ogx Conditioner Strength & Body Bamboo Fiber-full 385ml",
        "price": 18,
        "unitPrice": "$4.68 / 100ML"
    },
    {
        "category": "health-beauty",
        "href": "https://www.woolworths.com.au/shop/productdetails/175739/organic-care-conditioner-colour-shield",
        "imgName": "175739.jpg",
        "imgSrc": "https://cdn0.woolworths.media/content/wowproductimages/medium/175739.jpg",
        "name": "Organic Care Conditioner Colour Shield 400ml",
        "price": 3.5,
        "unitPrice": "$0.88 / 100ML"
    },
    {
        "category": "health-beauty",
        "href": "https://www.woolworths.com.au/shop/productdetails/374060/libra-applicator-tampon-regular",
        "imgName": "374060.jpg",
        "imgSrc": "https://cdn0.woolworths.media/content/wowproductimages/medium/374060.jpg",
        "name": "Libra Applicator Tampon Regular 16pk",
        "price": 5.89,
        "unitPrice": "$0.37 / 1EA"
    },
    {
        "category": "health-beauty",
        "href": "https://www.woolworths.com.au/shop/productdetails/618656/nicabate-gum-extra-fresh-mint-2mg",
        "imgName": "618656.jpg",
        "imgSrc": "https://cdn0.woolworths.media/content/wowproductimages/medium/618656.jpg",
        "name": "Nicabate Gum Extra Fresh Mint 2mg 30pk",
        "price": 13,
        "unitPrice": "$0.43 / 1EA"
    },
    {
        "category": "health-beauty",
        "href": "https://www.woolworths.com.au/shop/productdetails/258279/scholl-freeze-foot-care-verruga-wart-remover",
        "imgName": "258279.jpg",
        "imgSrc": "https://cdn0.woolworths.media/content/wowproductimages/medium/258279.jpg",
        "name": "Scholl Freeze Foot Care Verruga & Wart Remover 80ml",
        "price": 25,
        "unitPrice": "$31.25 / 100ML"
    },
    {
        "category": "health-beauty",
        "href": "https://www.woolworths.com.au/shop/productdetails/704088/colgate-advanced-whitening-toothpaste-plus-tartar-control",
        "imgName": "704088.jpg",
        "imgSrc": "https://cdn0.woolworths.media/content/wowproductimages/medium/704088.jpg",
        "name": "Colgate Advanced Whitening Toothpaste Plus Tartar Control 190g",
        "price": 7,
        "unitPrice": "$3.68 / 100G"
    },
    {
        "category": "health-beauty",
        "href": "https://www.woolworths.com.au/shop/productdetails/604809/dimetapp-multi-symptom-nasal-decongestant",
        "imgName": "604809.jpg",
        "imgSrc": "https://cdn0.woolworths.media/content/wowproductimages/medium/604809.jpg",
        "name": "Dimetapp Multi Symptom Nasal Decongestant 20pk",
        "price": 12,
        "unitPrice": "$0.60 / 1EA"
    },
    {
        "category": "health-beauty",
        "href": "https://www.woolworths.com.au/shop/productdetails/379074/cetaphil-facial-moisturiser-uva-uvb-spf-50-all-types",
        "imgName": "379074.jpg",
        "imgSrc": "https://cdn0.woolworths.media/content/wowproductimages/medium/379074.jpg",
        "name": "Cetaphil Facial Moisturiser Uva/uvb Spf 50+ All Types 50ml",
        "price": 23,
        "unitPrice": "$46.00 / 100ML"
    },
    {
        "category": "health-beauty",
        "href": "https://www.woolworths.com.au/shop/productdetails/507793/bounce-natural-energy-ball-hazelnut-cacao",
        "imgName": "507793.jpg",
        "imgSrc": "https://cdn0.woolworths.media/content/wowproductimages/medium/507793.jpg",
        "name": "Bounce Natural Energy Ball Hazelnut Cacao 42g",
        "price": 3,
        "unitPrice": "$7.14 / 100G"
    },
    {
        "category": "health-beauty",
        "href": "https://www.woolworths.com.au/shop/productdetails/799096/pantene-pro-v-shampoo-volume-booster-dry",
        "imgName": "799096.jpg",
        "imgSrc": "https://cdn0.woolworths.media/content/wowproductimages/medium/799096.jpg",
        "name": "Pantene Pro-v Shampoo Volume Booster Dry 140g",
        "price": 10,
        "unitPrice": "$7.14 / 100G"
    },
    {
        "category": "health-beauty",
        "href": "https://www.woolworths.com.au/shop/productdetails/779047/invisible-zinc-4-hr-water-resistant-spf50",
        "imgName": "779047.jpg",
        "imgSrc": "https://cdn0.woolworths.media/content/wowproductimages/medium/779047.jpg",
        "name": "Invisible Zinc 4 Hr Water Resistant Spf50 50ml",
        "price": 22,
        "unitPrice": "$44.00 / 100ML"
    },
    {
        "category": "health-beauty",
        "href": "https://www.woolworths.com.au/shop/productdetails/364150/head-shoulders-2-in-1-itchy-scalp-care-dandruff-shampoo-conditioner",
        "imgName": "364150.jpg",
        "imgSrc": "https://cdn0.woolworths.media/content/wowproductimages/medium/364150.jpg",
        "name": "Head & Shoulders 2 In 1 Itchy Scalp Care Dandruff Shampoo & Conditioner 400ml",
        "price": 12.5,
        "unitPrice": "$3.13 / 100ML"
    },
    {
        "category": "health-beauty",
        "href": "https://www.woolworths.com.au/shop/productdetails/593915/rimmel-london-scandaleyes-reloaded-mascara",
        "imgName": "593915.jpg",
        "imgSrc": "https://cdn0.woolworths.media/content/wowproductimages/medium/593915.jpg",
        "name": "Rimmel London Scandaleyes Reloaded Mascara 12ml",
        "price": 18,
        "unitPrice": "$15.00 / 10ML"
    },
    {
        "category": "health-beauty",
        "href": "https://www.woolworths.com.au/shop/productdetails/604807/bosisto-s-tea-tree-spray",
        "imgName": "604807.jpg",
        "imgSrc": "https://cdn0.woolworths.media/content/wowproductimages/medium/604807.jpg",
        "name": "Bosisto's Tea Tree Spray 125g",
        "price": 12,
        "unitPrice": "$9.60 / 100G"
    },
    {
        "category": "health-beauty",
        "href": "https://www.woolworths.com.au/shop/productdetails/757029/d3-cohesive-bandage",
        "imgName": "757029.jpg",
        "imgSrc": "https://cdn0.woolworths.media/content/wowproductimages/medium/757029.jpg",
        "name": "D3 Cohesive Bandage  9m each",
        "price": 10,
        "unitPrice": "$10.00 / 1EA"
    },
    {
        "category": "health-beauty",
        "href": "https://www.woolworths.com.au/shop/productdetails/637699/toni-guy-triangle-hair-barrette-rose-gold",
        "imgName": "637699.jpg",
        "imgSrc": "https://cdn0.woolworths.media/content/wowproductimages/medium/637699.jpg",
        "name": "Toni & Guy Triangle Hair Barrette Rose Gold 2pk",
        "price": 7
    },
    {
        "category": "health-beauty",
        "href": "https://www.woolworths.com.au/shop/productdetails/626197/garnier-nutrisse-avocado-mask",
        "imgName": "626197.jpg",
        "imgSrc": "https://cdn0.woolworths.media/content/wowproductimages/medium/626197.jpg",
        "name": "Garnier Nutrisse Avocado Mask  300ml",
        "price": 14,
        "unitPrice": "$4.67 / 100ML"
    },
    {
        "category": "health-beauty",
        "href": "https://www.woolworths.com.au/shop/productdetails/637730/toni-guy-basic-combo-thick-brown",
        "imgName": "637730.jpg",
        "imgSrc": "https://cdn0.woolworths.media/content/wowproductimages/medium/637730.jpg",
        "name": "Toni&guy Basic Combo Thick Brown  1ea",
        "price": 7
    },
    {
        "category": "health-beauty",
        "href": "https://www.woolworths.com.au/shop/productdetails/935088/scholl-velvet-smooth-nail-care-heads",
        "imgName": "935088.jpg",
        "imgSrc": "https://cdn0.woolworths.media/content/wowproductimages/medium/935088.jpg",
        "name": "Scholl Velvet Smooth Nail Care Heads 3pk",
        "price": 20,
        "unitPrice": "$6.67 / 1EA"
    },
    {
        "category": "health-beauty",
        "href": "https://www.woolworths.com.au/shop/productdetails/568057/nivea-creme-care-facial-cleansing-lotion",
        "imgName": "568057.jpg",
        "imgSrc": "https://cdn0.woolworths.media/content/wowproductimages/medium/568057.jpg",
        "name": "Nivea Creme Care Facial Cleansing Lotion 200ml",
        "price": 10,
        "unitPrice": "$5.00 / 100ML"
    },
    {
        "category": "health-beauty",
        "href": "https://www.woolworths.com.au/shop/productdetails/830284/no-issues-facial-tissues-pocket-pack",
        "imgName": "830284.jpg",
        "imgSrc": "https://cdn0.woolworths.media/content/wowproductimages/medium/830284.jpg",
        "name": "No Issues Facial Tissues Pocket Pack 6pk",
        "price": 2.69,
        "unitPrice": "$4.48 / 100SS"
    },
    {
        "category": "health-beauty",
        "href": "https://www.woolworths.com.au/shop/productdetails/769654/rescue-remedy-natural-stress-relief-sugar-alcohol-free-pastilles",
        "imgName": "769654.jpg",
        "imgSrc": "https://cdn0.woolworths.media/content/wowproductimages/medium/769654.jpg",
        "name": "Rescue Remedy Natural Stress Relief Sugar & Alcohol Free Pastilles 50g",
        "price": 13,
        "unitPrice": "$26.00 / 100G"
    },
    {
        "category": "health-beauty",
        "href": "https://www.woolworths.com.au/shop/productdetails/518398/voeu-age-protect-anti-ageing-night-cream",
        "imgName": "518398.jpg",
        "imgSrc": "https://cdn0.woolworths.media/content/wowproductimages/medium/518398.jpg",
        "name": "Voeu Age Protect Anti-ageing Night Cream 50ml",
        "price": 8,
        "unitPrice": "$16.00 / 100ML"
    },
    {
        "category": "health-beauty",
        "href": "https://www.woolworths.com.au/shop/productdetails/422544/rimmel-glam-eyes-5-pan-eyeshadow-brixton-brown",
        "imgName": "422544.jpg",
        "imgSrc": "https://cdn0.woolworths.media/content/wowproductimages/medium/422544.jpg",
        "name": "Rimmel Glam Eyes 5 Pan Eyeshadow Brixton Brown 3.8g",
        "price": 15.95,
        "unitPrice": "$41.97 / 10G"
    },
    {
        "category": "health-beauty",
        "href": "https://www.woolworths.com.au/shop/productdetails/486428/sunsilk-biotin-conditioner-longer-stronger",
        "imgName": "486428.jpg",
        "imgSrc": "https://cdn0.woolworths.media/content/wowproductimages/medium/486428.jpg",
        "name": "Sunsilk Biotin Conditioner Longer & Stronger 350ml",
        "price": 5.5,
        "unitPrice": "$1.57 / 100ML"
    },
    {
        "category": "health-beauty",
        "href": "https://www.woolworths.com.au/shop/productdetails/630853/nature-s-way-instant-natural-protein-super-greens",
        "imgName": "630853.jpg",
        "imgSrc": "https://cdn0.woolworths.media/content/wowproductimages/medium/630853.jpg",
        "name": "Nature's Way Instant Natural Protein Super Greens 300g",
        "price": 25,
        "unitPrice": "$8.33 / 100G"
    },
    {
        "category": "health-beauty",
        "href": "https://www.woolworths.com.au/shop/productdetails/473255/codral-antibacterial-throat-lozenges-anaesthetic-lime-and-lemon",
        "imgName": "473255.jpg",
        "imgSrc": "https://cdn0.woolworths.media/content/wowproductimages/medium/473255.jpg",
        "name": "Codral Antibacterial Throat Lozenges Anaesthetic Lime And Lemon 36pk",
        "price": 14,
        "unitPrice": "$38.89 / 100EA"
    },
    {
        "category": "health-beauty",
        "href": "https://www.woolworths.com.au/shop/productdetails/283197/band-aid-tough-strips-brand",
        "imgName": "283197.jpg",
        "imgSrc": "https://cdn0.woolworths.media/content/wowproductimages/medium/283197.jpg",
        "name": "Band-aid Tough Strips Brand 40pk",
        "price": 4.75,
        "unitPrice": "$0.12 / 1EA"
    },
    {
        "category": "health-beauty",
        "href": "https://www.woolworths.com.au/shop/productdetails/215951/poise-liners-light",
        "imgName": "215951.jpg",
        "imgSrc": "https://cdn0.woolworths.media/content/wowproductimages/medium/215951.jpg",
        "name": "Poise Liners Light 18pk",
        "price": 3,
        "unitPrice": "$0.17 / 1EA"
    },
    {
        "category": "health-beauty",
        "href": "https://www.woolworths.com.au/shop/productdetails/600798/vicks-vapodrops-cough-lozenges-orange-menthol",
        "imgName": "600798.jpg",
        "imgSrc": "https://cdn0.woolworths.media/content/wowproductimages/medium/600798.jpg",
        "name": "Vicks Vapodrops +cough Lozenges Orange Menthol 36pk",
        "price": 9,
        "unitPrice": "$0.25 / 1EA"
    },
    {
        "category": "health-beauty",
        "href": "https://www.woolworths.com.au/shop/productdetails/610170/rimmel-brow-this-way-3-in-1-ultra-soft-powder-dark-brown",
        "imgName": "610170.jpg",
        "imgSrc": "https://cdn0.woolworths.media/content/wowproductimages/medium/610170.jpg",
        "name": "Rimmel Brow This Way 3-in-1 Ultra Soft Powder Dark Brown 7g",
        "price": 15,
        "unitPrice": "$21.43 / 10G"
    },
    {
        "category": "health-beauty",
        "href": "https://www.woolworths.com.au/shop/productdetails/940577/berocca-fizzy-melts-orange",
        "imgName": "940577.jpg",
        "imgSrc": "https://cdn0.woolworths.media/content/wowproductimages/medium/940577.jpg",
        "name": "Berocca Fizzy Melts Orange 14pk",
        "price": 10,
        "unitPrice": "$71.43 / 100EA"
    },
    {
        "category": "health-beauty",
        "href": "https://www.woolworths.com.au/shop/productdetails/642321/blackmores-superkids-omega-brain-chewables",
        "imgName": "642321.jpg",
        "imgSrc": "https://cdn0.woolworths.media/content/wowproductimages/medium/642321.jpg",
        "name": "Blackmores Superkids Omega Brain Chewables 50pk",
        "price": 15,
        "unitPrice": "$30.00 / 100EA"
    },
    {
        "category": "health-beauty",
        "href": "https://www.woolworths.com.au/shop/productdetails/939999/vitaustralia-coq10-150mg",
        "imgName": "939999.jpg",
        "imgSrc": "https://cdn0.woolworths.media/content/wowproductimages/medium/939999.jpg",
        "name": "Vitaustralia Coq10 150mg  100ea",
        "price": 30.59,
        "unitPrice": "$30.59 / 100EA"
    },
    {
        "category": "health-beauty",
        "href": "https://www.woolworths.com.au/shop/productdetails/353198/betadine-antiseptic-liquid",
        "imgName": "353198.jpg",
        "imgSrc": "https://cdn0.woolworths.media/content/wowproductimages/medium/353198.jpg",
        "name": "Betadine Antiseptic Liquid 15ml",
        "price": 11.3,
        "unitPrice": "$75.33 / 100ML"
    },
    {
        "category": "health-beauty",
        "href": "https://www.woolworths.com.au/shop/productdetails/203640/nurofen-caplets",
        "imgName": "203640.jpg",
        "imgSrc": "https://cdn0.woolworths.media/content/wowproductimages/medium/203640.jpg",
        "name": "Nurofen Caplets  24pk",
        "price": 5.9,
        "unitPrice": "$0.25 / 1EA"
    },
    {
        "category": "health-beauty",
        "href": "https://www.woolworths.com.au/shop/productdetails/722356/panadol-optizorb-tablets",
        "imgName": "722356.jpg",
        "imgSrc": "https://cdn0.woolworths.media/content/wowproductimages/medium/722356.jpg",
        "name": "Panadol Optizorb Tablets 20pk",
        "price": 4,
        "unitPrice": "$0.20 / 1EA"
    },
    {
        "category": "health-beauty",
        "href": "https://www.woolworths.com.au/shop/productdetails/748054/oral-b-pro-health-fluoride-toothpaste-allround-protection-fresh-mint",
        "imgName": "748054.jpg",
        "imgSrc": "https://cdn0.woolworths.media/content/wowproductimages/medium/748054.jpg",
        "name": "Oral-b Pro Health Fluoride Toothpaste Allround Protection Fresh Mint 145g",
        "price": 6,
        "unitPrice": "$4.14 / 100G"
    },
    {
        "category": "health-beauty",
        "href": "https://www.woolworths.com.au/shop/productdetails/273140/panadol-cold-flu-max-relief-sachets",
        "imgName": "273140.jpg",
        "imgSrc": "https://cdn0.woolworths.media/content/wowproductimages/medium/273140.jpg",
        "name": "Panadol Cold & Flu Max Relief Sachets 10pk",
        "price": 13,
        "unitPrice": "$1.30 / 1EA"
    },
    {
        "category": "health-beauty",
        "href": "https://www.woolworths.com.au/shop/productdetails/755596/codral-relief-6-signs-hot-drinks",
        "imgName": "755596.jpg",
        "imgSrc": "https://cdn0.woolworths.media/content/wowproductimages/medium/755596.jpg",
        "name": "Codral Relief 6 Signs Hot Drinks 10pk",
        "price": 14.5,
        "unitPrice": "$1.45 / 1EA"
    },
    {
        "category": "health-beauty",
        "href": "https://www.woolworths.com.au/shop/productdetails/573136/caltrate-vitamin-d-bone-muscle-health-1000iu",
        "imgName": "573136.jpg",
        "imgSrc": "https://cdn0.woolworths.media/content/wowproductimages/medium/573136.jpg",
        "name": "Caltrate Vitamin D Bone & Muscle Health 1000iu 180pk",
        "price": 16,
        "special": 14,
        "unitPrice": "$7.78 / 100EA"
    },
    {
        "category": "health-beauty",
        "href": "https://www.woolworths.com.au/shop/productdetails/505873/balnea-foaming-hand-wash",
        "imgName": "505873.jpg",
        "imgSrc": "https://cdn0.woolworths.media/content/wowproductimages/medium/505873.jpg",
        "name": "Balnea Foaming Hand Wash  250ml",
        "price": 2,
        "unitPrice": "$0.80 / 100ML"
    },
    {
        "category": "health-beauty",
        "href": "https://www.woolworths.com.au/shop/productdetails/661268/lip-smacker-balm-tins-assorted",
        "imgName": "661268.jpg",
        "imgSrc": "https://cdn0.woolworths.media/content/wowproductimages/medium/661268.jpg",
        "name": "Lip Smacker Balm Tins Assorted each",
        "price": 5,
        "special": 4,
        "unitPrice": "$4.00 / 1EA"
    },
    {
        "category": "health-beauty",
        "href": "https://www.woolworths.com.au/shop/productdetails/637136/lynx-anti-perspirant-aerosol-black-night",
        "imgName": "637136.jpg",
        "imgSrc": "https://cdn0.woolworths.media/content/wowproductimages/medium/637136.jpg",
        "name": "Lynx Anti Perspirant Aerosol Black Night 160ml",
        "price": 6,
        "special": 4,
        "unitPrice": "$2.50 / 100ML"
    },
    {
        "category": "health-beauty",
        "href": "https://www.woolworths.com.au/shop/productdetails/558975/mud-cover-up-concealer-ivory",
        "imgName": "558975.jpg",
        "imgSrc": "https://cdn0.woolworths.media/content/wowproductimages/medium/558975.jpg",
        "name": "Mud Cover Up Concealer Ivory 6ml",
        "price": 5.5,
        "unitPrice": "$9.17 / 10ML"
    },
    {
        "category": "health-beauty",
        "href": "https://www.woolworths.com.au/shop/productdetails/611756/garnier-hydra-bomb-tissue-mask-pomegranate",
        "imgName": "611756.jpg",
        "imgSrc": "https://cdn0.woolworths.media/content/wowproductimages/medium/611756.jpg",
        "name": "Garnier Hydra Bomb Tissue Mask Pomegranate 32g",
        "price": 5,
        "special": 3.5,
        "unitPrice": "$10.94 / 100G"
    },
    {
        "category": "health-beauty",
        "href": "https://www.woolworths.com.au/shop/productdetails/611755/garnier-hydra-bomb-tissue-mask-green-tea",
        "imgName": "611755.jpg",
        "imgSrc": "https://cdn0.woolworths.media/content/wowproductimages/medium/611755.jpg",
        "name": "Garnier Hydra Bomb Tissue Mask Green Tea 32g",
        "price": 5,
        "special": 3.5,
        "unitPrice": "$10.94 / 100G"
    },
    {
        "category": "health-beauty",
        "href": "https://www.woolworths.com.au/shop/productdetails/600185/schwarzkopf-live-salon-gloss-mocha-brown-3-0",
        "imgName": "600185.jpg",
        "imgSrc": "https://cdn0.woolworths.media/content/wowproductimages/medium/600185.jpg",
        "name": "Schwarzkopf Live Salon Gloss Mocha Brown 3.0 each",
        "price": 14,
        "special": 8.4
    },
    {
        "category": "health-beauty",
        "href": "https://www.woolworths.com.au/shop/productdetails/769228/voost-multi-vitamin-effervescent",
        "imgName": "769228.jpg",
        "imgSrc": "https://cdn0.woolworths.media/content/wowproductimages/medium/769228.jpg",
        "name": "Voost Multi Vitamin Effervescent 10pk",
        "price": 3.5,
        "unitPrice": "$35.00 / 100EA"
    },
    {
        "category": "health-beauty",
        "href": "https://www.woolworths.com.au/shop/productdetails/612386/l-oreal-colorista-wash-out-dirty-pink",
        "imgName": "612386.jpg",
        "imgSrc": "https://cdn0.woolworths.media/content/wowproductimages/medium/612386.jpg",
        "name": "L'oreal Colorista Wash Out Dirty Pink 80ml",
        "price": 16.5,
        "special": 11.5
    },
    {
        "category": "health-beauty",
        "href": "https://www.woolworths.com.au/shop/productdetails/707717/vo5-gum-texturising",
        "imgName": "707717.jpg",
        "imgSrc": "https://cdn0.woolworths.media/content/wowproductimages/medium/707717.jpg",
        "name": "Vo5 Gum Texturising 75ml",
        "price": 7.5,
        "unitPrice": "$10.00 / 100ML"
    },
    {
        "category": "health-beauty",
        "href": "https://www.woolworths.com.au/shop/productdetails/891479/l-oreal-paris-elvive-extraordinary-oil-shampoo",
        "imgName": "891479.jpg",
        "imgSrc": "https://cdn0.woolworths.media/content/wowproductimages/medium/891479.jpg",
        "name": "L'oreal Paris Elvive Extraordinary Oil Shampoo 700ml",
        "price": 10,
        "unitPrice": "$1.43 / 100ML"
    },
    {
        "category": "health-beauty",
        "href": "https://www.woolworths.com.au/shop/productdetails/620653/l-oreal-colorista-spray-1-day-colour-pink",
        "imgName": "620653.jpg",
        "imgSrc": "https://cdn0.woolworths.media/content/wowproductimages/medium/620653.jpg",
        "name": "L'oreal Colorista Spray 1 Day Colour Pink 75ml",
        "price": 15,
        "special": 10.5,
        "unitPrice": "$14.00 / 100ML"
    },
    {
        "category": "health-beauty",
        "href": "https://www.woolworths.com.au/shop/productdetails/785441/organic-care-body-wash-moisterising",
        "imgName": "785441.jpg",
        "imgSrc": "https://cdn0.woolworths.media/content/wowproductimages/medium/785441.jpg",
        "name": "Organic Care Body Wash Moisterising 725ml",
        "price": 7.2,
        "unitPrice": "$0.99 / 100ML"
    },
    {
        "category": "health-beauty",
        "href": "https://www.woolworths.com.au/shop/productdetails/511663/beckham-body-spray-classic",
        "imgName": "511663.jpg",
        "imgSrc": "https://cdn0.woolworths.media/content/wowproductimages/medium/511663.jpg",
        "name": "Beckham Body Spray Classic 150ml",
        "price": 8,
        "unitPrice": "$5.33 / 100ML"
    },
    {
        "category": "health-beauty",
        "href": "https://www.woolworths.com.au/shop/productdetails/764506/simple-kind-to-eyes-eye-make-up-remover-wipes",
        "imgName": "764506.jpg",
        "imgSrc": "https://cdn0.woolworths.media/content/wowproductimages/medium/764506.jpg",
        "name": "Simple Kind To Eyes Eye Make-up Remover Wipes 30pk",
        "price": 8.24,
        "unitPrice": "$0.27 / 1EA"
    },
    {
        "category": "health-beauty",
        "href": "https://www.woolworths.com.au/shop/productdetails/572397/blackmores-glucosamine-1500",
        "imgName": "572397.jpg",
        "imgSrc": "https://cdn0.woolworths.media/content/wowproductimages/medium/572397.jpg",
        "name": "Blackmores Glucosamine 1500  60pk",
        "price": 25,
        "unitPrice": "$41.67 / 100EA"
    },
    {
        "category": "health-beauty",
        "href": "https://www.woolworths.com.au/shop/productdetails/756964/medi-manager-medical-organiser-pill-box-am-pm",
        "imgName": "756964.jpg",
        "imgSrc": "https://cdn0.woolworths.media/content/wowproductimages/medium/756964.jpg",
        "name": "Medi Manager Medical Organiser Pill Box Am/pm 136cm each",
        "price": 6.95,
        "unitPrice": "$6.95 / 1EA"
    },
    {
        "category": "health-beauty",
        "href": "https://www.woolworths.com.au/shop/productdetails/261869/woolworths-select-hair-brush-pad-large",
        "imgName": "261869.jpg",
        "imgSrc": "https://cdn0.woolworths.media/content/wowproductimages/medium/261869.jpg",
        "name": "Woolworths Select Hair Brush Pad Large 1pk",
        "price": 6
    },
    {
        "category": "health-beauty",
        "href": "https://www.woolworths.com.au/shop/productdetails/778156/the-detangler-hair-brush",
        "imgName": "778156.jpg",
        "imgSrc": "https://cdn0.woolworths.media/content/wowproductimages/medium/778156.jpg",
        "name": "The Detangler Hair Brush  each",
        "price": 9.99
    },
    {
        "category": "health-beauty",
        "href": "https://www.woolworths.com.au/shop/productdetails/486506/sunsilk-soft-smooth-conditioner",
        "imgName": "486506.jpg",
        "imgSrc": "https://cdn0.woolworths.media/content/wowproductimages/medium/486506.jpg",
        "name": "Sunsilk Soft & Smooth Conditioner 350ml",
        "price": 5.5,
        "unitPrice": "$1.57 / 100ML"
    },
    {
        "category": "health-beauty",
        "href": "https://www.woolworths.com.au/shop/productdetails/232260/mylanta-antacids",
        "imgName": "232260.jpg",
        "imgSrc": "https://cdn0.woolworths.media/content/wowproductimages/medium/232260.jpg",
        "name": "Mylanta Antacids  24pk",
        "price": 5.29,
        "unitPrice": "$0.22 / 1EA"
    },
    {
        "category": "health-beauty",
        "href": "https://www.woolworths.com.au/shop/productdetails/263123/schick-razor-blades-quattro-titanium-4-cartridges",
        "imgName": "263123.jpg",
        "imgSrc": "https://cdn0.woolworths.media/content/wowproductimages/medium/263123.jpg",
        "name": "Schick Razor Blades Quattro Titanium 4 Cartridges 4pk",
        "price": 14,
        "unitPrice": "$3.50 / 1EA"
    },
    {
        "category": "health-beauty",
        "href": "https://www.woolworths.com.au/shop/productdetails/375720/aussie-bodies-protein-fx-lo-carb-chocolate",
        "imgName": "375720.jpg",
        "imgSrc": "https://cdn0.woolworths.media/content/wowproductimages/medium/375720.jpg",
        "name": "Aussie Bodies Protein Fx Lo Carb Chocolate 250ml",
        "price": 3.15,
        "unitPrice": "$12.60 / 1L"
    },
    {
        "category": "health-beauty",
        "href": "https://www.woolworths.com.au/shop/productdetails/771599/thursday-plantation-tea-tree-medicated-gel-for-acne",
        "imgName": "771599.jpg",
        "imgSrc": "https://cdn0.woolworths.media/content/wowproductimages/medium/771599.jpg",
        "name": "Thursday Plantation Tea Tree Medicated Gel For Acne 25g",
        "price": 13,
        "unitPrice": "$52.00 / 100G"
    },
    {
        "category": "health-beauty",
        "href": "https://www.woolworths.com.au/shop/productdetails/77551/anusol-haemorrhoidal-ointment",
        "imgName": "077551.jpg",
        "imgSrc": "https://cdn0.woolworths.media/content/wowproductimages/medium/077551.jpg",
        "name": "Anusol Haemorrhoidal Ointment 50g",
        "price": 9,
        "unitPrice": "$18.00 / 100G"
    },
    {
        "category": "health-beauty",
        "href": "https://www.woolworths.com.au/shop/productdetails/765233/neutrogena-spf-50-sunscreen-beach-defence-spray",
        "imgName": "765233.jpg",
        "imgSrc": "https://cdn0.woolworths.media/content/wowproductimages/medium/765233.jpg",
        "name": "Neutrogena Spf 50+ Sunscreen Beach Defence Spray 184g",
        "price": 17.8,
        "unitPrice": "$9.67 / 100G"
    },
    {
        "category": "health-beauty",
        "href": "https://www.woolworths.com.au/shop/productdetails/90000365/l-oreal-revitalift-anti-wrinkle-day-face-cream-firming-rich-night-cream-bundle",
        "imgName": "90000365.jpg",
        "imgSrc": "https://cdn0.woolworths.media/content/wowproductimages/medium/90000365.jpg",
        "name": "L'oreal Revitalift Anti Wrinkle Day Face Cream & Firming & Rich Night Cream Bundle",
        "price": 60
    },
    {
        "category": "health-beauty",
        "href": "https://www.woolworths.com.au/shop/productdetails/90000641/l-oreal-magic-retouch-regrowth-concealer-spray-blonde-x2-bundle",
        "imgName": "90000641.jpg",
        "imgSrc": "https://cdn0.woolworths.media/content/wowproductimages/medium/90000641.jpg",
        "name": "L'oreal Magic Retouch Regrowth Concealer Spray Blonde X2 Bundle",
        "price": 30,
        "unitPrice": "$20.00 / 100ML"
    },
    {
        "category": "health-beauty",
        "href": "https://www.woolworths.com.au/shop/productdetails/13865/nivea-visage-make-up-remover-extra-gentle",
        "imgName": "013865.jpg",
        "imgSrc": "https://cdn0.woolworths.media/content/wowproductimages/medium/013865.jpg",
        "name": "Nivea Visage Make Up Remover Extra Gentle 125ml",
        "price": 9.49,
        "unitPrice": "$7.59 / 100ML"
    },
    {
        "category": "health-beauty",
        "href": "https://www.woolworths.com.au/shop/productdetails/1100/norsca-deodorant-aerosol-forest-fresh",
        "imgName": "001100.jpg",
        "imgSrc": "https://cdn0.woolworths.media/content/wowproductimages/medium/001100.jpg",
        "name": "Norsca Deodorant Aerosol Forest Fresh 150g",
        "price": 6,
        "unitPrice": "$2.45 / 100ML"
    },
    {
        "category": "health-beauty",
        "href": "https://www.woolworths.com.au/shop/productdetails/72792/priya-soap-bar-natural-sandalwood",
        "imgName": "072792.jpg",
        "imgSrc": "https://cdn0.woolworths.media/content/wowproductimages/medium/072792.jpg",
        "name": "Priya Soap Bar Natural Sandalwood 100g",
        "price": 2.09,
        "unitPrice": "$2.09 / 100G"
    },
    {
        "category": "health-beauty",
        "href": "https://www.woolworths.com.au/shop/productdetails/380945/rimmel-lastingfinish-fdn-t-ivory",
        "imgName": "380945.jpg",
        "imgSrc": "https://cdn0.woolworths.media/content/wowproductimages/medium/380945.jpg",
        "name": "Rimmel Lastingfinish Fdn T/ivory 30ml",
        "price": 18.95,
        "unitPrice": "$6.32 / 10ML"
    },
    {
        "category": "health-beauty",
        "href": "https://www.woolworths.com.au/shop/productdetails/378444/atkins-endulge-bar-milk-chocolate-mint-crisp",
        "imgName": "378444.jpg",
        "imgSrc": "https://cdn0.woolworths.media/content/wowproductimages/medium/378444.jpg",
        "name": "Atkins Endulge Bar Milk Chocolate Mint Crisp 30g",
        "price": 3,
        "unitPrice": "$10.00 / 100G"
    },
    {
        "category": "health-beauty",
        "href": "https://www.woolworths.com.au/shop/productdetails/261674/schwarzkopf-extra-care-hair-treatment-leave-in-colour-protect",
        "imgName": "261674.jpg",
        "imgSrc": "https://cdn0.woolworths.media/content/wowproductimages/medium/261674.jpg",
        "name": "Schwarzkopf Extra Care Hair Treatment Leave In Colour Protect 200ml",
        "price": 8,
        "unitPrice": "$4.00 / 100ML"
    },
    {
        "category": "health-beauty",
        "href": "https://www.woolworths.com.au/shop/productdetails/750905/centrum-for-men-multivitamin",
        "imgName": "750905.jpg",
        "imgSrc": "https://cdn0.woolworths.media/content/wowproductimages/medium/750905.jpg",
        "name": "Centrum For Men Multivitamin 60pk",
        "price": 20,
        "unitPrice": "$33.33 / 100EA"
    },
    {
        "category": "health-beauty",
        "href": "https://www.woolworths.com.au/shop/productdetails/743822/homebrand-gifts-grooming-set",
        "imgName": "743822.jpg",
        "imgSrc": "https://cdn0.woolworths.media/content/wowproductimages/medium/743822.jpg",
        "name": "Homebrand Gifts Grooming Set each",
        "price": 4.09
    },
    {
        "category": "health-beauty",
        "href": "https://www.woolworths.com.au/shop/productdetails/211365/colgate-zig-zag-toothbrush-flex-soft",
        "imgName": "211365.jpg",
        "imgSrc": "https://cdn0.woolworths.media/content/wowproductimages/medium/211365.jpg",
        "name": "Colgate Zig Zag Toothbrush Flex Soft 3pk",
        "price": 7.95,
        "unitPrice": "$2.65 / 1EA"
    },
    {
        "category": "health-beauty",
        "href": "https://www.woolworths.com.au/shop/productdetails/770778/head-shoulders-2in1-deep-clean-citrus-extract-dandruff-shampoo-conditioner",
        "imgName": "770778.jpg",
        "imgSrc": "https://cdn0.woolworths.media/content/wowproductimages/medium/770778.jpg",
        "name": "Head & Shoulders 2in1 Deep Clean Citrus Extract Dandruff Shampoo & Conditioner 350ml",
        "price": 12.5,
        "unitPrice": "$3.57 / 100ML"
    },
    {
        "category": "health-beauty",
        "href": "https://www.woolworths.com.au/shop/productdetails/313722/clairol-nice-n-easy-8-natural-medium-blonde",
        "imgName": "313722.jpg",
        "imgSrc": "https://cdn0.woolworths.media/content/wowproductimages/medium/313722.jpg",
        "name": "Clairol Nice N Easy 8 Natural Medium Blonde each",
        "price": 13
    },
    {
        "category": "health-beauty",
        "href": "https://www.woolworths.com.au/shop/productdetails/333498/ansell-lifestyles-condoms-zero",
        "imgName": "333498.jpg",
        "imgSrc": "https://cdn0.woolworths.media/content/wowproductimages/medium/333498.jpg",
        "name": "Ansell Lifestyles Condoms Zero 8pk",
        "price": 9,
        "unitPrice": "$1.13 / 1EA"
    },
    {
        "category": "health-beauty",
        "href": "https://www.woolworths.com.au/shop/productdetails/770450/panadol-extra-with-optizorb",
        "imgName": "770450.jpg",
        "imgSrc": "https://cdn0.woolworths.media/content/wowproductimages/medium/770450.jpg",
        "name": "Panadol Extra With Optizorb  20pk",
        "price": 7.2,
        "unitPrice": "$0.36 / 1EA"
    },
    {
        "category": "health-beauty",
        "href": "https://www.woolworths.com.au/shop/productdetails/146990/clearasil-ultra-cream-acne-treatment-extra",
        "imgName": "146990.jpg",
        "imgSrc": "https://cdn0.woolworths.media/content/wowproductimages/medium/146990.jpg",
        "name": "Clearasil Ultra Cream Acne Treatment Extra 20g",
        "price": 13.49,
        "unitPrice": "$67.45 / 100G"
    },
    {
        "category": "health-beauty",
        "href": "https://www.woolworths.com.au/shop/productdetails/237155/neutrogena-t-gel-anti-dandruff-shampoo-cond-daily-control",
        "imgName": "237155.jpg",
        "imgSrc": "https://cdn0.woolworths.media/content/wowproductimages/medium/237155.jpg",
        "name": "Neutrogena T Gel Anti Dandruff Shampoo & Cond Daily Control 200ml",
        "price": 6.3,
        "unitPrice": "$3.15 / 100ML"
    },
    {
        "category": "health-beauty",
        "href": "https://www.woolworths.com.au/shop/productdetails/248067/king-of-shaves-shave-oil-kinxium",
        "imgName": "248067.jpg",
        "imgSrc": "https://cdn0.woolworths.media/content/wowproductimages/medium/248067.jpg",
        "name": "King Of Shaves Shave Oil Kinxium 20ml",
        "price": 8,
        "unitPrice": "$40.00 / 100ML"
    },
    {
        "category": "health-beauty",
        "href": "https://www.woolworths.com.au/shop/productdetails/380778/maybelline-fit-me-foundation-natural-buff-beige",
        "imgName": "380778.jpg",
        "imgSrc": "https://cdn0.woolworths.media/content/wowproductimages/medium/380778.jpg",
        "name": "Maybelline Fit Me Foundation Natural Buff Beige 30ml",
        "price": 19.95,
        "unitPrice": "$6.65 / 10ML"
    },
    {
        "category": "health-beauty",
        "href": "https://www.woolworths.com.au/shop/productdetails/380942/rimmel-stay-matte-fdn-t-ivory",
        "imgName": "380942.jpg",
        "imgSrc": "https://cdn0.woolworths.media/content/wowproductimages/medium/380942.jpg",
        "name": "Rimmel Stay Matte   Fdn T/ivory 30ml",
        "price": 18.3,
        "unitPrice": "$6.10 / 10ML"
    },
    {
        "category": "health-beauty",
        "href": "https://www.woolworths.com.au/shop/productdetails/575787/gillette-fusion-proshield-chill-razor",
        "imgName": "575787.jpg",
        "imgSrc": "https://cdn0.woolworths.media/content/wowproductimages/medium/575787.jpg",
        "name": "Gillette Fusion Proshield Chill Razor 1pk",
        "price": 22.5,
        "unitPrice": "$22.50 / 1EA"
    },
    {
        "category": "health-beauty",
        "href": "https://www.woolworths.com.au/shop/productdetails/365958/rimmel-lastingfinish-fdn-ivory",
        "imgName": "365958.jpg",
        "imgSrc": "https://cdn0.woolworths.media/content/wowproductimages/medium/365958.jpg",
        "name": "Rimmel Lastingfinish Fdn Ivory 30ml",
        "price": 18.95,
        "unitPrice": "$6.32 / 10ML"
    },
    {
        "category": "health-beauty",
        "href": "https://www.woolworths.com.au/shop/productdetails/573299/blackmores-b12-rapi-melt-1000-mcg",
        "imgName": "573299.jpg",
        "imgSrc": "https://cdn0.woolworths.media/content/wowproductimages/medium/573299.jpg",
        "name": "Blackmores B12 Rapi-melt 1000 Mcg  30pk",
        "price": 11.5,
        "unitPrice": "$38.33 / 100EA"
    },
    {
        "category": "health-beauty",
        "href": "https://www.woolworths.com.au/shop/productdetails/715047/invisible-zinc-spf-30-sunscreen-tinted-daywear-light",
        "imgName": "715047.jpg",
        "imgSrc": "https://cdn0.woolworths.media/content/wowproductimages/medium/715047.jpg",
        "name": "Invisible Zinc Spf 30+ Sunscreen Tinted Daywear Light 50g",
        "price": 29.95,
        "unitPrice": "$59.90 / 100G"
    },
    {
        "category": "health-beauty",
        "href": "https://www.woolworths.com.au/shop/productdetails/108239/no-doz-plus-performance-tablets",
        "imgName": "108239.jpg",
        "imgSrc": "https://cdn0.woolworths.media/content/wowproductimages/medium/108239.jpg",
        "name": "No Doz Plus Performance Tablets 24pk",
        "price": 6.5,
        "unitPrice": "$0.27 / 1EA"
    },
    {
        "category": "health-beauty",
        "href": "https://www.woolworths.com.au/shop/productdetails/407352/palmer-s-coconut-oil-body-lotion",
        "imgName": "407352.jpg",
        "imgSrc": "https://cdn0.woolworths.media/content/wowproductimages/medium/407352.jpg",
        "name": "Palmer's Coconut Oil Body Lotion 400ml",
        "price": 9.99,
        "unitPrice": "$2.50 / 100ML"
    },
    {
        "category": "health-beauty",
        "href": "https://www.woolworths.com.au/shop/productdetails/46588/l-oreal-excellence-age-perfect-9-13-light-cream-blonde",
        "imgName": "046588.jpg",
        "imgSrc": "https://cdn0.woolworths.media/content/wowproductimages/medium/046588.jpg",
        "name": "L'oreal Excellence Age Perfect 9.13 Light Cream Blonde each",
        "price": 20
    },
    {
        "category": "health-beauty",
        "href": "https://www.woolworths.com.au/shop/productdetails/436493/redwin-coconut-oil-balm",
        "imgName": "436493.jpg",
        "imgSrc": "https://cdn0.woolworths.media/content/wowproductimages/medium/436493.jpg",
        "name": "Redwin Coconut Oil Balm  25ml",
        "price": 5.99,
        "unitPrice": "$23.96 / 100ML"
    },
    {
        "category": "health-beauty",
        "href": "https://www.woolworths.com.au/shop/productdetails/711661/ecostore-shampoo-normal-hair",
        "imgName": "711661.jpg",
        "imgSrc": "https://cdn0.woolworths.media/content/wowproductimages/medium/711661.jpg",
        "name": "Ecostore Shampoo Normal Hair 220ml",
        "price": 10,
        "unitPrice": "$4.55 / 100ML"
    },
    {
        "category": "health-beauty",
        "href": "https://www.woolworths.com.au/shop/productdetails/90000643/l-oreal-magic-retouch-regrowth-concealer-spray-brown-x2-bundle",
        "imgName": "90000643.jpg",
        "imgSrc": "https://cdn0.woolworths.media/content/wowproductimages/medium/90000643.jpg",
        "name": "L'oreal Magic Retouch Regrowth Concealer Spray Brown X2 Bundle",
        "price": 30,
        "unitPrice": "$20.00 / 100ML"
    },
    {
        "category": "health-beauty",
        "href": "https://www.woolworths.com.au/shop/productdetails/90000672/l-oreal-magic-retouch-regrowth-concealer-spray-dark-brown-x3-bundle",
        "imgName": "90000672.jpg",
        "imgSrc": "https://cdn0.woolworths.media/content/wowproductimages/medium/90000672.jpg",
        "name": "L'oreal Magic Retouch Regrowth Concealer Spray Dark Brown X3 Bundle",
        "price": 40,
        "unitPrice": "$17.78 / 100ML"
    },
    {
        "category": "health-beauty",
        "href": "https://www.woolworths.com.au/shop/productdetails/90000696/garnier-nutrisse-6-0-acorn-hair-colour-x3-bundle",
        "imgName": "90000696.jpg",
        "imgSrc": "https://cdn0.woolworths.media/content/wowproductimages/medium/90000696.jpg",
        "name": "Garnier Nutrisse 6.0 Acorn Hair Colour X3 Bundle",
        "price": 40,
        "unitPrice": "$13.33 / 1EA"
    },
    {
        "category": "health-beauty",
        "href": "https://www.woolworths.com.au/shop/productdetails/90000657/garnier-fructis-conditioner-oily-roots-dry-ends-250ml-x2-bundle",
        "imgName": "90000657.jpg",
        "imgSrc": "https://cdn0.woolworths.media/content/wowproductimages/medium/90000657.jpg",
        "name": "Garnier Fructis Conditioner Oily Roots Dry Ends 250ml X2 Bundle",
        "price": 10,
        "unitPrice": "$2.00 / 100ML"
    },
    {
        "category": "health-beauty",
        "href": "https://www.woolworths.com.au/shop/productdetails/7516/just-for-men-hair-colour-dark-brown",
        "imgName": "007516.jpg",
        "imgSrc": "https://cdn0.woolworths.media/content/wowproductimages/medium/007516.jpg",
        "name": "Just For Men Hair Colour Dark Brown 100g",
        "price": 13,
        "unitPrice": "$13.00 / 100G"
    },
    {
        "category": "health-beauty",
        "href": "https://www.woolworths.com.au/shop/productdetails/179964/sanofi-glycerine",
        "imgName": "179964.jpg",
        "imgSrc": "https://cdn0.woolworths.media/content/wowproductimages/medium/179964.jpg",
        "name": "Sanofi Glycerine  200ml",
        "price": 8.5,
        "unitPrice": "$4.25 / 100ML"
    },
    {
        "category": "health-beauty",
        "href": "https://www.woolworths.com.au/shop/productdetails/159444/st-ives-facial-scrub-apricot-blemish-control",
        "imgName": "159444.jpg",
        "imgSrc": "https://cdn0.woolworths.media/content/wowproductimages/medium/159444.jpg",
        "name": "St Ives Facial Scrub Apricot Blemish Control 150ml",
        "price": 10,
        "unitPrice": "$6.67 / 100ML"
    },
    {
        "category": "health-beauty",
        "href": "https://www.woolworths.com.au/shop/productdetails/197978/sally-hansen-nail-insta-dri-anti-chip-top-coat",
        "imgName": "197978.jpg",
        "imgSrc": "https://cdn0.woolworths.media/content/wowproductimages/medium/197978.jpg",
        "name": "Sally Hansen Nail Insta-dri Anti Chip Top Coat 13ml",
        "price": 15.95,
        "unitPrice": "$11.99 / 10ML"
    },
    {
        "category": "health-beauty",
        "href": "https://www.woolworths.com.au/shop/productdetails/205652/nature-s-way-slim-right-powder-chocolate",
        "imgName": "205652.jpg",
        "imgSrc": "https://cdn0.woolworths.media/content/wowproductimages/medium/205652.jpg",
        "name": "Nature's Way Slim Right Powder Chocolate 375g",
        "price": 14.5,
        "unitPrice": "$3.87 / 100G"
    },
    {
        "category": "health-beauty",
        "href": "https://www.woolworths.com.au/shop/productdetails/262304/woolworths-select-nail-clippers",
        "imgName": "262304.jpg",
        "imgSrc": "https://cdn0.woolworths.media/content/wowproductimages/medium/262304.jpg",
        "name": "Woolworths Select Nail Clippers 1pk",
        "price": 2.95
    },
    {
        "category": "health-beauty",
        "href": "https://www.woolworths.com.au/shop/productdetails/262307/woolworths-select-nail-scissors",
        "imgName": "262307.jpg",
        "imgSrc": "https://cdn0.woolworths.media/content/wowproductimages/medium/262307.jpg",
        "name": "Woolworths Select Nail Scissors each",
        "price": 6.4
    },
    {
        "category": "health-beauty",
        "href": "https://www.woolworths.com.au/shop/productdetails/262300/woolworths-select-cosmetic-make-up-compact-puffs",
        "imgName": "262300.jpg",
        "imgSrc": "https://cdn0.woolworths.media/content/wowproductimages/medium/262300.jpg",
        "name": "Woolworths Select Cosmetic Make Up Compact Puffs 2pk",
        "price": 2.1,
        "unitPrice": "$1.05 / 1EA"
    },
    {
        "category": "health-beauty",
        "href": "https://www.woolworths.com.au/shop/productdetails/365966/rimmel-natural-bronzer-sun-bronze",
        "imgName": "365966.jpg",
        "imgSrc": "https://cdn0.woolworths.media/content/wowproductimages/medium/365966.jpg",
        "name": "Rimmel Natural Bronzer Sun Bronze 14g",
        "price": 15.95,
        "unitPrice": "$11.39 / 10G"
    },
    {
        "category": "health-beauty",
        "href": "https://www.woolworths.com.au/shop/productdetails/312035/le-tan-self-tan-jet-dry-bronze",
        "imgName": "312035.jpg",
        "imgSrc": "https://cdn0.woolworths.media/content/wowproductimages/medium/312035.jpg",
        "name": "Le Tan Self Tan Jet Dry Bronze 100g",
        "price": 14,
        "unitPrice": "$14.00 / 100G"
    },
    {
        "category": "health-beauty",
        "href": "https://www.woolworths.com.au/shop/productdetails/375899/joico-conditioner-colour-endure",
        "imgName": "375899.jpg",
        "imgSrc": "https://cdn0.woolworths.media/content/wowproductimages/medium/375899.jpg",
        "name": "Joico Conditioner Colour Endure 300ml",
        "price": 20,
        "unitPrice": "$6.67 / 100ML"
    },
    {
        "category": "health-beauty",
        "href": "https://www.woolworths.com.au/shop/productdetails/428930/starlite-toothbrush-kids-flashing",
        "imgName": "428930.jpg",
        "imgSrc": "https://cdn0.woolworths.media/content/wowproductimages/medium/428930.jpg",
        "name": "Starlite Toothbrush Kids Flashing each",
        "price": 4.95,
        "unitPrice": "$4.95 / 1EA"
    },
    {
        "category": "health-beauty",
        "href": "https://www.woolworths.com.au/shop/productdetails/365962/rimmel-stay-matte-fdn-s-beige",
        "imgName": "365962.jpg",
        "imgSrc": "https://cdn0.woolworths.media/content/wowproductimages/medium/365962.jpg",
        "name": "Rimmel Stay Matte   Fdn S/beige 30ml",
        "price": 18.3,
        "unitPrice": "$6.10 / 10ML"
    },
    {
        "category": "health-beauty",
        "href": "https://www.woolworths.com.au/shop/productdetails/370862/natures-care-lip-care-paw-paw-ointment",
        "imgName": "370862.jpg",
        "imgSrc": "https://cdn0.woolworths.media/content/wowproductimages/medium/370862.jpg",
        "name": "Natures Care Lip Care Paw Paw Ointment 30g",
        "price": 5.99,
        "unitPrice": "$19.97 / 100G"
    },
    {
        "category": "health-beauty",
        "href": "https://www.woolworths.com.au/shop/productdetails/505442/the-cancer-council-sunscreen-peppa-pig-spf50",
        "imgName": "505442.jpg",
        "imgSrc": "https://cdn0.woolworths.media/content/wowproductimages/medium/505442.jpg",
        "name": "The Cancer Council Sunscreen Peppa Pig Spf50 500ml",
        "price": 26,
        "unitPrice": "$5.20 / 100ML"
    },
    {
        "category": "health-beauty",
        "href": "https://www.woolworths.com.au/shop/productdetails/741334/eylure-eyelashes-naturalites-style-100",
        "imgName": "741334.jpg",
        "imgSrc": "https://cdn0.woolworths.media/content/wowproductimages/medium/741334.jpg",
        "name": "Eylure Eyelashes Naturalites Style 100 each",
        "price": 12.99,
        "unitPrice": "$12.99 / 1EA"
    },
    {
        "category": "health-beauty",
        "href": "https://www.woolworths.com.au/shop/productdetails/744943/deep-heat-back-patch",
        "imgName": "744943.jpg",
        "imgSrc": "https://cdn0.woolworths.media/content/wowproductimages/medium/744943.jpg",
        "name": "Deep Heat Back Patch  2pk",
        "price": 9,
        "unitPrice": "$4.50 / 1EA"
    },
    {
        "category": "health-beauty",
        "href": "https://www.woolworths.com.au/shop/productdetails/728601/palmolive-handwash-refill-lime-antibacterial",
        "imgName": "728601.jpg",
        "imgSrc": "https://cdn0.woolworths.media/content/wowproductimages/medium/728601.jpg",
        "name": "Palmolive Handwash Refill Lime Antibacterial 1l",
        "price": 6.5,
        "unitPrice": "$0.65 / 100ML"
    },
    {
        "category": "health-beauty",
        "href": "https://www.woolworths.com.au/shop/productdetails/740225/schwarzkopf-nordic-blonde-silver-l10-1",
        "imgName": "740225.jpg",
        "imgSrc": "https://cdn0.woolworths.media/content/wowproductimages/medium/740225.jpg",
        "name": "Schwarzkopf Nordic Blonde Silver L10.1 each",
        "price": 11.55,
        "unitPrice": "$11.55 / 1EA"
    },
    {
        "category": "health-beauty",
        "href": "https://www.woolworths.com.au/shop/productdetails/764198/australian-pure-facial-scrub",
        "imgName": "764198.jpg",
        "imgSrc": "https://cdn0.woolworths.media/content/wowproductimages/medium/764198.jpg",
        "name": "Australian Pure Facial Scrub  150g",
        "price": 5.99,
        "unitPrice": "$3.99 / 100ML"
    },
    {
        "category": "health-beauty",
        "href": "https://www.woolworths.com.au/shop/productdetails/756247/nurofen-cold-flu-pe-tablets",
        "imgName": "756247.jpg",
        "imgSrc": "https://cdn0.woolworths.media/content/wowproductimages/medium/756247.jpg",
        "name": "Nurofen Cold & Flu Pe Tablets 24pk",
        "price": 15.5,
        "unitPrice": "$0.65 / 1EA"
    },
    {
        "category": "health-beauty",
        "href": "https://www.woolworths.com.au/shop/productdetails/801226/hydralyte-electrolyte-solution-orange",
        "imgName": "801226.jpg",
        "imgSrc": "https://cdn0.woolworths.media/content/wowproductimages/medium/801226.jpg",
        "name": "Hydralyte Electrolyte Solution Orange 1l",
        "price": 14,
        "unitPrice": "$1.40 / 100ML"
    },
    {
        "category": "health-beauty",
        "href": "https://www.woolworths.com.au/shop/productdetails/826671/steradnt-arctic-ice-tablets-denture-care",
        "imgName": "826671.jpg",
        "imgSrc": "https://cdn0.woolworths.media/content/wowproductimages/medium/826671.jpg",
        "name": "Steradnt Arctic Ice Tablets Denture Care 48s",
        "price": 8.49,
        "unitPrice": "$0.18 / 1EA"
    },
    {
        "category": "health-beauty",
        "href": "https://www.woolworths.com.au/shop/productdetails/937299/first-response-digital-pregnancy-test",
        "imgName": "937299.jpg",
        "imgSrc": "https://cdn0.woolworths.media/content/wowproductimages/medium/937299.jpg",
        "name": "First Response Digital Pregnancy Test  each",
        "price": 17,
        "unitPrice": "$17.00 / 1EA"
    },
    {
        "category": "health-beauty",
        "href": "https://www.woolworths.com.au/shop/productdetails/789433/rexona-women-antiperspirant-deodorant-clinical-shower-clean",
        "imgName": "789433.jpg",
        "imgSrc": "https://cdn0.woolworths.media/content/wowproductimages/medium/789433.jpg",
        "name": "Rexona Women Antiperspirant Deodorant Clinical Shower Clean 45ml",
        "price": 15,
        "unitPrice": "$33.33 / 100ML"
    },
    {
        "category": "health-beauty",
        "href": "https://www.woolworths.com.au/shop/productdetails/225026/nivea-for-men-face-care-moisturiser-extra-soothing",
        "imgName": "225026.jpg",
        "imgSrc": "https://cdn0.woolworths.media/content/wowproductimages/medium/225026.jpg",
        "name": "Nivea For Men Face Care Moisturiser Extra Soothing 75ml",
        "price": 12,
        "unitPrice": "$16.00 / 100ML"
    },
    {
        "category": "health-beauty",
        "href": "https://www.woolworths.com.au/shop/productdetails/43854/deep-heat-cream-mentholated",
        "imgName": "043854.jpg",
        "imgSrc": "https://cdn0.woolworths.media/content/wowproductimages/medium/043854.jpg",
        "name": "Deep Heat Cream Mentholated 100g",
        "price": 7,
        "unitPrice": "$7.00 / 100G"
    },
    {
        "category": "health-beauty",
        "href": "https://www.woolworths.com.au/shop/productdetails/721277/femfresh-silvercare-panty-liners-breathable",
        "imgName": "721277.jpg",
        "imgSrc": "https://cdn0.woolworths.media/content/wowproductimages/medium/721277.jpg",
        "name": "Femfresh Silvercare Panty Liners Breathable 36pk",
        "price": 4.99,
        "unitPrice": "$0.14 / 1EA"
    },
    {
        "category": "health-beauty",
        "href": "https://www.woolworths.com.au/shop/productdetails/724875/dominate-mini-styling-pot",
        "imgName": "724875.jpg",
        "imgSrc": "https://cdn0.woolworths.media/content/wowproductimages/medium/724875.jpg",
        "name": "Dominate Mini Styling Pot 15g",
        "price": 2.5,
        "unitPrice": "$16.67 / 100G"
    },
    {
        "category": "health-beauty",
        "href": "https://www.woolworths.com.au/shop/productdetails/779518/nivea-men-face-care-clear-effect-foam-cleanser",
        "imgName": "779518.jpg",
        "imgSrc": "https://cdn0.woolworths.media/content/wowproductimages/medium/779518.jpg",
        "name": "Nivea Men Face Care Clear Effect Foam Cleanser 100ml",
        "price": 9,
        "unitPrice": "$9.00 / 100ML"
    },
    {
        "category": "health-beauty",
        "href": "https://www.woolworths.com.au/shop/productdetails/575530/nivea-men-protect-care-2-phase-aftershave-lotion",
        "imgName": "575530.jpg",
        "imgSrc": "https://cdn0.woolworths.media/content/wowproductimages/medium/575530.jpg",
        "name": "Nivea Men Protect & Care 2 Phase Aftershave Lotion 100ml",
        "price": 12,
        "unitPrice": "$12.00 / 100ML"
    },
    {
        "category": "health-beauty",
        "href": "https://www.woolworths.com.au/shop/productdetails/593916/rimmel-london-scandaleyes-bold-liquid-liner",
        "imgName": "593916.jpg",
        "imgSrc": "https://cdn0.woolworths.media/content/wowproductimages/medium/593916.jpg",
        "name": "Rimmel London Scandaleyes Bold Liquid Liner 3ml",
        "price": 14,
        "unitPrice": "$46.67 / 10ML"
    },
    {
        "category": "health-beauty",
        "href": "https://www.woolworths.com.au/shop/productdetails/211366/colgate-zig-zag-toothbrush-flex-medium",
        "imgName": "211366.jpg",
        "imgSrc": "https://cdn0.woolworths.media/content/wowproductimages/medium/211366.jpg",
        "name": "Colgate Zig Zag Toothbrush Flex Medium 3pk",
        "price": 7.95,
        "unitPrice": "$2.65 / 1EA"
    },
    {
        "category": "health-beauty",
        "href": "https://www.woolworths.com.au/shop/productdetails/930136/sally-hansen-miracle-gel-duo-pack-red-eye",
        "imgName": "930136.jpg",
        "imgSrc": "https://cdn0.woolworths.media/content/wowproductimages/medium/930136.jpg",
        "name": "Sally Hansen Miracle Gel Duo Pack Red Eye 29.4ml",
        "price": 24.95,
        "unitPrice": "$8.49 / 10ML"
    },
    {
        "category": "health-beauty",
        "href": "https://www.woolworths.com.au/shop/productdetails/34527/band-aid-plastic-strips-clear",
        "imgName": "034527.jpg",
        "imgSrc": "https://cdn0.woolworths.media/content/wowproductimages/medium/034527.jpg",
        "name": "Band-aid Plastic Strips Clear 40pk",
        "price": 5,
        "unitPrice": "$0.13 / 1EA"
    },
    {
        "category": "health-beauty",
        "href": "https://www.woolworths.com.au/shop/productdetails/232261/mylanta-2go-antacids-original-chewable-tablets",
        "imgName": "232261.jpg",
        "imgSrc": "https://cdn0.woolworths.media/content/wowproductimages/medium/232261.jpg",
        "name": "Mylanta 2go Antacids Original Chewable Tablets 24pk",
        "price": 4.7,
        "unitPrice": "$0.20 / 1EA"
    },
    {
        "category": "health-beauty",
        "href": "https://www.woolworths.com.au/shop/productdetails/261341/herbal-essences-shampoo-colour-me-happy",
        "imgName": "261341.jpg",
        "imgSrc": "https://cdn0.woolworths.media/content/wowproductimages/medium/261341.jpg",
        "name": "Herbal Essences Shampoo Colour Me Happy 300ml",
        "price": 5.5,
        "unitPrice": "$1.83 / 100ML"
    },
    {
        "category": "health-beauty",
        "href": "https://www.woolworths.com.au/shop/productdetails/324146/schwarzkopf-nordic-blonde-toner",
        "imgName": "324146.jpg",
        "imgSrc": "https://cdn0.woolworths.media/content/wowproductimages/medium/324146.jpg",
        "name": "Schwarzkopf Nordic Blonde Toner 150ml",
        "price": 8.4,
        "unitPrice": "$5.60 / 100ML"
    },
    {
        "category": "health-beauty",
        "href": "https://www.woolworths.com.au/shop/productdetails/795386/neutrogena-ultra-sheer-face-lotion-spf-50-sunscreen",
        "imgName": "795386.jpg",
        "imgSrc": "https://cdn0.woolworths.media/content/wowproductimages/medium/795386.jpg",
        "name": "Neutrogena Ultra Sheer Face Lotion Spf 50+ Sunscreen 88ml",
        "price": 16.99,
        "unitPrice": "$19.31 / 100ML"
    },
    {
        "category": "health-beauty",
        "href": "https://www.woolworths.com.au/shop/productdetails/770208/cetaphil-facial-cleanser-antibacterial-bar",
        "imgName": "770208.jpg",
        "imgSrc": "https://cdn0.woolworths.media/content/wowproductimages/medium/770208.jpg",
        "name": "Cetaphil Facial Cleanser Antibacterial Bar 127g",
        "price": 9.1,
        "unitPrice": "$7.17 / 100G"
    },
    {
        "category": "health-beauty",
        "href": "https://www.woolworths.com.au/shop/productdetails/938388/otrivin-clear-sea-water-eucalyptus-nasal-spray",
        "imgName": "938388.jpg",
        "imgSrc": "https://cdn0.woolworths.media/content/wowproductimages/medium/938388.jpg",
        "name": "Otrivin Clear Sea Water & Eucalyptus Nasal Spray each",
        "price": 7.99,
        "unitPrice": "$39.95 / 100ML"
    },
    {
        "category": "health-beauty",
        "href": "https://www.woolworths.com.au/shop/productdetails/941399/blackmores-bio-iron-advanced",
        "imgName": "941399.jpg",
        "imgSrc": "https://cdn0.woolworths.media/content/wowproductimages/medium/941399.jpg",
        "name": "Blackmores Bio Iron Advanced  30pk",
        "price": 16.99,
        "unitPrice": "$56.63 / 100EA"
    },
    {
        "category": "health-beauty",
        "href": "https://www.woolworths.com.au/shop/productdetails/5594/libra-invisible-super-pads",
        "imgName": "005594.jpg",
        "imgSrc": "https://cdn0.woolworths.media/content/wowproductimages/medium/005594.jpg",
        "name": "Libra Invisible Super Pads  12pk",
        "price": 5.9,
        "unitPrice": "$0.49 / 1EA"
    },
    {
        "category": "health-beauty",
        "href": "https://www.woolworths.com.au/shop/productdetails/532371/cenovis-once-daily-women-s-multi-energy-boost",
        "imgName": "532371.jpg",
        "imgSrc": "https://cdn0.woolworths.media/content/wowproductimages/medium/532371.jpg",
        "name": "Cenovis Once Daily Women's Multi Energy Boost 50pk",
        "price": 17,
        "unitPrice": "$34.00 / 100EA"
    },
    {
        "category": "health-beauty",
        "href": "https://www.woolworths.com.au/shop/productdetails/567557/neutrogena-wrinkle-repair-serum",
        "imgName": "567557.jpg",
        "imgSrc": "https://cdn0.woolworths.media/content/wowproductimages/medium/567557.jpg",
        "name": "Neutrogena Wrinkle Repair Serum 29ml",
        "price": 43,
        "unitPrice": "$148.28 / 100ML"
    },
    {
        "category": "health-beauty",
        "href": "https://www.woolworths.com.au/shop/productdetails/708666/l-oreal-treatment-elvive-instant-miracle",
        "imgName": "708666.jpg",
        "imgSrc": "https://cdn0.woolworths.media/content/wowproductimages/medium/708666.jpg",
        "name": "L'oreal Treatment Elvive Instant Miracle 200ml",
        "price": 8,
        "unitPrice": "$4.00 / 100ML"
    },
    {
        "category": "health-beauty",
        "href": "https://www.woolworths.com.au/shop/productdetails/436071/nivea-creme-hand-age-central-vite",
        "imgName": "436071.jpg",
        "imgSrc": "https://cdn0.woolworths.media/content/wowproductimages/medium/436071.jpg",
        "name": "Nivea Creme Hand Age Central Vite 100ml",
        "price": 6.95,
        "unitPrice": "$6.95 / 100ML"
    },
    {
        "category": "health-beauty",
        "href": "https://www.woolworths.com.au/shop/productdetails/550039/rimmel-extra-super-long-lash-mascara-black",
        "imgName": "550039.jpg",
        "imgSrc": "https://cdn0.woolworths.media/content/wowproductimages/medium/550039.jpg",
        "name": "Rimmel Extra Super Long Lash Mascara Black 8ml",
        "price": 13,
        "unitPrice": "$16.25 / 10ML"
    },
    {
        "category": "health-beauty",
        "href": "https://www.woolworths.com.au/shop/productdetails/560509/rimmel-royal-blush-coral-queen",
        "imgName": "560509.jpg",
        "imgSrc": "https://cdn0.woolworths.media/content/wowproductimages/medium/560509.jpg",
        "name": "Rimmel Royal Blush Coral Queen  4g",
        "price": 12,
        "unitPrice": "$34.29 / 10G"
    },
    {
        "category": "health-beauty",
        "href": "https://www.woolworths.com.au/shop/productdetails/561419/manicare-toe-nail-clippers-with-nail-file",
        "imgName": "561419.jpg",
        "imgSrc": "https://cdn0.woolworths.media/content/wowproductimages/medium/561419.jpg",
        "name": "Manicare Toe Nail Clippers With Nail File each",
        "price": 7,
        "unitPrice": "$7.00 / 1EA"
    },
    {
        "category": "health-beauty",
        "href": "https://www.woolworths.com.au/shop/productdetails/572423/blackmores-probiotics-daily-health",
        "imgName": "572423.jpg",
        "imgSrc": "https://cdn0.woolworths.media/content/wowproductimages/medium/572423.jpg",
        "name": "Blackmores Probiotics+ Daily Health  30pk",
        "price": 30,
        "unitPrice": "$100.00 / 100EA"
    },
    {
        "category": "health-beauty",
        "href": "https://www.woolworths.com.au/shop/productdetails/446450/rexona-clinical-protection-antibacterial-defense",
        "imgName": "446450.jpg",
        "imgSrc": "https://cdn0.woolworths.media/content/wowproductimages/medium/446450.jpg",
        "name": "Rexona Clinical Protection Antibacterial Defense 45ml",
        "price": 15,
        "unitPrice": "$33.33 / 100ML"
    },
    {
        "category": "health-beauty",
        "href": "https://www.woolworths.com.au/shop/productdetails/841557/strepsils-original-lozenges",
        "imgName": "841557.jpg",
        "imgSrc": "https://cdn0.woolworths.media/content/wowproductimages/medium/841557.jpg",
        "name": "Strepsils Original Lozenges 36pk",
        "price": 10,
        "unitPrice": "$0.28 / 1EA"
    },
    {
        "category": "health-beauty",
        "href": "https://www.woolworths.com.au/shop/productdetails/826881/nature-s-way-coq10-150mg-with-bioperine",
        "imgName": "826881.jpg",
        "imgSrc": "https://cdn0.woolworths.media/content/wowproductimages/medium/826881.jpg",
        "name": "Nature's Way Coq10 150mg With Bioperine 60pk",
        "price": 30,
        "unitPrice": "$50.00 / 100EA"
    },
    {
        "category": "health-beauty",
        "href": "https://www.woolworths.com.au/shop/productdetails/38117/taft-hair-gel-maximum-hold",
        "imgName": "038117.jpg",
        "imgSrc": "https://cdn0.woolworths.media/content/wowproductimages/medium/038117.jpg",
        "name": "Taft Hair Gel Maximum Hold 250g",
        "price": 4.5,
        "unitPrice": "$1.80 / 100G"
    },
    {
        "category": "health-beauty",
        "href": "https://www.woolworths.com.au/shop/productdetails/720348/john-frieda-precision-foam-4bg-dark-chocolate-brown",
        "imgName": "720348.jpg",
        "imgSrc": "https://cdn0.woolworths.media/content/wowproductimages/medium/720348.jpg",
        "name": "John Frieda Precision Foam 4bg Dark Chocolate Brown each",
        "price": 23
    },
    {
        "category": "health-beauty",
        "href": "https://www.woolworths.com.au/shop/productdetails/841661/scholl-fungal-nail-treatment",
        "imgName": "841661.jpg",
        "imgSrc": "https://cdn0.woolworths.media/content/wowproductimages/medium/841661.jpg",
        "name": "Scholl Fungal Nail Treatment 3.8ml",
        "price": 50,
        "unitPrice": "$50.00 / 1EA"
    },
    {
        "category": "health-beauty",
        "href": "https://www.woolworths.com.au/shop/productdetails/873550/eylure-lashes-natural-starter-no-118",
        "imgName": "873550.jpg",
        "imgSrc": "https://cdn0.woolworths.media/content/wowproductimages/medium/873550.jpg",
        "name": "Eylure Lashes Natural Starter No 118 each",
        "price": 13.99,
        "unitPrice": "$13.99 / 1EA"
    },
    {
        "category": "health-beauty",
        "href": "https://www.woolworths.com.au/shop/productdetails/48667/mum-dry-anti-perspirant-deodorant-dry-active-all-day",
        "imgName": "048667.jpg",
        "imgSrc": "https://cdn0.woolworths.media/content/wowproductimages/medium/048667.jpg",
        "name": "Mum Dry Anti Perspirant Deodorant Dry Active All Day 50ml",
        "price": 3,
        "unitPrice": "$6.00 / 100ML"
    },
    {
        "category": "health-beauty",
        "href": "https://www.woolworths.com.au/shop/productdetails/263761/swisspers-nail-polish-remover-pad",
        "imgName": "263761.jpg",
        "imgSrc": "https://cdn0.woolworths.media/content/wowproductimages/medium/263761.jpg",
        "name": "Swisspers Nail Polish Remover Pad 36pk",
        "price": 5.09,
        "unitPrice": "$0.14 / 1EA"
    },
    {
        "category": "health-beauty",
        "href": "https://www.woolworths.com.au/shop/productdetails/730283/nivea-daily-essentials-gentle-exfoliating-scrub",
        "imgName": "730283.jpg",
        "imgSrc": "https://cdn0.woolworths.media/content/wowproductimages/medium/730283.jpg",
        "name": "Nivea Daily Essentials Gentle Exfoliating Scrub 150ml",
        "price": 10.29,
        "unitPrice": "$6.86 / 100ML"
    },
    {
        "category": "health-beauty",
        "href": "https://www.woolworths.com.au/shop/productdetails/749278/rimmel-mtch-prfction-fdn-200",
        "imgName": "749278.jpg",
        "imgSrc": "https://cdn0.woolworths.media/content/wowproductimages/medium/749278.jpg",
        "name": "Rimmel Mtch Prfction Fdn 200 30ml",
        "price": 18.95,
        "unitPrice": "$6.32 / 10ML"
    },
    {
        "category": "health-beauty",
        "href": "https://www.woolworths.com.au/shop/productdetails/497665/taft-full-on-modelling-wax-structured",
        "imgName": "497665.jpg",
        "imgSrc": "https://cdn0.woolworths.media/content/wowproductimages/medium/497665.jpg",
        "name": "Taft Full On Modelling Wax Structured 100ml",
        "price": 8,
        "unitPrice": "$8.00 / 100ML"
    },
    {
        "category": "health-beauty",
        "href": "https://www.woolworths.com.au/shop/productdetails/800765/redken-extreme-shampoo",
        "imgName": "800765.jpg",
        "imgSrc": "https://cdn0.woolworths.media/content/wowproductimages/medium/800765.jpg",
        "name": "Redken Extreme Shampoo  300ml",
        "price": 23,
        "unitPrice": "$7.67 / 100ML"
    },
    {
        "category": "health-beauty",
        "href": "https://www.woolworths.com.au/shop/productdetails/9302/manicare-crystal-nail-file",
        "imgName": "009302.jpg",
        "imgSrc": "https://cdn0.woolworths.media/content/wowproductimages/medium/009302.jpg",
        "name": "Manicare Crystal Nail File each",
        "price": 17,
        "unitPrice": "$17.00 / 1EA"
    },
    {
        "category": "health-beauty",
        "href": "https://www.woolworths.com.au/shop/productdetails/205654/nature-s-way-slim-right-powder-strawberry-w-raspberry-ketones",
        "imgName": "205654.jpg",
        "imgSrc": "https://cdn0.woolworths.media/content/wowproductimages/medium/205654.jpg",
        "name": "Nature's Way Slim Right Powder Strawberry W Raspberry Ketones 375g",
        "price": 14.5,
        "unitPrice": "$3.87 / 100G"
    },
    {
        "category": "health-beauty",
        "href": "https://www.woolworths.com.au/shop/productdetails/231326/oscar-orsen-large-flat-hair-elastics-blonde",
        "imgName": "231326.jpg",
        "imgSrc": "https://cdn0.woolworths.media/content/wowproductimages/medium/231326.jpg",
        "name": "Oscar Orsen Large Flat Hair Elastics Blonde 10 pack",
        "price": 4.29
    },
    {
        "category": "health-beauty",
        "href": "https://www.woolworths.com.au/shop/productdetails/604713/telfast-hay-fever-tablets-120mg",
        "imgName": "604713.jpg",
        "imgSrc": "https://cdn0.woolworths.media/content/wowproductimages/medium/604713.jpg",
        "name": "Telfast Hay Fever Tablets 120mg 10pk",
        "price": 12,
        "unitPrice": "$1.20 / 1EA"
    },
    {
        "category": "health-beauty",
        "href": "https://www.woolworths.com.au/shop/productdetails/617013/hydralyte-effervescent-electrolyte-tablets-apple-blackcurrant",
        "imgName": "617013.jpg",
        "imgSrc": "https://cdn0.woolworths.media/content/wowproductimages/medium/617013.jpg",
        "name": "Hydralyte Effervescent Electrolyte Tablets Apple Blackcurrant 10pk",
        "price": 8,
        "unitPrice": "$0.80 / 1EA"
    },
    {
        "category": "health-beauty",
        "href": "https://www.woolworths.com.au/shop/productdetails/927489/alpecin-caffeine-shampoo",
        "imgName": "927489.jpg",
        "imgSrc": "https://cdn0.woolworths.media/content/wowproductimages/medium/927489.jpg",
        "name": "Alpecin Caffeine Shampoo  250ml",
        "price": 13,
        "unitPrice": "$5.20 / 100ML"
    },
    {
        "category": "health-beauty",
        "href": "https://www.woolworths.com.au/shop/productdetails/932580/aveeno-daily-moisturising-lotion",
        "imgName": "932580.jpg",
        "imgSrc": "https://cdn0.woolworths.media/content/wowproductimages/medium/932580.jpg",
        "name": "Aveeno Daily Moisturising Lotion  532ml",
        "price": 16.99,
        "unitPrice": "$3.19 / 100ML"
    },
    {
        "category": "health-beauty",
        "href": "https://www.woolworths.com.au/shop/productdetails/937340/coloxyl-senna-tablets",
        "imgName": "937340.jpg",
        "imgSrc": "https://cdn0.woolworths.media/content/wowproductimages/medium/937340.jpg",
        "name": "Coloxyl & Senna Tablets  45pk",
        "price": 7.99,
        "unitPrice": "$0.18 / 1EA"
    },
    {
        "category": "health-beauty",
        "href": "https://www.woolworths.com.au/shop/productdetails/482121/pantene-shampoo-daily-moisture",
        "imgName": "482121.jpg",
        "imgSrc": "https://cdn0.woolworths.media/content/wowproductimages/medium/482121.jpg",
        "name": "Pantene Shampoo Daily Moisture 90ml",
        "price": 2.99,
        "unitPrice": "$3.32 / 100ML"
    },
    {
        "category": "health-beauty",
        "href": "https://www.woolworths.com.au/shop/productdetails/740193/sally-hansen-nail-xtreme-81-bamboo",
        "imgName": "740193.jpg",
        "imgSrc": "https://cdn0.woolworths.media/content/wowproductimages/medium/740193.jpg",
        "name": "Sally Hansen Nail Xtreme 81 Bamboo 11.8ml",
        "price": 6.95,
        "unitPrice": "$5.89 / 10ML"
    },
    {
        "category": "health-beauty",
        "href": "https://www.woolworths.com.au/shop/productdetails/26807/nivea-body-moisturiser-soft-jojoba-with-vitamin-e",
        "imgName": "026807.jpg",
        "imgSrc": "https://cdn0.woolworths.media/content/wowproductimages/medium/026807.jpg",
        "name": "Nivea Body Moisturiser Soft Jojoba With Vitamin E 200ml",
        "price": 10.39,
        "unitPrice": "$5.20 / 100ML"
    },
    {
        "category": "health-beauty",
        "href": "https://www.woolworths.com.au/shop/productdetails/31095/aloe-antiseptic-gel-aid",
        "imgName": "031095.jpg",
        "imgSrc": "https://cdn0.woolworths.media/content/wowproductimages/medium/031095.jpg",
        "name": "Aloe Antiseptic Gel Aid 100g",
        "price": 9.5,
        "unitPrice": "$9.50 / 100G"
    },
    {
        "category": "health-beauty",
        "href": "https://www.woolworths.com.au/shop/productdetails/31314/clairol-nice-n-easy-6r-natural-light-auburn",
        "imgName": "031314.jpg",
        "imgSrc": "https://cdn0.woolworths.media/content/wowproductimages/medium/031314.jpg",
        "name": "Clairol Nice N Easy 6r Natural Light Auburn each",
        "price": 13
    },
    {
        "category": "health-beauty",
        "href": "https://www.woolworths.com.au/shop/productdetails/31295/clairol-nice-n-easy-4-natural-dark-brown",
        "imgName": "031295.jpg",
        "imgSrc": "https://cdn0.woolworths.media/content/wowproductimages/medium/031295.jpg",
        "name": "Clairol Nice N Easy 4 Natural Dark Brown each",
        "price": 13
    },
    {
        "category": "health-beauty",
        "href": "https://www.woolworths.com.au/shop/productdetails/87862/scholl-corn-removal-foot-care-plaster-waterproof",
        "imgName": "087862.jpg",
        "imgSrc": "https://cdn0.woolworths.media/content/wowproductimages/medium/087862.jpg",
        "name": "Scholl Corn Removal Foot Care Plaster Waterproof 1pk",
        "price": 11,
        "unitPrice": "$1.38 / 1EA"
    },
    {
        "category": "health-beauty",
        "href": "https://www.woolworths.com.au/shop/productdetails/159440/st-ives-fresh-skin-scrub-apricot",
        "imgName": "159440.jpg",
        "imgSrc": "https://cdn0.woolworths.media/content/wowproductimages/medium/159440.jpg",
        "name": "St Ives Fresh Skin Scrub Apricot 150ml",
        "price": 10,
        "unitPrice": "$6.67 / 100ML"
    },
    {
        "category": "health-beauty",
        "href": "https://www.woolworths.com.au/shop/productdetails/340619/primal-earth-face-wash-sensitive",
        "imgName": "340619.jpg",
        "imgSrc": "https://cdn0.woolworths.media/content/wowproductimages/medium/340619.jpg",
        "name": "Primal Earth Face Wash Sensitive 125ml",
        "price": 9,
        "unitPrice": "$7.20 / 100ML"
    },
    {
        "category": "health-beauty",
        "href": "https://www.woolworths.com.au/shop/productdetails/294622/blackmores-pre-conception-conceive-well-gold",
        "imgName": "294622.jpg",
        "imgSrc": "https://cdn0.woolworths.media/content/wowproductimages/medium/294622.jpg",
        "name": "Blackmores Pre-conception Conceive Well Gold 56pk",
        "price": 38,
        "unitPrice": "$67.86 / 100EA"
    },
    {
        "category": "health-beauty",
        "href": "https://www.woolworths.com.au/shop/productdetails/345773/nature-s-way-kids-smart-complete",
        "imgName": "345773.jpg",
        "imgSrc": "https://cdn0.woolworths.media/content/wowproductimages/medium/345773.jpg",
        "name": "Nature's Way Kids Smart Complete 50pk",
        "price": 19,
        "unitPrice": "$38.00 / 100EA"
    },
    {
        "category": "health-beauty",
        "href": "https://www.woolworths.com.au/shop/productdetails/575791/gillette-fusion-proshield-razor",
        "imgName": "575791.jpg",
        "imgSrc": "https://cdn0.woolworths.media/content/wowproductimages/medium/575791.jpg",
        "name": "Gillette Fusion Proshield Razor 1pk",
        "price": 22.5,
        "unitPrice": "$22.50 / 1EA"
    },
    {
        "category": "health-beauty",
        "href": "https://www.woolworths.com.au/shop/productdetails/353969/woolworths-select-denture-care-brush",
        "imgName": "353969.jpg",
        "imgSrc": "https://cdn0.woolworths.media/content/wowproductimages/medium/353969.jpg",
        "name": "Woolworths Select Denture Care Brush each",
        "price": 2.5,
        "unitPrice": "$2.50 / 1EA"
    },
    {
        "category": "health-beauty",
        "href": "https://www.woolworths.com.au/shop/productdetails/336322/aussie-bodies-protein-fx-super-bar-chocolate-caramel",
        "imgName": "336322.jpg",
        "imgSrc": "https://cdn0.woolworths.media/content/wowproductimages/medium/336322.jpg",
        "name": "Aussie Bodies Protein Fx Super Bar Chocolate Caramel 85g",
        "price": 4.5,
        "unitPrice": "$5.29 / 100G"
    },
    {
        "category": "health-beauty",
        "href": "https://www.woolworths.com.au/shop/productdetails/336306/nature-s-way-kids-smart-strawberry",
        "imgName": "336306.jpg",
        "imgSrc": "https://cdn0.woolworths.media/content/wowproductimages/medium/336306.jpg",
        "name": "Nature's Way Kids Smart Strawberry 50pk",
        "price": 15.5,
        "unitPrice": "$31.00 / 100EA"
    },
    {
        "category": "health-beauty",
        "href": "https://www.woolworths.com.au/shop/productdetails/724494/systane-ultra-eye-drops",
        "imgName": "724494.jpg",
        "imgSrc": "https://cdn0.woolworths.media/content/wowproductimages/medium/724494.jpg",
        "name": "Systane Ultra Eye Drops  10ml",
        "price": 10,
        "unitPrice": "$100.00 / 100ML"
    },
    {
        "category": "health-beauty",
        "href": "https://www.woolworths.com.au/shop/productdetails/750755/homebrand-paracetamol-tablets",
        "imgName": "750755.jpg",
        "imgSrc": "https://cdn0.woolworths.media/content/wowproductimages/medium/750755.jpg",
        "name": "Homebrand Paracetamol Tablets 20pk",
        "price": 0.7,
        "unitPrice": "$0.04 / 1EA"
    },
    {
        "category": "health-beauty",
        "href": "https://www.woolworths.com.au/shop/productdetails/627659/fat-blaster-mocha-shake",
        "imgName": "627659.jpg",
        "imgSrc": "https://cdn0.woolworths.media/content/wowproductimages/medium/627659.jpg",
        "name": "Fat Blaster Mocha Shake 430g",
        "price": 20,
        "unitPrice": "$4.65 / 100G"
    },
    {
        "category": "health-beauty",
        "href": "https://www.woolworths.com.au/shop/productdetails/618381/modelco-makeup-miracle-jelly-blender",
        "imgName": "618381.jpg",
        "imgSrc": "https://cdn0.woolworths.media/content/wowproductimages/medium/618381.jpg",
        "name": "Modelco Makeup Miracle Jelly Blender  1ea",
        "price": 8,
        "unitPrice": "$8.00 / 1EA"
    },
    {
        "category": "health-beauty",
        "href": "https://www.woolworths.com.au/shop/productdetails/345098/polident-denture-care-adhesive-cream-flavour-free",
        "imgName": "345098.jpg",
        "imgSrc": "https://cdn0.woolworths.media/content/wowproductimages/medium/345098.jpg",
        "name": "Polident Denture Care Adhesive Cream Flavour Free 60g",
        "price": 11.5,
        "unitPrice": "$19.17 / 100G"
    },
    {
        "category": "health-beauty",
        "href": "https://www.woolworths.com.au/shop/productdetails/764695/old-spice-deodorant-roll-on-swagger",
        "imgName": "764695.jpg",
        "imgSrc": "https://cdn0.woolworths.media/content/wowproductimages/medium/764695.jpg",
        "name": "Old Spice Deodorant Roll On Swagger 73g",
        "price": 6.5,
        "unitPrice": "$8.90 / 100G"
    },
    {
        "category": "health-beauty",
        "href": "https://www.woolworths.com.au/shop/productdetails/731654/sensodyne-whitening-toothpaste-repair-protection",
        "imgName": "731654.jpg",
        "imgSrc": "https://cdn0.woolworths.media/content/wowproductimages/medium/731654.jpg",
        "name": "Sensodyne Whitening Toothpaste Repair & Protection 100g",
        "price": 11,
        "unitPrice": "$11.00 / 100G"
    },
    {
        "category": "health-beauty",
        "href": "https://www.woolworths.com.au/shop/productdetails/828191/blackmores-glucosamine-sulfate-1500mg-tablets",
        "imgName": "828191.jpg",
        "imgSrc": "https://cdn0.woolworths.media/content/wowproductimages/medium/828191.jpg",
        "name": "Blackmores Glucosamine Sulfate 1500mg Tablets 180pk",
        "price": 47,
        "unitPrice": "$26.11 / 100EA"
    },
    {
        "category": "health-beauty",
        "href": "https://www.woolworths.com.au/shop/productdetails/789174/modelco-more-brows-medium-to-dark",
        "imgName": "789174.jpg",
        "imgSrc": "https://cdn0.woolworths.media/content/wowproductimages/medium/789174.jpg",
        "name": "Modelco More Brows Medium To Dark 3.5ml",
        "price": 14.95,
        "unitPrice": "$42.71 / 10ML"
    },
    {
        "category": "health-beauty",
        "href": "https://www.woolworths.com.au/shop/productdetails/505845/balnea-nourishing-body-wash",
        "imgName": "505845.jpg",
        "imgSrc": "https://cdn0.woolworths.media/content/wowproductimages/medium/505845.jpg",
        "name": "Balnea Nourishing Body Wash 500ml",
        "price": 2.4,
        "unitPrice": "$0.48 / 100ML"
    },
    {
        "category": "health-beauty",
        "href": "https://www.woolworths.com.au/shop/productdetails/705869/nature-s-way-kids-smart-vita-gummies-calcium",
        "imgName": "705869.jpg",
        "imgSrc": "https://cdn0.woolworths.media/content/wowproductimages/medium/705869.jpg",
        "name": "Nature's Way Kids Smart Vita-gummies Calcium 60pk",
        "price": 15,
        "unitPrice": "$25.00 / 100EA"
    },
    {
        "category": "health-beauty",
        "href": "https://www.woolworths.com.au/shop/productdetails/486575/ogx-conditioner-extra-strength-argan-oil-of-morocco",
        "imgName": "486575.jpg",
        "imgSrc": "https://cdn0.woolworths.media/content/wowproductimages/medium/486575.jpg",
        "name": "Ogx Conditioner Extra Strength Argan Oil Of Morocco 385ml",
        "price": 19,
        "unitPrice": "$4.94 / 100ML"
    },
    {
        "category": "health-beauty",
        "href": "https://www.woolworths.com.au/shop/productdetails/732420/gillette-fusion-proglide-power-shaving-blade-refill",
        "imgName": "732420.jpg",
        "imgSrc": "https://cdn0.woolworths.media/content/wowproductimages/medium/732420.jpg",
        "name": "Gillette Fusion Proglide Power Shaving Blade Refill  each",
        "price": 30
    },
    {
        "category": "health-beauty",
        "href": "https://www.woolworths.com.au/shop/productdetails/508159/atkins-lift-protein-bar-choc-chip-cookie-dough",
        "imgName": "508159.jpg",
        "imgSrc": "https://cdn0.woolworths.media/content/wowproductimages/medium/508159.jpg",
        "name": "Atkins Lift Protein Bar Choc Chip Cookie Dough 60g",
        "price": 4,
        "unitPrice": "$6.67 / 100G"
    },
    {
        "category": "health-beauty",
        "href": "https://www.woolworths.com.au/shop/productdetails/757141/bodytrim-chocolate-fudge-bar",
        "imgName": "757141.jpg",
        "imgSrc": "https://cdn0.woolworths.media/content/wowproductimages/medium/757141.jpg",
        "name": "Bodytrim Chocolate Fudge Bar 50g",
        "price": 3.5,
        "unitPrice": "$7.00 / 100G"
    },
    {
        "category": "health-beauty",
        "href": "https://www.woolworths.com.au/shop/productdetails/830464/oscar-orsen-bobby-pins-brown",
        "imgName": "830464.jpg",
        "imgSrc": "https://cdn0.woolworths.media/content/wowproductimages/medium/830464.jpg",
        "name": "Oscar Orsen Bobby Pins Brown 36 pack",
        "price": 3,
        "unitPrice": "$0.08 / 1EA"
    },
    {
        "category": "health-beauty",
        "href": "https://www.woolworths.com.au/shop/productdetails/759605/organic-care-dry-conditioner",
        "imgName": "759605.jpg",
        "imgSrc": "https://cdn0.woolworths.media/content/wowproductimages/medium/759605.jpg",
        "name": "Organic Care Dry Conditioner  725ml",
        "price": 6,
        "unitPrice": "$0.83 / 100ML"
    },
    {
        "category": "health-beauty",
        "href": "https://www.woolworths.com.au/shop/productdetails/873845/aussie-bodies-protein-fx-lo-carb-bar-crunch-choc-blueberry",
        "imgName": "873845.jpg",
        "imgSrc": "https://cdn0.woolworths.media/content/wowproductimages/medium/873845.jpg",
        "name": "Aussie Bodies Protein Fx Lo Carb Bar Crunch Choc Blueberry 40g",
        "price": 2.8,
        "unitPrice": "$7.00 / 100G"
    },
    {
        "category": "health-beauty",
        "href": "https://www.woolworths.com.au/shop/productdetails/90000270/nivea-black-white-deodorant-151g-x3-bundle",
        "imgName": "90000270.jpg",
        "imgSrc": "https://cdn0.woolworths.media/content/wowproductimages/medium/90000270.jpg",
        "name": "Nivea Black & White Deodorant 151g X3 Bundle",
        "price": 13.5,
        "unitPrice": "$1.80 / 100ML"
    },
    {
        "category": "health-beauty",
        "href": "https://www.woolworths.com.au/shop/productdetails/248093/schick-mens-razor-blades-quattro-titanium-refill",
        "imgName": "248093.jpg",
        "imgSrc": "https://cdn0.woolworths.media/content/wowproductimages/medium/248093.jpg",
        "name": "Schick Mens Razor Blades Quattro Titanium Refill 8ea",
        "price": 21,
        "unitPrice": "$2.63 / 1EA"
    },
    {
        "category": "health-beauty",
        "href": "https://www.woolworths.com.au/shop/productdetails/827111/nivea-men-face-care-cream",
        "imgName": "827111.jpg",
        "imgSrc": "https://cdn0.woolworths.media/content/wowproductimages/medium/827111.jpg",
        "name": "Nivea Men Face Care Cream 150ml",
        "price": 8,
        "unitPrice": "$5.33 / 100ML"
    },
    {
        "category": "health-beauty",
        "href": "https://www.woolworths.com.au/shop/productdetails/10829/brut-deodorant-aerosol-original",
        "imgName": "010829.jpg",
        "imgSrc": "https://cdn0.woolworths.media/content/wowproductimages/medium/010829.jpg",
        "name": "Brut Deodorant Aerosol Original 150g",
        "price": 6.3,
        "unitPrice": "$4.20 / 100G"
    },
    {
        "category": "health-beauty",
        "href": "https://www.woolworths.com.au/shop/productdetails/31150/bonningtons-cough-syrups-irish-moss",
        "imgName": "031150.jpg",
        "imgSrc": "https://cdn0.woolworths.media/content/wowproductimages/medium/031150.jpg",
        "name": "Bonningtons Cough Syrups Irish Moss 200ml",
        "price": 6.5,
        "unitPrice": "$3.25 / 100ML"
    },
    {
        "category": "health-beauty",
        "href": "https://www.woolworths.com.au/shop/productdetails/10972/quick-eze-antacids-peppermint-chewy",
        "imgName": "010972.jpg",
        "imgSrc": "https://cdn0.woolworths.media/content/wowproductimages/medium/010972.jpg",
        "name": "Quick Eze Antacids Peppermint Chewy 8pk",
        "price": 2.3,
        "unitPrice": "$0.29 / 1EA"
    },
    {
        "category": "health-beauty",
        "href": "https://www.woolworths.com.au/shop/productdetails/51658/neutrogena-facial-cleanser-extra-gentle",
        "imgName": "051658.jpg",
        "imgSrc": "https://cdn0.woolworths.media/content/wowproductimages/medium/051658.jpg",
        "name": "Neutrogena Facial Cleanser Extra Gentle 200ml",
        "price": 14.49,
        "unitPrice": "$7.25 / 100ML"
    },
    {
        "category": "health-beauty",
        "href": "https://www.woolworths.com.au/shop/productdetails/91018/vaseline-intensive-care-body-lotion-deep-restore",
        "imgName": "091018.jpg",
        "imgSrc": "https://cdn0.woolworths.media/content/wowproductimages/medium/091018.jpg",
        "name": "Vaseline Intensive Care Body Lotion Deep Restore 75ml",
        "price": 3.99,
        "unitPrice": "$5.32 / 100ML"
    },
    {
        "category": "health-beauty",
        "href": "https://www.woolworths.com.au/shop/productdetails/261885/woolworths-select-combs-volumising",
        "imgName": "261885.jpg",
        "imgSrc": "https://cdn0.woolworths.media/content/wowproductimages/medium/261885.jpg",
        "name": "Woolworths Select Combs Volumising 2pk",
        "price": 3.4
    },
    {
        "category": "health-beauty",
        "href": "https://www.woolworths.com.au/shop/productdetails/283025/zantac-heartburn-indigestion-relief-tablets",
        "imgName": "283025.jpg",
        "imgSrc": "https://cdn0.woolworths.media/content/wowproductimages/medium/283025.jpg",
        "name": "Zantac Heartburn & Indigestion Relief Tablets 14pk",
        "price": 10,
        "unitPrice": "$0.71 / 1EA"
    },
    {
        "category": "health-beauty",
        "href": "https://www.woolworths.com.au/shop/productdetails/285789/schwarzkopf-brilliance-43-red-passion",
        "imgName": "285789.jpg",
        "imgSrc": "https://cdn0.woolworths.media/content/wowproductimages/medium/285789.jpg",
        "name": "Schwarzkopf Brilliance 43 Red Passion 1pk",
        "price": 14.4
    },
    {
        "category": "health-beauty",
        "href": "https://www.woolworths.com.au/shop/productdetails/225441/quick-eze-chewy-forest-berry-antacid-tablets",
        "imgName": "225441.jpg",
        "imgSrc": "https://cdn0.woolworths.media/content/wowproductimages/medium/225441.jpg",
        "name": "Quick Eze Chewy Forest Berry Antacid Tablets 8ea",
        "price": 2.3,
        "unitPrice": "$0.29 / 1EA"
    },
    {
        "category": "health-beauty",
        "href": "https://www.woolworths.com.au/shop/productdetails/156601/pantene-pro-v-leave-in-conditioner-light-detangling-spray",
        "imgName": "156601.jpg",
        "imgSrc": "https://cdn0.woolworths.media/content/wowproductimages/medium/156601.jpg",
        "name": "Pantene Pro-v Leave In Conditioner Light Detangling Spray 250ml",
        "price": 8,
        "unitPrice": "$3.20 / 100ML"
    },
    {
        "category": "health-beauty",
        "href": "https://www.woolworths.com.au/shop/productdetails/248324/nivea-for-men-face-care-moisturiser-protective-spf15-",
        "imgName": "248324.jpg",
        "imgSrc": "https://cdn0.woolworths.media/content/wowproductimages/medium/248324.jpg",
        "name": "Nivea For Men Face Care Moisturiser Protective Spf15+ 75ml",
        "price": 12,
        "unitPrice": "$16.00 / 100ML"
    },
    {
        "category": "health-beauty",
        "href": "https://www.woolworths.com.au/shop/productdetails/376268/nature-s-way-advanced-omega-triple-strength-fish-oil",
        "imgName": "376268.jpg",
        "imgSrc": "https://cdn0.woolworths.media/content/wowproductimages/medium/376268.jpg",
        "name": "Nature's Way Advanced Omega Triple Strength Fish Oil 60pk",
        "price": 20,
        "unitPrice": "$33.33 / 100EA"
    },
    {
        "category": "health-beauty",
        "href": "https://www.woolworths.com.au/shop/productdetails/285794/schwarzkopf-brilliance-89-bitter-sweet-chocolate",
        "imgName": "285794.jpg",
        "imgSrc": "https://cdn0.woolworths.media/content/wowproductimages/medium/285794.jpg",
        "name": "Schwarzkopf Brilliance 89 Bitter Sweet Chocolate 1pk",
        "price": 14.4
    },
    {
        "category": "health-beauty",
        "href": "https://www.woolworths.com.au/shop/productdetails/378904/schwarzkopf-extra-care-hair-spray-ultra-styling-lacquer",
        "imgName": "378904.jpg",
        "imgSrc": "https://cdn0.woolworths.media/content/wowproductimages/medium/378904.jpg",
        "name": "Schwarzkopf Extra Care Hair Spray Ultra Styling Lacquer 250g",
        "price": 7,
        "unitPrice": "$2.80 / 100G"
    },
    {
        "category": "health-beauty",
        "href": "https://www.woolworths.com.au/shop/productdetails/381581/l-oreal-age-perfect-face-cream-intense-nutrition-night-moist",
        "imgName": "381581.jpg",
        "imgSrc": "https://cdn0.woolworths.media/content/wowproductimages/medium/381581.jpg",
        "name": "L'oreal Age Perfect Face Cream Intense Nutrition Night Moist 50ml",
        "price": 35.55,
        "unitPrice": "$71.10 / 100ML"
    },
    {
        "category": "health-beauty",
        "href": "https://www.woolworths.com.au/shop/productdetails/273149/panadol-tablets",
        "imgName": "273149.jpg",
        "imgSrc": "https://cdn0.woolworths.media/content/wowproductimages/medium/273149.jpg",
        "name": "Panadol Tablets  20pk",
        "price": 3.5,
        "unitPrice": "$0.18 / 1EA"
    },
    {
        "category": "health-beauty",
        "href": "https://www.woolworths.com.au/shop/productdetails/518183/voeu-cleansing-facial-wipes-dry-sensitive-skin",
        "imgName": "518183.jpg",
        "imgSrc": "https://cdn0.woolworths.media/content/wowproductimages/medium/518183.jpg",
        "name": "Voeu Cleansing Facial Wipes Dry & Sensitive Skin 25pk",
        "price": 1.5,
        "unitPrice": "$0.06 / 1EA"
    },
    {
        "category": "health-beauty",
        "href": "https://www.woolworths.com.au/shop/productdetails/728220/woolworths-select-incontinence-extra-pads",
        "imgName": "728220.jpg",
        "imgSrc": "https://cdn0.woolworths.media/content/wowproductimages/medium/728220.jpg",
        "name": "Woolworths Select Incontinence Extra Pads 14pk",
        "price": 4.49,
        "unitPrice": "$0.32 / 1EA"
    },
    {
        "category": "health-beauty",
        "href": "https://www.woolworths.com.au/shop/productdetails/490137/sunsilk-conditioner-brilliant-shine",
        "imgName": "490137.jpg",
        "imgSrc": "https://cdn0.woolworths.media/content/wowproductimages/medium/490137.jpg",
        "name": "Sunsilk Conditioner Brilliant Shine 350ml",
        "price": 5.5,
        "unitPrice": "$1.57 / 100ML"
    },
    {
        "category": "health-beauty",
        "href": "https://www.woolworths.com.au/shop/productdetails/575868/nivea-men-protect-care-refreshing-face-wash",
        "imgName": "575868.jpg",
        "imgSrc": "https://cdn0.woolworths.media/content/wowproductimages/medium/575868.jpg",
        "name": "Nivea Men Protect & Care Refreshing Face Wash 150ml",
        "price": 12,
        "unitPrice": "$8.00 / 100ML"
    },
    {
        "category": "health-beauty",
        "href": "https://www.woolworths.com.au/shop/productdetails/753547/penta-vite-multivitamin-gummies",
        "imgName": "753547.jpg",
        "imgSrc": "https://cdn0.woolworths.media/content/wowproductimages/medium/753547.jpg",
        "name": "Penta-vite Multivitamin Gummies 60pk",
        "price": 13.3,
        "unitPrice": "$22.17 / 100EA"
    },
    {
        "category": "health-beauty",
        "href": "https://www.woolworths.com.au/shop/productdetails/773029/nature-s-care-face-cream-pure-lanolin",
        "imgName": "773029.jpg",
        "imgSrc": "https://cdn0.woolworths.media/content/wowproductimages/medium/773029.jpg",
        "name": "Nature's Care Face Cream Pure Lanolin 100g",
        "price": 3.99,
        "unitPrice": "$3.99 / 100G"
    },
    {
        "category": "health-beauty",
        "href": "https://www.woolworths.com.au/shop/productdetails/770207/cetaphil-body-moisturiser-lotion",
        "imgName": "770207.jpg",
        "imgSrc": "https://cdn0.woolworths.media/content/wowproductimages/medium/770207.jpg",
        "name": "Cetaphil Body Moisturiser Lotion 500ml",
        "price": 17,
        "unitPrice": "$3.40 / 100ML"
    },
    {
        "category": "health-beauty",
        "href": "https://www.woolworths.com.au/shop/productdetails/771393/dermaveen-body-wash-shower-and-bath-oil",
        "imgName": "771393.jpg",
        "imgSrc": "https://cdn0.woolworths.media/content/wowproductimages/medium/771393.jpg",
        "name": "Dermaveen Body Wash Shower And Bath Oil 500ml",
        "price": 14,
        "unitPrice": "$2.80 / 100ML"
    },
    {
        "category": "health-beauty",
        "href": "https://www.woolworths.com.au/shop/productdetails/841541/rexona-men-antiperspirant-deodorant-stick-sport",
        "imgName": "841541.jpg",
        "imgSrc": "https://cdn0.woolworths.media/content/wowproductimages/medium/841541.jpg",
        "name": "Rexona Men Antiperspirant Deodorant Stick Sport 52ml",
        "price": 5,
        "unitPrice": "$9.62 / 100G"
    },
    {
        "category": "health-beauty",
        "href": "https://www.woolworths.com.au/shop/productdetails/842806/pantene-pro-v-daily-moisture-renewal-shampoo",
        "imgName": "842806.jpg",
        "imgSrc": "https://cdn0.woolworths.media/content/wowproductimages/medium/842806.jpg",
        "name": "Pantene Pro-v Daily Moisture Renewal Shampoo 900ml",
        "price": 15.7,
        "special": 10,
        "unitPrice": "$1.11 / 100ML"
    },
    {
        "category": "health-beauty",
        "href": "https://www.woolworths.com.au/shop/productdetails/769181/schwarzkopf-live-colour-ultra-brights-shocking-pink",
        "imgName": "769181.jpg",
        "imgSrc": "https://cdn0.woolworths.media/content/wowproductimages/medium/769181.jpg",
        "name": "Schwarzkopf Live Colour Ultra Brights Shocking Pink each",
        "price": 5.5,
        "special": 4
    },
    {
        "category": "health-beauty",
        "href": "https://www.woolworths.com.au/shop/productdetails/798377/aussie-bodies-hplc-cookies-cream",
        "imgName": "798377.jpg",
        "imgSrc": "https://cdn0.woolworths.media/content/wowproductimages/medium/798377.jpg",
        "name": "Aussie Bodies Hplc Cookies & Cream 100g",
        "price": 5,
        "special": 4,
        "unitPrice": "$4.00 / 100G"
    },
    {
        "category": "health-beauty",
        "href": "https://www.woolworths.com.au/shop/productdetails/824411/dove-men-antiperspirant-aerosol-deodorant-clean-comfort",
        "imgName": "824411.jpg",
        "imgSrc": "https://cdn0.woolworths.media/content/wowproductimages/medium/824411.jpg",
        "name": "Dove Men Antiperspirant Aerosol Deodorant Clean Comfort 254ml",
        "price": 7,
        "unitPrice": "$2.76 / 100ML"
    },
    {
        "category": "health-beauty",
        "href": "https://www.woolworths.com.au/shop/productdetails/888622/woolworths-kids-sunscreen-spf-50-",
        "imgName": "888622.jpg",
        "imgSrc": "https://cdn0.woolworths.media/content/wowproductimages/medium/888622.jpg",
        "name": "Woolworths Kids Sunscreen Spf 50+ 50g",
        "price": 3.5,
        "unitPrice": "$7.00 / 100G"
    },
    {
        "category": "health-beauty",
        "href": "https://www.woolworths.com.au/shop/productdetails/841077/elastoplast-sensitive-hypoallergenic-strips-assorted",
        "imgName": "841077.jpg",
        "imgSrc": "https://cdn0.woolworths.media/content/wowproductimages/medium/841077.jpg",
        "name": "Elastoplast Sensitive Hypoallergenic Strips Assorted 40pk",
        "price": 5,
        "special": 4.5,
        "unitPrice": "$0.11 / 1EA"
    },
    {
        "category": "health-beauty",
        "href": "https://www.woolworths.com.au/shop/productdetails/928706/imodium-advanced-anti-diarrhoeal",
        "imgName": "928706.jpg",
        "imgSrc": "https://cdn0.woolworths.media/content/wowproductimages/medium/928706.jpg",
        "name": "Imodium Advanced Anti Diarrhoeal 6pk",
        "price": 11,
        "unitPrice": "$1.83 / 1EA"
    },
    {
        "category": "health-beauty",
        "href": "https://www.woolworths.com.au/shop/productdetails/877442/maybelline-hypersharp-wing-liquid-liner-black",
        "imgName": "877442.jpg",
        "imgSrc": "https://cdn0.woolworths.media/content/wowproductimages/medium/877442.jpg",
        "name": "Maybelline Hypersharp Wing Liquid Liner Black each",
        "price": 16.95,
        "special": 11.85,
        "unitPrice": "$11.85 / 1EA"
    },
    {
        "category": "health-beauty",
        "href": "https://www.woolworths.com.au/shop/productdetails/779445/garnier-micellar-facial-cleanser-all-in-1-cleans",
        "imgName": "779445.jpg",
        "imgSrc": "https://cdn0.woolworths.media/content/wowproductimages/medium/779445.jpg",
        "name": "Garnier Micellar Facial Cleanser All In 1 Cleans 400ml",
        "price": 12.95,
        "special": 9,
        "unitPrice": "$2.25 / 100ML"
    },
    {
        "category": "health-beauty",
        "href": "https://www.woolworths.com.au/shop/productdetails/841670/sambucol-cold-flu-forte-plus-vit-c-zinc-capsules",
        "imgName": "841670.jpg",
        "imgSrc": "https://cdn0.woolworths.media/content/wowproductimages/medium/841670.jpg",
        "name": "Sambucol Cold & Flu Forte Plus Vit C & Zinc Capsules 24pk",
        "price": 17.33,
        "unitPrice": "$0.72 / 1EA"
    },
    {
        "category": "health-beauty",
        "href": "https://www.woolworths.com.au/shop/productdetails/856686/pantene-pro-v-daily-moisture-conditioner",
        "imgName": "856686.jpg",
        "imgSrc": "https://cdn0.woolworths.media/content/wowproductimages/medium/856686.jpg",
        "name": "Pantene Pro-v Daily Moisture Conditioner 500ml",
        "price": 6,
        "unitPrice": "$1.20 / 100ML"
    },
    {
        "category": "health-beauty",
        "href": "https://www.woolworths.com.au/shop/productdetails/856797/scholl-foot-file-velvet-smooth-pink",
        "imgName": "856797.jpg",
        "imgSrc": "https://cdn0.woolworths.media/content/wowproductimages/medium/856797.jpg",
        "name": "Scholl Foot File Velvet Smooth Pink each",
        "price": 55,
        "special": 27.5,
        "unitPrice": "$27.50 / 1EA"
    },
    {
        "category": "health-beauty",
        "href": "https://www.woolworths.com.au/shop/productdetails/231106/woolworths-select-hair-brush-grooming",
        "imgName": "231106.jpg",
        "imgSrc": "https://cdn0.woolworths.media/content/wowproductimages/medium/231106.jpg",
        "name": "Woolworths Select Hair Brush Grooming 1pk",
        "price": 6.49
    },
    {
        "category": "health-beauty",
        "href": "https://www.woolworths.com.au/shop/productdetails/314953/poise-liners-extra-long",
        "imgName": "314953.jpg",
        "imgSrc": "https://cdn0.woolworths.media/content/wowproductimages/medium/314953.jpg",
        "name": "Poise Liners Extra Long 22pk",
        "price": 4.29,
        "unitPrice": "$0.20 / 1EA"
    },
    {
        "category": "health-beauty",
        "href": "https://www.woolworths.com.au/shop/productdetails/764530/herron-gold-paracetamol-tabsules",
        "imgName": "764530.jpg",
        "imgSrc": "https://cdn0.woolworths.media/content/wowproductimages/medium/764530.jpg",
        "name": "Herron Gold Paracetamol Tabsules 20pk",
        "price": 3.7,
        "unitPrice": "$0.19 / 1EA"
    },
    {
        "category": "health-beauty",
        "href": "https://www.woolworths.com.au/shop/productdetails/895452/gillette-simply-venus-shaving-razor-4-blades",
        "imgName": "895452.jpg",
        "imgSrc": "https://cdn0.woolworths.media/content/wowproductimages/medium/895452.jpg",
        "name": "Gillette Simply Venus Shaving Razor & 4 Blades  each",
        "price": 7
    },
    {
        "category": "health-beauty",
        "href": "https://www.woolworths.com.au/shop/productdetails/99571/schwarzkopf-noridc-blonde-colors-streak-kit-m1-ultra",
        "imgName": "099571.jpg",
        "imgSrc": "https://cdn0.woolworths.media/content/wowproductimages/medium/099571.jpg",
        "name": "Schwarzkopf Noridc Blonde Colors Streak Kit M1 Ultra each",
        "price": 19.3,
        "unitPrice": "$19.30 / 1EA"
    },
    {
        "category": "health-beauty",
        "href": "https://www.woolworths.com.au/shop/productdetails/17800/nyal-cough-syrups-bronchitis-mix",
        "imgName": "017800.jpg",
        "imgSrc": "https://cdn0.woolworths.media/content/wowproductimages/medium/017800.jpg",
        "name": "Nyal Cough Syrups Bronchitis Mix 200ml",
        "price": 8.5,
        "unitPrice": "$4.25 / 100ML"
    },
    {
        "category": "health-beauty",
        "href": "https://www.woolworths.com.au/shop/productdetails/30256/vicks-chest-rub-vaporub",
        "imgName": "030256.jpg",
        "imgSrc": "https://cdn0.woolworths.media/content/wowproductimages/medium/030256.jpg",
        "name": "Vicks Chest Rub Vaporub 50g",
        "price": 8,
        "unitPrice": "$16.00 / 100G"
    },
    {
        "category": "health-beauty",
        "href": "https://www.woolworths.com.au/shop/productdetails/10830/brut-deodorant-aerosol-anti-perspirant-ultra-dry",
        "imgName": "010830.jpg",
        "imgSrc": "https://cdn0.woolworths.media/content/wowproductimages/medium/010830.jpg",
        "name": "Brut Deodorant Aerosol Anti Perspirant Ultra Dry 150g",
        "price": 6.3,
        "unitPrice": "$4.20 / 100G"
    },
    {
        "category": "health-beauty",
        "href": "https://www.woolworths.com.au/shop/productdetails/8455/classics-powder-compact-pressed-ivory",
        "imgName": "008455.jpg",
        "imgSrc": "https://cdn0.woolworths.media/content/wowproductimages/medium/008455.jpg",
        "name": "Classics Powder Compact Pressed Ivory 16g",
        "price": 6.49,
        "unitPrice": "$4.06 / 10G"
    },
    {
        "category": "health-beauty",
        "href": "https://www.woolworths.com.au/shop/productdetails/21389/deep-heat-cream-arthritis-extra-strength",
        "imgName": "021389.jpg",
        "imgSrc": "https://cdn0.woolworths.media/content/wowproductimages/medium/021389.jpg",
        "name": "Deep Heat Cream Arthritis Extra Strength 100g",
        "price": 5.8,
        "unitPrice": "$5.80 / 100G"
    },
    {
        "category": "health-beauty",
        "href": "https://www.woolworths.com.au/shop/productdetails/32742/cedel-toothpaste-spearmint",
        "imgName": "032742.jpg",
        "imgSrc": "https://cdn0.woolworths.media/content/wowproductimages/medium/032742.jpg",
        "name": "Cedel Toothpaste Spearmint 110g",
        "price": 2.6,
        "unitPrice": "$2.36 / 100G"
    },
    {
        "category": "health-beauty",
        "href": "https://www.woolworths.com.au/shop/productdetails/93492/reef-tanning-spf-15-coconut-sun-tan-oil",
        "imgName": "093492.jpg",
        "imgSrc": "https://cdn0.woolworths.media/content/wowproductimages/medium/093492.jpg",
        "name": "Reef Tanning Spf 15+ Coconut Sun Tan Oil 125ml",
        "price": 11.5,
        "unitPrice": "$9.20 / 100ML"
    },
    {
        "category": "health-beauty",
        "href": "https://www.woolworths.com.au/shop/productdetails/65103/t-n-dickinsons-toners-witch-hazel",
        "imgName": "065103.jpg",
        "imgSrc": "https://cdn0.woolworths.media/content/wowproductimages/medium/065103.jpg",
        "name": "T N Dickinsons Toners Witch Hazel 240ml",
        "price": 6.99,
        "unitPrice": "$2.91 / 100ML"
    },
    {
        "category": "health-beauty",
        "href": "https://www.woolworths.com.au/shop/productdetails/97172/sennesoft-laxatives-overnight-relief",
        "imgName": "097172.jpg",
        "imgSrc": "https://cdn0.woolworths.media/content/wowproductimages/medium/097172.jpg",
        "name": "Sennesoft Laxatives Overnight Relief 100pk",
        "price": 8,
        "unitPrice": "$0.08 / 1EA"
    },
    {
        "category": "health-beauty",
        "href": "https://www.woolworths.com.au/shop/productdetails/104199/natures-organic-conditioner-normal-apple",
        "imgName": "104199.jpg",
        "imgSrc": "https://cdn0.woolworths.media/content/wowproductimages/medium/104199.jpg",
        "name": "Natures Organic Conditioner Normal Apple 500ml",
        "price": 1.9,
        "unitPrice": "$0.38 / 100ML"
    },
    {
        "category": "health-beauty",
        "href": "https://www.woolworths.com.au/shop/productdetails/182947/dove-beauty-soap-bar-extra-sensitive-skin",
        "imgName": "182947.jpg",
        "imgSrc": "https://cdn0.woolworths.media/content/wowproductimages/medium/182947.jpg",
        "name": "Dove Beauty Soap Bar Extra Sensitive Skin 4x100g",
        "price": 6.8,
        "unitPrice": "$1.70 / 100G"
    },
    {
        "category": "health-beauty",
        "href": "https://www.woolworths.com.au/shop/productdetails/200345/vaseline-intensive-care-body-lotion-deep-restore",
        "imgName": "200345.jpg",
        "imgSrc": "https://cdn0.woolworths.media/content/wowproductimages/medium/200345.jpg",
        "name": "Vaseline Intensive Care Body Lotion Deep Restore 750ml",
        "price": 10,
        "unitPrice": "$1.33 / 100ML"
    },
    {
        "category": "health-beauty",
        "href": "https://www.woolworths.com.au/shop/productdetails/213349/rosken-skin-repair-hand-cream-for-dry-skin",
        "imgName": "213349.jpg",
        "imgSrc": "https://cdn0.woolworths.media/content/wowproductimages/medium/213349.jpg",
        "name": "Rosken Skin Repair Hand Cream For Dry Skin 75ml",
        "price": 3.99,
        "unitPrice": "$5.32 / 100ML"
    },
    {
        "category": "health-beauty",
        "href": "https://www.woolworths.com.au/shop/productdetails/231138/woolworths-select-scissors-hairdressing",
        "imgName": "231138.jpg",
        "imgSrc": "https://cdn0.woolworths.media/content/wowproductimages/medium/231138.jpg",
        "name": "Woolworths Select Scissors Hairdressing each",
        "price": 10
    },
    {
        "category": "health-beauty",
        "href": "https://www.woolworths.com.au/shop/productdetails/231065/woolworths-select-hair-brush-round-large",
        "imgName": "231065.jpg",
        "imgSrc": "https://cdn0.woolworths.media/content/wowproductimages/medium/231065.jpg",
        "name": "Woolworths Select Hair Brush Round Large 1pk",
        "price": 5.3
    },
    {
        "category": "health-beauty",
        "href": "https://www.woolworths.com.au/shop/productdetails/233737/john-frieda-conditioner-radiant-red",
        "imgName": "233737.jpg",
        "imgSrc": "https://cdn0.woolworths.media/content/wowproductimages/medium/233737.jpg",
        "name": "John Frieda Conditioner Radiant Red 250ml",
        "price": 16,
        "special": 9.6,
        "unitPrice": "$3.84 / 100ML"
    },
    {
        "category": "health-beauty",
        "href": "https://www.woolworths.com.au/shop/productdetails/235626/brut-deodorant-roll-on-original",
        "imgName": "235626.jpg",
        "imgSrc": "https://cdn0.woolworths.media/content/wowproductimages/medium/235626.jpg",
        "name": "Brut Deodorant Roll On Original 50ml",
        "price": 4,
        "special": 3,
        "unitPrice": "$6.00 / 100ML"
    },
    {
        "category": "health-beauty",
        "href": "https://www.woolworths.com.au/shop/productdetails/231062/woolworths-select-hair-brush-vent-large",
        "imgName": "231062.jpg",
        "imgSrc": "https://cdn0.woolworths.media/content/wowproductimages/medium/231062.jpg",
        "name": "Woolworths Select Hair Brush Vent Large 1pk",
        "price": 6.49
    },
    {
        "category": "health-beauty",
        "href": "https://www.woolworths.com.au/shop/productdetails/370976/nicorette-quit-smoking-gum-icy-mint-reg-strength-2mg",
        "imgName": "370976.jpg",
        "imgSrc": "https://cdn0.woolworths.media/content/wowproductimages/medium/370976.jpg",
        "name": "Nicorette Quit Smoking Gum  Icy Mint Reg Strength 2mg 75pk",
        "price": 29,
        "unitPrice": "$38.67 / 100EA"
    },
    {
        "category": "health-beauty",
        "href": "https://www.woolworths.com.au/shop/productdetails/341157/sudocrem-tube",
        "imgName": "341157.jpg",
        "imgSrc": "https://cdn0.woolworths.media/content/wowproductimages/medium/341157.jpg",
        "name": "Sudocrem Tube  30g",
        "price": 5.99,
        "unitPrice": "$19.97 / 100G"
    },
    {
        "category": "health-beauty",
        "href": "https://www.woolworths.com.au/shop/productdetails/307851/marc-daniels-treatment-go-curly-makes-hair-curly",
        "imgName": "307851.jpg",
        "imgSrc": "https://cdn0.woolworths.media/content/wowproductimages/medium/307851.jpg",
        "name": "Marc Daniels Treatment Go Curly Makes Hair Curly 150ml",
        "price": 7.7,
        "unitPrice": "$5.13 / 100ML"
    },
    {
        "category": "health-beauty",
        "href": "https://www.woolworths.com.au/shop/productdetails/262299/woolworths-select-cosmetic-make-up-wedges",
        "imgName": "262299.jpg",
        "imgSrc": "https://cdn0.woolworths.media/content/wowproductimages/medium/262299.jpg",
        "name": "Woolworths Select Cosmetic Make Up Wedges 20pk",
        "price": 6.1,
        "unitPrice": "$0.31 / 1EA"
    },
    {
        "category": "health-beauty",
        "href": "https://www.woolworths.com.au/shop/productdetails/379972/palmolive-handwash-refill-sea-mineral",
        "imgName": "379972.jpg",
        "imgSrc": "https://cdn0.woolworths.media/content/wowproductimages/medium/379972.jpg",
        "name": "Palmolive Handwash Refill Sea Mineral 1l",
        "price": 6.5,
        "unitPrice": "$0.65 / 100ML"
    },
    {
        "category": "health-beauty",
        "href": "https://www.woolworths.com.au/shop/productdetails/345022/fudge-urban-matte-wax-with-no-shine-firm-hold",
        "imgName": "345022.jpg",
        "imgSrc": "https://cdn0.woolworths.media/content/wowproductimages/medium/345022.jpg",
        "name": "Fudge Urban Matte Wax With No Shine & Firm Hold 70ml",
        "price": 10,
        "unitPrice": "$14.29 / 100ML"
    },
    {
        "category": "health-beauty",
        "href": "https://www.woolworths.com.au/shop/productdetails/369620/sally-hansen-xtreme-wear-nail-polish-cherry-red",
        "imgName": "369620.jpg",
        "imgSrc": "https://cdn0.woolworths.media/content/wowproductimages/medium/369620.jpg",
        "name": "Sally Hansen Xtreme Wear Nail Polish Cherry Red 12ml",
        "price": 6.95,
        "unitPrice": "$5.89 / 10ML"
    },
    {
        "category": "health-beauty",
        "href": "https://www.woolworths.com.au/shop/productdetails/340573/king-of-shaves-shave-gel-alphagel-sensitive",
        "imgName": "340573.jpg",
        "imgSrc": "https://cdn0.woolworths.media/content/wowproductimages/medium/340573.jpg",
        "name": "King Of Shaves Shave Gel Alphagel Sensitive 150ml",
        "price": 9,
        "unitPrice": "$6.00 / 100ML"
    },
    {
        "category": "health-beauty",
        "href": "https://www.woolworths.com.au/shop/productdetails/473050/so-sinful-body-spray",
        "imgName": "473050.jpg",
        "imgSrc": "https://cdn0.woolworths.media/content/wowproductimages/medium/473050.jpg",
        "name": "So Sinful Body Spray 150ml",
        "price": 5,
        "unitPrice": "$3.33 / 100ML"
    },
    {
        "category": "health-beauty",
        "href": "https://www.woolworths.com.au/shop/productdetails/365976/rimmel-stay-matte-powder-pressed-transparent",
        "imgName": "365976.jpg",
        "imgSrc": "https://cdn0.woolworths.media/content/wowproductimages/medium/365976.jpg",
        "name": "Rimmel Stay Matte Powder Pressed Transparent 14g",
        "price": 13.5,
        "unitPrice": "$9.64 / 10G"
    },
    {
        "category": "health-beauty",
        "href": "https://www.woolworths.com.au/shop/productdetails/503231/nivea-sun-sunscreen-protect-moisturise",
        "imgName": "503231.jpg",
        "imgSrc": "https://cdn0.woolworths.media/content/wowproductimages/medium/503231.jpg",
        "name": "Nivea Sun Sunscreen Protect & Moisturise 100ml",
        "price": 11,
        "unitPrice": "$11.00 / 100ML"
    },
    {
        "category": "health-beauty",
        "href": "https://www.woolworths.com.au/shop/productdetails/567595/nivea-lip-balm-original-care",
        "imgName": "567595.jpg",
        "imgSrc": "https://cdn0.woolworths.media/content/wowproductimages/medium/567595.jpg",
        "name": "Nivea Lip Balm Original Care 4.8g",
        "price": 4,
        "unitPrice": "$8.33 / 10G"
    },
    {
        "category": "health-beauty",
        "href": "https://www.woolworths.com.au/shop/productdetails/575099/nivea-men-protect-care-exfoliating-face-scrub",
        "imgName": "575099.jpg",
        "imgSrc": "https://cdn0.woolworths.media/content/wowproductimages/medium/575099.jpg",
        "name": "Nivea Men Protect & Care Exfoliating Face Scrub 125ml",
        "price": 12,
        "unitPrice": "$9.60 / 100ML"
    },
    {
        "category": "health-beauty",
        "href": "https://www.woolworths.com.au/shop/productdetails/753968/garnier-olia-5-0-brown",
        "imgName": "753968.jpg",
        "imgSrc": "https://cdn0.woolworths.media/content/wowproductimages/medium/753968.jpg",
        "name": "Garnier Olia 5.0 Brown 1pk",
        "price": 17,
        "special": 12
    },
    {
        "category": "health-beauty",
        "href": "https://www.woolworths.com.au/shop/productdetails/720318/john-frieda-precision-foam-2n-luminous-natural-black",
        "imgName": "720318.jpg",
        "imgSrc": "https://cdn0.woolworths.media/content/wowproductimages/medium/720318.jpg",
        "name": "John Frieda Precision Foam 2n Luminous Natural Black each",
        "price": 23
    },
    {
        "category": "health-beauty",
        "href": "https://www.woolworths.com.au/shop/productdetails/652023/tresemme-botanique-smoothe-shampoo",
        "imgName": "652023.jpg",
        "imgSrc": "https://cdn0.woolworths.media/content/wowproductimages/medium/652023.jpg",
        "name": "Tresemme Botanique Smoothe Shampoo 750ml",
        "price": 7,
        "unitPrice": "$0.93 / 100ML"
    },
    {
        "category": "health-beauty",
        "href": "https://www.woolworths.com.au/shop/productdetails/771897/thankyou-botanical-orange-almond-handwash",
        "imgName": "771897.jpg",
        "imgSrc": "https://cdn0.woolworths.media/content/wowproductimages/medium/771897.jpg",
        "name": "Thankyou Botanical Orange & Almond Handwash 500ml",
        "price": 7.5,
        "unitPrice": "$1.50 / 100ML"
    },
    {
        "category": "health-beauty",
        "href": "https://www.woolworths.com.au/shop/productdetails/730305/nivea-daily-essentials-gentle-cleansing-cream-wash",
        "imgName": "730305.jpg",
        "imgSrc": "https://cdn0.woolworths.media/content/wowproductimages/medium/730305.jpg",
        "name": "Nivea Daily Essentials Gentle Cleansing Cream Wash 150ml",
        "price": 10.29,
        "unitPrice": "$6.86 / 100ML"
    },
    {
        "category": "health-beauty",
        "href": "https://www.woolworths.com.au/shop/productdetails/749506/nivea-for-men-deodorant-aerosol-stress-protect",
        "imgName": "749506.jpg",
        "imgSrc": "https://cdn0.woolworths.media/content/wowproductimages/medium/749506.jpg",
        "name": "Nivea For Men Deodorant Aerosol Stress Protect 153g",
        "price": 6.5,
        "unitPrice": "$2.60 / 100ML"
    },
    {
        "category": "health-beauty",
        "href": "https://www.woolworths.com.au/shop/productdetails/763009/rimmel-powder-match-perfection",
        "imgName": "763009.jpg",
        "imgSrc": "https://cdn0.woolworths.media/content/wowproductimages/medium/763009.jpg",
        "name": "Rimmel Powder Match Perfection each",
        "price": 15.95,
        "unitPrice": "$15.95 / 10G"
    },
    {
        "category": "health-beauty",
        "href": "https://www.woolworths.com.au/shop/productdetails/785446/organic-care-handwash-replenishing",
        "imgName": "785446.jpg",
        "imgSrc": "https://cdn0.woolworths.media/content/wowproductimages/medium/785446.jpg",
        "name": "Organic Care Handwash Replenishing 250ml",
        "price": 3.49,
        "unitPrice": "$1.40 / 100ML"
    },
    {
        "category": "health-beauty",
        "href": "https://www.woolworths.com.au/shop/productdetails/759539/organic-care-dry-shampoo",
        "imgName": "759539.jpg",
        "imgSrc": "https://cdn0.woolworths.media/content/wowproductimages/medium/759539.jpg",
        "name": "Organic Care Dry Shampoo  725ml",
        "price": 6,
        "unitPrice": "$0.83 / 100ML"
    },
    {
        "category": "health-beauty",
        "href": "https://www.woolworths.com.au/shop/productdetails/746857/sensodyne-toothpaste-repair-protect-extra-fresh",
        "imgName": "746857.jpg",
        "imgSrc": "https://cdn0.woolworths.media/content/wowproductimages/medium/746857.jpg",
        "name": "Sensodyne Toothpaste Repair & Protect Extra Fresh 100g",
        "price": 11,
        "unitPrice": "$11.00 / 100G"
    },
    {
        "category": "health-beauty",
        "href": "https://www.woolworths.com.au/shop/productdetails/764726/old-spice-aftershave-lotion",
        "imgName": "764726.jpg",
        "imgSrc": "https://cdn0.woolworths.media/content/wowproductimages/medium/764726.jpg",
        "name": "Old Spice Aftershave Lotion 125ml",
        "price": 15,
        "unitPrice": "$12.00 / 100ML"
    },
    {
        "category": "health-beauty",
        "href": "https://www.woolworths.com.au/shop/productdetails/766143/lucas-paw-paw-lip-applicator",
        "imgName": "766143.jpg",
        "imgSrc": "https://cdn0.woolworths.media/content/wowproductimages/medium/766143.jpg",
        "name": "Lucas Paw Paw Lip Applicator 15g",
        "price": 5.2,
        "unitPrice": "$3.47 / 10G"
    },
    {
        "category": "health-beauty",
        "href": "https://www.woolworths.com.au/shop/productdetails/759589/organic-care-conditioner-normal",
        "imgName": "759589.jpg",
        "imgSrc": "https://cdn0.woolworths.media/content/wowproductimages/medium/759589.jpg",
        "name": "Organic Care Conditioner Normal 725ml",
        "price": 6,
        "unitPrice": "$0.83 / 100ML"
    },
    {
        "category": "health-beauty",
        "href": "https://www.woolworths.com.au/shop/productdetails/840083/thankyou-botanical-lime-coriander-handwash",
        "imgName": "840083.jpg",
        "imgSrc": "https://cdn0.woolworths.media/content/wowproductimages/medium/840083.jpg",
        "name": "Thankyou Botanical Lime & Coriander Handwash 500ml",
        "price": 7.5,
        "unitPrice": "$1.50 / 100ML"
    },
    {
        "category": "health-beauty",
        "href": "https://www.woolworths.com.au/shop/productdetails/901024/bic-soleil-disposable-razor-simply",
        "imgName": "901024.jpg",
        "imgSrc": "https://cdn0.woolworths.media/content/wowproductimages/medium/901024.jpg",
        "name": "Bic Soleil Disposable Razor Simply 3pk",
        "price": 4,
        "unitPrice": "$1.33 / 1EA"
    },
    {
        "category": "health-beauty",
        "href": "https://www.woolworths.com.au/shop/productdetails/795110/select-menthol-inhaler",
        "imgName": "795110.jpg",
        "imgSrc": "https://cdn0.woolworths.media/content/wowproductimages/medium/795110.jpg",
        "name": "Select Menthol Inhaler 1pk",
        "price": 5.5,
        "unitPrice": "$5.50 / 1EA"
    },
    {
        "category": "health-beauty",
        "href": "https://www.woolworths.com.au/shop/productdetails/842532/herbal-essences-shampoo-moroccan-my-shine",
        "imgName": "842532.jpg",
        "imgSrc": "https://cdn0.woolworths.media/content/wowproductimages/medium/842532.jpg",
        "name": "Herbal Essences Shampoo Moroccan My Shine 300ml",
        "price": 5.5,
        "unitPrice": "$1.83 / 100ML"
    },
    {
        "category": "health-beauty",
        "href": "https://www.woolworths.com.au/shop/productdetails/890118/nivea-double-effect-eye-make-up-remover",
        "imgName": "890118.jpg",
        "imgSrc": "https://cdn0.woolworths.media/content/wowproductimages/medium/890118.jpg",
        "name": "Nivea Double Effect Eye Make Up Remover 125ml",
        "price": 9.99,
        "unitPrice": "$7.99 / 100ML"
    },
    {
        "category": "health-beauty",
        "href": "https://www.woolworths.com.au/shop/productdetails/826305/pearl-drops-tooth-whitening-extra-white-freshmint",
        "imgName": "826305.jpg",
        "imgSrc": "https://cdn0.woolworths.media/content/wowproductimages/medium/826305.jpg",
        "name": "Pearl Drops Tooth Whitening Extra White Freshmint 110g",
        "price": 4.99,
        "unitPrice": "$4.54 / 100G"
    },
    {
        "category": "health-beauty",
        "href": "https://www.woolworths.com.au/shop/productdetails/841307/dettol-no-touch-automatic-hand-wash-system",
        "imgName": "841307.jpg",
        "imgSrc": "https://cdn0.woolworths.media/content/wowproductimages/medium/841307.jpg",
        "name": "Dettol No Touch Automatic Hand Wash System each",
        "price": 12,
        "unitPrice": "$12.00 / 1EA"
    },
    {
        "category": "health-beauty",
        "href": "https://www.woolworths.com.au/shop/productdetails/598607/redken-frizz-dismiss-conditioner",
        "imgName": "598607.jpg",
        "imgSrc": "https://cdn0.woolworths.media/content/wowproductimages/medium/598607.jpg",
        "name": "Redken Frizz Dismiss Conditioner 250ml",
        "price": 23,
        "unitPrice": "$9.20 / 100ML"
    },
    {
        "category": "health-beauty",
        "href": "https://www.woolworths.com.au/shop/productdetails/788640/rimmel-london-lip-liner-snob",
        "imgName": "788640.jpg",
        "imgSrc": "https://cdn0.woolworths.media/content/wowproductimages/medium/788640.jpg",
        "name": "Rimmel London Lip Liner Snob ea",
        "price": 12.95,
        "unitPrice": "$518.00 / 10G"
    },
    {
        "category": "health-beauty",
        "href": "https://www.woolworths.com.au/shop/productdetails/865199/joico-k-pak-reconstruct-shampoo",
        "imgName": "865199.jpg",
        "imgSrc": "https://cdn0.woolworths.media/content/wowproductimages/medium/865199.jpg",
        "name": "Joico K Pak Reconstruct Shampoo 300ml",
        "price": 20,
        "unitPrice": "$6.67 / 100ML"
    },
    {
        "category": "health-beauty",
        "href": "https://www.woolworths.com.au/shop/productdetails/660203/swisse-pregnancy-plus-ultivite-capsules-with-500mg-folic-acid",
        "imgName": "660203.jpg",
        "imgSrc": "https://cdn0.woolworths.media/content/wowproductimages/medium/660203.jpg",
        "name": "Swisse Pregnancy Plus Ultivite Capsules With 500mg & Folic Acid 90pk",
        "price": 30,
        "unitPrice": "$33.33 / 100EA"
    },
    {
        "category": "health-beauty",
        "href": "https://www.woolworths.com.au/shop/productdetails/244959/panadol-soluble-childrens-7-",
        "imgName": "244959.jpg",
        "imgSrc": "https://cdn0.woolworths.media/content/wowproductimages/medium/244959.jpg",
        "name": "Panadol Soluble Childrens 7+ 16pk",
        "price": 4,
        "unitPrice": "$0.25 / 1EA"
    },
    {
        "category": "health-beauty",
        "href": "https://www.woolworths.com.au/shop/productdetails/637618/toni-guy-wet-dry-detangle-comb",
        "imgName": "637618.jpg",
        "imgSrc": "https://cdn0.woolworths.media/content/wowproductimages/medium/637618.jpg",
        "name": "Toni & Guy Wet & Dry Detangle Comb each",
        "price": 8
    },
    {
        "category": "health-beauty",
        "href": "https://www.woolworths.com.au/shop/productdetails/650877/activewear-thin-elastics",
        "imgName": "650877.jpg",
        "imgSrc": "https://cdn0.woolworths.media/content/wowproductimages/medium/650877.jpg",
        "name": "Activewear Thin Elastics  6pk",
        "price": 6
    },
    {
        "category": "health-beauty",
        "href": "https://www.woolworths.com.au/shop/productdetails/505896/balnea-cleansing-puff",
        "imgName": "505896.jpg",
        "imgSrc": "https://cdn0.woolworths.media/content/wowproductimages/medium/505896.jpg",
        "name": "Balnea Cleansing Puff  1ea",
        "price": 2.5,
        "unitPrice": "$2.50 / 1EA"
    },
    {
        "category": "health-beauty",
        "href": "https://www.woolworths.com.au/shop/productdetails/825574/sally-hansen-nail-polish-rasin-the-bar",
        "imgName": "825574.jpg",
        "imgSrc": "https://cdn0.woolworths.media/content/wowproductimages/medium/825574.jpg",
        "name": "Sally Hansen Nail Polish Rasin The Bar each",
        "price": 14.95,
        "unitPrice": "$10.17 / 10ML"
    },
    {
        "category": "health-beauty",
        "href": "https://www.woolworths.com.au/shop/productdetails/790192/fat-blaster-garcinia-max",
        "imgName": "790192.jpg",
        "imgSrc": "https://cdn0.woolworths.media/content/wowproductimages/medium/790192.jpg",
        "name": "Fat Blaster Garcinia Max 60pk",
        "price": 30,
        "unitPrice": "$50.00 / 100EA"
    },
    {
        "category": "health-beauty",
        "href": "https://www.woolworths.com.au/shop/productdetails/630646/neutrogena-hydro-boost-cleanser-gelee-milk",
        "imgName": "630646.jpg",
        "imgSrc": "https://cdn0.woolworths.media/content/wowproductimages/medium/630646.jpg",
        "name": "Neutrogena Hydro Boost Cleanser Gelee Milk 145g",
        "price": 16,
        "unitPrice": "$11.03 / 100G"
    },
    {
        "category": "health-beauty",
        "href": "https://www.woolworths.com.au/shop/productdetails/598641/redken-frizz-dismiss-shampoo",
        "imgName": "598641.jpg",
        "imgSrc": "https://cdn0.woolworths.media/content/wowproductimages/medium/598641.jpg",
        "name": "Redken Frizz Dismiss Shampoo 300ml",
        "price": 23,
        "unitPrice": "$7.67 / 100ML"
    },
    {
        "category": "health-beauty",
        "href": "https://www.woolworths.com.au/shop/productdetails/626196/garnier-nutrisse-olia-super-shine-oil",
        "imgName": "626196.jpg",
        "imgSrc": "https://cdn0.woolworths.media/content/wowproductimages/medium/626196.jpg",
        "name": "Garnier Nutrisse Olia Super Shine Oil  150ml",
        "price": 14,
        "unitPrice": "$9.33 / 100ML"
    },
    {
        "category": "health-beauty",
        "href": "https://www.woolworths.com.au/shop/productdetails/600933/ogx-orchid-oil-conditioner",
        "imgName": "600933.jpg",
        "imgSrc": "https://cdn0.woolworths.media/content/wowproductimages/medium/600933.jpg",
        "name": "Ogx Orchid Oil Conditioner 385ml",
        "price": 18,
        "unitPrice": "$4.68 / 100ML"
    },
    {
        "category": "health-beauty",
        "href": "https://www.woolworths.com.au/shop/productdetails/771831/vital-greens-wheat-free-gf-df",
        "imgName": "771831.jpg",
        "imgSrc": "https://cdn0.woolworths.media/content/wowproductimages/medium/771831.jpg",
        "name": "Vital Greens Wheat Free Gf Df  120g",
        "price": 60,
        "unitPrice": "$20.00 / 100EA"
    },
    {
        "category": "health-beauty",
        "href": "https://www.woolworths.com.au/shop/productdetails/233176/blackmores-vitamin-d3-1000iu",
        "imgName": "233176.jpg",
        "imgSrc": "https://cdn0.woolworths.media/content/wowproductimages/medium/233176.jpg",
        "name": "Blackmores Vitamin D3 1000iu  60pk",
        "price": 11,
        "unitPrice": "$18.33 / 100EA"
    },
    {
        "category": "health-beauty",
        "href": "https://www.woolworths.com.au/shop/productdetails/728222/woolworths-select-incontinence-super-pads",
        "imgName": "728222.jpg",
        "imgSrc": "https://cdn0.woolworths.media/content/wowproductimages/medium/728222.jpg",
        "name": "Woolworths Select Incontinence Super Pads 16pk",
        "price": 4.49,
        "unitPrice": "$0.28 / 1EA"
    },
    {
        "category": "health-beauty",
        "href": "https://www.woolworths.com.au/shop/productdetails/459045/head-shoulders-damage-control-conditioner",
        "imgName": "459045.jpg",
        "imgSrc": "https://cdn0.woolworths.media/content/wowproductimages/medium/459045.jpg",
        "name": "Head & Shoulders Damage Control Conditioner 350ml",
        "price": 12.5,
        "unitPrice": "$3.57 / 100ML"
    },
    {
        "category": "health-beauty",
        "href": "https://www.woolworths.com.au/shop/productdetails/825577/sally-hansen-nail-polish-wine-not",
        "imgName": "825577.jpg",
        "imgSrc": "https://cdn0.woolworths.media/content/wowproductimages/medium/825577.jpg",
        "name": "Sally Hansen Nail Polish Wine Not each",
        "price": 14.95,
        "unitPrice": "$10.17 / 10ML"
    },
    {
        "category": "health-beauty",
        "href": "https://www.woolworths.com.au/shop/productdetails/515761/rimmel-london-scandal-eyes-reloaded",
        "imgName": "515761.jpg",
        "imgSrc": "https://cdn0.woolworths.media/content/wowproductimages/medium/515761.jpg",
        "name": "Rimmel London Scandal Eyes  Reloaded  12ml",
        "price": 17.95,
        "unitPrice": "$14.96 / 10ML"
    },
    {
        "category": "health-beauty",
        "href": "https://www.woolworths.com.au/shop/productdetails/662623/ogx-lavender-luminescent-platinum-shampoo",
        "imgName": "662623.jpg",
        "imgSrc": "https://cdn0.woolworths.media/content/wowproductimages/medium/662623.jpg",
        "name": "Ogx Lavender Luminescent Platinum Shampoo 385ml",
        "price": 18,
        "unitPrice": "$4.68 / 100ML"
    },
    {
        "category": "health-beauty",
        "href": "https://www.woolworths.com.au/shop/productdetails/857458/touch-of-silver-brightening-shampoo",
        "imgName": "857458.jpg",
        "imgSrc": "https://cdn0.woolworths.media/content/wowproductimages/medium/857458.jpg",
        "name": "Touch Of Silver Brightening Shampoo 200ml",
        "price": 12.95,
        "unitPrice": "$6.48 / 100ML"
    },
    {
        "category": "health-beauty",
        "href": "https://www.woolworths.com.au/shop/productdetails/608715/oscar-orsen-large-thin-hair-elastics-brown",
        "imgName": "608715.jpg",
        "imgSrc": "https://cdn0.woolworths.media/content/wowproductimages/medium/608715.jpg",
        "name": "Oscar Orsen Large Thin Hair Elastics Brown 30 pack",
        "price": 5
    },
    {
        "category": "health-beauty",
        "href": "https://www.woolworths.com.au/shop/productdetails/608799/oscar-orsen-medium-bun-donut",
        "imgName": "608799.jpg",
        "imgSrc": "https://cdn0.woolworths.media/content/wowproductimages/medium/608799.jpg",
        "name": "Oscar Orsen Medium Bun Donut each",
        "price": 5
    },
    {
        "category": "health-beauty",
        "href": "https://www.woolworths.com.au/shop/productdetails/581163/all-smiles-total-care-toothpaste",
        "imgName": "581163.jpg",
        "imgSrc": "https://cdn0.woolworths.media/content/wowproductimages/medium/581163.jpg",
        "name": "All Smiles Total Care Toothpaste  140g",
        "price": 1.6,
        "unitPrice": "$1.14 / 100G"
    },
    {
        "category": "health-beauty",
        "href": "https://www.woolworths.com.au/shop/productdetails/575816/gillette-fusion-proshield-chill-razor-cartridges",
        "imgName": "575816.jpg",
        "imgSrc": "https://cdn0.woolworths.media/content/wowproductimages/medium/575816.jpg",
        "name": "Gillette Fusion Proshield Chill Razor Cartridges 4 pk",
        "price": 32.5,
        "unitPrice": "$8.13 / 1EA"
    },
    {
        "category": "health-beauty",
        "href": "https://www.woolworths.com.au/shop/productdetails/602841/schwarzkopf-nordic-blonde-feather-balayage",
        "imgName": "602841.jpg",
        "imgSrc": "https://cdn0.woolworths.media/content/wowproductimages/medium/602841.jpg",
        "name": "Schwarzkopf Nordic Blonde Feather Balayage each",
        "price": 19.4,
        "unitPrice": "$19.40 / 1EA"
    },
    {
        "category": "health-beauty",
        "href": "https://www.woolworths.com.au/shop/productdetails/629261/celebrity-slim-rapid-slow-sugar-chocolate",
        "imgName": "629261.jpg",
        "imgSrc": "https://cdn0.woolworths.media/content/wowproductimages/medium/629261.jpg",
        "name": "Celebrity Slim Rapid Slow Sugar Chocolate 672g",
        "price": 35,
        "unitPrice": "$5.21 / 100G"
    },
    {
        "category": "health-beauty",
        "href": "https://www.woolworths.com.au/shop/productdetails/611770/loreal-paris-pure-clay-red-algae-exfoliating-scrub",
        "imgName": "611770.jpg",
        "imgSrc": "https://cdn0.woolworths.media/content/wowproductimages/medium/611770.jpg",
        "name": "Loreal Paris Pure Clay Red Algae Exfoliating Scrub 150ml",
        "price": 15,
        "unitPrice": "$10.00 / 100ML"
    },
    {
        "category": "health-beauty",
        "href": "https://www.woolworths.com.au/shop/productdetails/469719/schwarzkopf-extra-care-nutritive-oil-split-end-fluid",
        "imgName": "469719.jpg",
        "imgSrc": "https://cdn0.woolworths.media/content/wowproductimages/medium/469719.jpg",
        "name": "Schwarzkopf Extra Care Nutritive Oil Split End Fluid 50ml",
        "price": 10,
        "unitPrice": "$20.00 / 100ML"
    },
    {
        "category": "health-beauty",
        "href": "https://www.woolworths.com.au/shop/productdetails/601154/ogx-shea-soft-smooth-conditioner",
        "imgName": "601154.jpg",
        "imgSrc": "https://cdn0.woolworths.media/content/wowproductimages/medium/601154.jpg",
        "name": "Ogx Shea Soft & Smooth Conditioner 385ml",
        "price": 18,
        "unitPrice": "$4.68 / 100ML"
    },
    {
        "category": "health-beauty",
        "href": "https://www.woolworths.com.au/shop/productdetails/620654/l-oreal-magic-retouch-red",
        "imgName": "620654.jpg",
        "imgSrc": "https://cdn0.woolworths.media/content/wowproductimages/medium/620654.jpg",
        "name": "L'oreal Magic Retouch Red 75ml",
        "price": 15.95
    },
    {
        "category": "health-beauty",
        "href": "https://www.woolworths.com.au/shop/productdetails/611759/loreal-paris-pure-clay-charcoal-detoxifying-gel-wash",
        "imgName": "611759.jpg",
        "imgSrc": "https://cdn0.woolworths.media/content/wowproductimages/medium/611759.jpg",
        "name": "Loreal Paris Pure Clay Charcoal Detoxifying Gel Wash 150ml",
        "price": 15,
        "unitPrice": "$10.00 / 100ML"
    },
    {
        "category": "health-beauty",
        "href": "https://www.woolworths.com.au/shop/productdetails/403332/nature-s-way-slim-right-skinny-gum-garcinia",
        "imgName": "403332.jpg",
        "imgSrc": "https://cdn0.woolworths.media/content/wowproductimages/medium/403332.jpg",
        "name": "Nature's Way Slim Right Skinny Gum Garcinia 40pk",
        "price": 19,
        "unitPrice": "$47.50 / 100EA"
    },
    {
        "category": "health-beauty",
        "href": "https://www.woolworths.com.au/shop/productdetails/601151/ogx-coconut-miracle-oil-penetrating-oil",
        "imgName": "601151.jpg",
        "imgSrc": "https://cdn0.woolworths.media/content/wowproductimages/medium/601151.jpg",
        "name": "Ogx Coconut Miracle Oil Penetrating Oil 100ml",
        "price": 18,
        "unitPrice": "$18.00 / 100ML"
    },
    {
        "category": "health-beauty",
        "href": "https://www.woolworths.com.au/shop/productdetails/939553/herron-nicaway-nicotine-lozenges-2mg",
        "imgName": "939553.jpg",
        "imgSrc": "https://cdn0.woolworths.media/content/wowproductimages/medium/939553.jpg",
        "name": "Herron Nicaway Nicotine Lozenges 2mg 72pk",
        "price": 25,
        "unitPrice": "$34.72 / 100EA"
    },
    {
        "category": "health-beauty",
        "href": "https://www.woolworths.com.au/shop/productdetails/641893/blackmores-superkids-omega-gummies",
        "imgName": "641893.jpg",
        "imgSrc": "https://cdn0.woolworths.media/content/wowproductimages/medium/641893.jpg",
        "name": "Blackmores Superkids Omega Gummies 60pk",
        "price": 15,
        "unitPrice": "$25.00 / 100EA"
    },
    {
        "category": "health-beauty",
        "href": "https://www.woolworths.com.au/shop/productdetails/570473/sensodyne-deep-clean-toothpaste",
        "imgName": "570473.jpg",
        "imgSrc": "https://cdn0.woolworths.media/content/wowproductimages/medium/570473.jpg",
        "name": "Sensodyne Deep Clean Toothpaste 110g",
        "price": 9.2,
        "unitPrice": "$8.36 / 100G"
    },
    {
        "category": "health-beauty",
        "href": "https://www.woolworths.com.au/shop/productdetails/627224/radox-shower-gel-feel-extreme",
        "imgName": "627224.jpg",
        "imgSrc": "https://cdn0.woolworths.media/content/wowproductimages/medium/627224.jpg",
        "name": "Radox Shower Gel Feel Extreme 500ml",
        "price": 4,
        "unitPrice": "$0.80 / 100ML"
    },
    {
        "category": "health-beauty",
        "href": "https://www.woolworths.com.au/shop/productdetails/615087/manicare-nail-shaper-175mm-397",
        "imgName": "615087.jpg",
        "imgSrc": "https://cdn0.woolworths.media/content/wowproductimages/medium/615087.jpg",
        "name": "Manicare Nail Shaper 175mm 397  2pk",
        "price": 6.1
    },
    {
        "category": "health-beauty",
        "href": "https://www.woolworths.com.au/shop/productdetails/642032/headgear-rehab-healthy-hair-scalp-shampoo",
        "imgName": "642032.jpg",
        "imgSrc": "https://cdn0.woolworths.media/content/wowproductimages/medium/642032.jpg",
        "name": "Headgear Rehab Healthy Hair & Scalp Shampoo 300ml",
        "price": 5,
        "unitPrice": "$1.67 / 100ML"
    },
    {
        "category": "health-beauty",
        "href": "https://www.woolworths.com.au/shop/productdetails/608988/dove-intense-repair-mask",
        "imgName": "608988.jpg",
        "imgSrc": "https://cdn0.woolworths.media/content/wowproductimages/medium/608988.jpg",
        "name": "Dove Intense Repair Mask 200ml",
        "price": 8,
        "unitPrice": "$4.00 / 100ML"
    },
    {
        "category": "health-beauty",
        "href": "https://www.woolworths.com.au/shop/productdetails/508122/body-science-international-high-protein-bar-60g-choc-mint",
        "imgName": "508122.jpg",
        "imgSrc": "https://cdn0.woolworths.media/content/wowproductimages/medium/508122.jpg",
        "name": "Body Science International High Protein Bar 60g Choc Mint 60g",
        "price": 4,
        "unitPrice": "$6.67 / 100G"
    },
    {
        "category": "health-beauty",
        "href": "https://www.woolworths.com.au/shop/productdetails/749964/modelco-eye-define-black-eye-pencil",
        "imgName": "749964.jpg",
        "imgSrc": "https://cdn0.woolworths.media/content/wowproductimages/medium/749964.jpg",
        "name": "Modelco Eye Define Black Eye Pencil each",
        "price": 12.95,
        "unitPrice": "$12.95 / 1EA"
    },
    {
        "category": "health-beauty",
        "href": "https://www.woolworths.com.au/shop/productdetails/517158/voeu-aloe-avocado-cucumber-body-lotion",
        "imgName": "517158.jpg",
        "imgSrc": "https://cdn0.woolworths.media/content/wowproductimages/medium/517158.jpg",
        "name": "Voeu Aloe Avocado & Cucumber Body Lotion 400ml",
        "price": 5,
        "unitPrice": "$1.25 / 100ML"
    },
    {
        "category": "health-beauty",
        "href": "https://www.woolworths.com.au/shop/productdetails/823989/ecostore-volumising-shampoo",
        "imgName": "823989.jpg",
        "imgSrc": "https://cdn0.woolworths.media/content/wowproductimages/medium/823989.jpg",
        "name": "Ecostore Volumising Shampoo  220ml",
        "price": 10,
        "unitPrice": "$4.55 / 100ML"
    },
    {
        "category": "health-beauty",
        "href": "https://www.woolworths.com.au/shop/productdetails/939950/head-shoulders-glossy-colour-anti-dandruff-shampoo",
        "imgName": "939950.jpg",
        "imgSrc": "https://cdn0.woolworths.media/content/wowproductimages/medium/939950.jpg",
        "name": "Head & Shoulders Glossy Colour Anti-dandruff Shampoo 350ml",
        "price": 12.5,
        "unitPrice": "$3.57 / 100ML"
    },
    {
        "category": "health-beauty",
        "href": "https://www.woolworths.com.au/shop/productdetails/724478/palmolive-soap-bar-milk-honey",
        "imgName": "724478.jpg",
        "imgSrc": "https://cdn0.woolworths.media/content/wowproductimages/medium/724478.jpg",
        "name": "Palmolive Soap Bar Milk & Honey 4pk",
        "price": 2.85,
        "unitPrice": "$0.79 / 100G"
    },
    {
        "category": "health-beauty",
        "href": "https://www.woolworths.com.au/shop/productdetails/347892/l-oreal-treatment-elvive-masque-restoring",
        "imgName": "347892.jpg",
        "imgSrc": "https://cdn0.woolworths.media/content/wowproductimages/medium/347892.jpg",
        "name": "L'oreal Treatment Elvive Masque Restoring 300ml",
        "price": 12.25,
        "unitPrice": "$4.08 / 100ML"
    },
    {
        "category": "health-beauty",
        "href": "https://www.woolworths.com.au/shop/productdetails/764395/l-oreal-paris-face-cream-cell-renewal-day-cream",
        "imgName": "764395.jpg",
        "imgSrc": "https://cdn0.woolworths.media/content/wowproductimages/medium/764395.jpg",
        "name": "L'oreal Paris Face Cream Cell Renewal Day Cream 50ml",
        "price": 45.49,
        "unitPrice": "$90.98 / 100ML"
    },
    {
        "category": "health-beauty",
        "href": "https://www.woolworths.com.au/shop/productdetails/433997/colgate-toothpaste-great-regular-flavour-pump",
        "imgName": "433997.jpg",
        "imgSrc": "https://cdn0.woolworths.media/content/wowproductimages/medium/433997.jpg",
        "name": "Colgate Toothpaste Great Regular Flavour Pump 130g",
        "price": 5.2,
        "unitPrice": "$4.00 / 100G"
    },
    {
        "category": "health-beauty",
        "href": "https://www.woolworths.com.au/shop/productdetails/476791/modelco-illusion-lip-liner-enhancing-priming",
        "imgName": "476791.jpg",
        "imgSrc": "https://cdn0.woolworths.media/content/wowproductimages/medium/476791.jpg",
        "name": "Modelco Illusion Lip Liner Enhancing & Priming 1.2g",
        "price": 14.95,
        "unitPrice": "$99.67 / 10G"
    },
    {
        "category": "health-beauty",
        "href": "https://www.woolworths.com.au/shop/productdetails/250279/garnier-fructis-conditioner-nutri-repair-dry-damaged-hair",
        "imgName": "250279.jpg",
        "imgSrc": "https://cdn0.woolworths.media/content/wowproductimages/medium/250279.jpg",
        "name": "Garnier Fructis Conditioner Nutri Repair Dry Damaged Hair 250ml",
        "price": 5.45,
        "unitPrice": "$2.18 / 100ML"
    },
    {
        "category": "health-beauty",
        "href": "https://www.woolworths.com.au/shop/productdetails/571006/head-shoulders-glossy-colour-conditioner",
        "imgName": "571006.jpg",
        "imgSrc": "https://cdn0.woolworths.media/content/wowproductimages/medium/571006.jpg",
        "name": "Head & Shoulders Glossy Colour Conditioner 350ml",
        "price": 12.5,
        "unitPrice": "$3.57 / 100ML"
    },
    {
        "category": "health-beauty",
        "href": "https://www.woolworths.com.au/shop/productdetails/231037/oscar-orsen-hair-bun-nets-light-brown",
        "imgName": "231037.jpg",
        "imgSrc": "https://cdn0.woolworths.media/content/wowproductimages/medium/231037.jpg",
        "name": "Oscar Orsen Hair Bun Nets Light Brown 4 pack",
        "price": 4
    },
    {
        "category": "health-beauty",
        "href": "https://www.woolworths.com.au/shop/productdetails/793113/cetaphil-gentle-skin-cleansing-cloths",
        "imgName": "793113.jpg",
        "imgSrc": "https://cdn0.woolworths.media/content/wowproductimages/medium/793113.jpg",
        "name": "Cetaphil Gentle Skin Cleansing Cloths 1pk",
        "price": 7.5,
        "unitPrice": "$0.30 / 1EA"
    },
    {
        "category": "health-beauty",
        "href": "https://www.woolworths.com.au/shop/productdetails/724743/rimmel-wake-me-up-fdn-t-nude",
        "imgName": "724743.jpg",
        "imgSrc": "https://cdn0.woolworths.media/content/wowproductimages/medium/724743.jpg",
        "name": "Rimmel Wake Me Up Fdn T/nude 30ml",
        "price": 19.95,
        "unitPrice": "$6.65 / 10ML"
    },
    {
        "category": "health-beauty",
        "href": "https://www.woolworths.com.au/shop/productdetails/631254/aussie-bodies-lo-carb-protein-bar-whip-d-english-toffee",
        "imgName": "631254.jpg",
        "imgSrc": "https://cdn0.woolworths.media/content/wowproductimages/medium/631254.jpg",
        "name": "Aussie Bodies Lo Carb Protein Bar Whip'd English Toffee 2x30g",
        "price": 4,
        "unitPrice": "$6.67 / 100G"
    },
    {
        "category": "health-beauty",
        "href": "https://www.woolworths.com.au/shop/productdetails/794274/l-oreal-revitalift-day-cream-spf15",
        "imgName": "794274.jpg",
        "imgSrc": "https://cdn0.woolworths.media/content/wowproductimages/medium/794274.jpg",
        "name": "L'oreal Revitalift Day Cream Spf15 50ml",
        "price": 32.95,
        "unitPrice": "$65.90 / 100ML"
    },
    {
        "category": "health-beauty",
        "href": "https://www.woolworths.com.au/shop/productdetails/324644/xenadrine-ultra-tablets",
        "imgName": "324644.jpg",
        "imgSrc": "https://cdn0.woolworths.media/content/wowproductimages/medium/324644.jpg",
        "name": "Xenadrine Ultra Tablets  60pk",
        "price": 33,
        "unitPrice": "$55.00 / 100EA"
    },
    {
        "category": "health-beauty",
        "href": "https://www.woolworths.com.au/shop/productdetails/321171/nivea-for-men-active-energy-fresh-look-face-gel",
        "imgName": "321171.jpg",
        "imgSrc": "https://cdn0.woolworths.media/content/wowproductimages/medium/321171.jpg",
        "name": "Nivea For Men Active Energy Fresh Look Face Gel 50ml",
        "price": 14.5,
        "unitPrice": "$29.00 / 100ML"
    },
    {
        "category": "health-beauty",
        "href": "https://www.woolworths.com.au/shop/productdetails/630089/aussie-bodies-lo-carb-protein-bar-whip-d-chocolate",
        "imgName": "630089.jpg",
        "imgSrc": "https://cdn0.woolworths.media/content/wowproductimages/medium/630089.jpg",
        "name": "Aussie Bodies Lo Carb Protein Bar Whip'd Chocolate 4x30g",
        "price": 9,
        "unitPrice": "$7.50 / 100G"
    },
    {
        "category": "health-beauty",
        "href": "https://www.woolworths.com.au/shop/productdetails/365873/rimmel-extra-super-lash-mascara-black",
        "imgName": "365873.jpg",
        "imgSrc": "https://cdn0.woolworths.media/content/wowproductimages/medium/365873.jpg",
        "name": "Rimmel Extra Super Lash Mascara Black 8ml",
        "price": 13.5,
        "unitPrice": "$16.88 / 10ML"
    },
    {
        "category": "health-beauty",
        "href": "https://www.woolworths.com.au/shop/productdetails/627678/nature-s-way-instant-natural-protein",
        "imgName": "627678.jpg",
        "imgSrc": "https://cdn0.woolworths.media/content/wowproductimages/medium/627678.jpg",
        "name": "Nature's Way Instant Natural Protein  300g",
        "price": 30,
        "unitPrice": "$10.00 / 100G"
    },
    {
        "category": "health-beauty",
        "href": "https://www.woolworths.com.au/shop/productdetails/486569/ogx-shampoo-anti-gravity-hydration-o2",
        "imgName": "486569.jpg",
        "imgSrc": "https://cdn0.woolworths.media/content/wowproductimages/medium/486569.jpg",
        "name": "Ogx Shampoo Anti Gravity & Hydration O2 385ml",
        "price": 18,
        "unitPrice": "$4.68 / 100ML"
    },
    {
        "category": "health-beauty",
        "href": "https://www.woolworths.com.au/shop/productdetails/381551/nivea-daily-essentials-regenerating-night-normal-combination",
        "imgName": "381551.jpg",
        "imgSrc": "https://cdn0.woolworths.media/content/wowproductimages/medium/381551.jpg",
        "name": "Nivea Daily Essentials Regenerating Night Normal & Combination 50ml",
        "price": 13.49,
        "unitPrice": "$26.98 / 100ML"
    },
    {
        "category": "health-beauty",
        "href": "https://www.woolworths.com.au/shop/productdetails/188092/nyal-cold-flu-fighter-day-night-tablets",
        "imgName": "188092.jpg",
        "imgSrc": "https://cdn0.woolworths.media/content/wowproductimages/medium/188092.jpg",
        "name": "Nyal Cold & Flu Fighter Day & Night Tablets 24pk",
        "price": 13,
        "unitPrice": "$0.54 / 1EA"
    },
    {
        "category": "health-beauty",
        "href": "https://www.woolworths.com.au/shop/productdetails/570288/colgate-360-advance-medium-toothbrush",
        "imgName": "570288.jpg",
        "imgSrc": "https://cdn0.woolworths.media/content/wowproductimages/medium/570288.jpg",
        "name": "Colgate 360 Advance Medium Toothbrush each",
        "price": 6,
        "unitPrice": "$6.00 / 1EA"
    },
    {
        "category": "health-beauty",
        "href": "https://www.woolworths.com.au/shop/productdetails/565578/oral-b-precision-gum-care-tooth-brush",
        "imgName": "565578.jpg",
        "imgSrc": "https://cdn0.woolworths.media/content/wowproductimages/medium/565578.jpg",
        "name": "Oral B Precision Gum Care Tooth Brush ea",
        "price": 6,
        "unitPrice": "$6.00 / 1EA"
    },
    {
        "category": "health-beauty",
        "href": "https://www.woolworths.com.au/shop/productdetails/567594/neutrogena-wrinkle-repair-night-cream",
        "imgName": "567594.jpg",
        "imgSrc": "https://cdn0.woolworths.media/content/wowproductimages/medium/567594.jpg",
        "name": "Neutrogena Wrinkle Repair Night Cream 29ml",
        "price": 40,
        "unitPrice": "$137.93 / 100ML"
    },
    {
        "category": "health-beauty",
        "href": "https://www.woolworths.com.au/shop/productdetails/541474/cancer-council-active-pink-sunscreen-spf-50-plus",
        "imgName": "541474.jpg",
        "imgSrc": "https://cdn0.woolworths.media/content/wowproductimages/medium/541474.jpg",
        "name": "Cancer Council Active Pink Sunscreen Spf 50 Plus 110ml",
        "price": 12,
        "unitPrice": "$10.91 / 100ML"
    },
    {
        "category": "health-beauty",
        "href": "https://www.woolworths.com.au/shop/productdetails/503060/le-tan-tanning-lotion-ultra-dark",
        "imgName": "503060.jpg",
        "imgSrc": "https://cdn0.woolworths.media/content/wowproductimages/medium/503060.jpg",
        "name": "Le Tan Tanning Lotion Ultra Dark 200ml",
        "price": 20,
        "unitPrice": "$10.00 / 100ML"
    },
    {
        "category": "health-beauty",
        "href": "https://www.woolworths.com.au/shop/productdetails/503049/le-tan-tanning-mousse-ultra-dark",
        "imgName": "503049.jpg",
        "imgSrc": "https://cdn0.woolworths.media/content/wowproductimages/medium/503049.jpg",
        "name": "Le Tan Tanning Mousse Ultra Dark 200ml",
        "price": 20,
        "unitPrice": "$10.00 / 100ML"
    },
    {
        "category": "health-beauty",
        "href": "https://www.woolworths.com.au/shop/productdetails/637648/toni-guy-4mm-elastic-brown",
        "imgName": "637648.jpg",
        "imgSrc": "https://cdn0.woolworths.media/content/wowproductimages/medium/637648.jpg",
        "name": "Toni&guy 4mm Elastic Brown  10pc",
        "price": 7
    },
    {
        "category": "health-beauty",
        "href": "https://www.woolworths.com.au/shop/productdetails/720322/john-frieda-precision-foam-8a-medium-ash-blonde",
        "imgName": "720322.jpg",
        "imgSrc": "https://cdn0.woolworths.media/content/wowproductimages/medium/720322.jpg",
        "name": "John Frieda Precision Foam 8a Medium Ash Blonde each",
        "price": 23
    },
    {
        "category": "health-beauty",
        "href": "https://www.woolworths.com.au/shop/productdetails/854601/ogx-shampoo-moisture-vitamin-b5",
        "imgName": "854601.jpg",
        "imgSrc": "https://cdn0.woolworths.media/content/wowproductimages/medium/854601.jpg",
        "name": "Ogx Shampoo Moisture & Vitamin B5 350ml",
        "price": 18,
        "unitPrice": "$4.68 / 100ML"
    },
    {
        "category": "health-beauty",
        "href": "https://www.woolworths.com.au/shop/productdetails/508116/body-science-international-high-protein-balls-choc-peanut-butter",
        "imgName": "508116.jpg",
        "imgSrc": "https://cdn0.woolworths.media/content/wowproductimages/medium/508116.jpg",
        "name": "Body Science International High Protein Balls Choc Peanut Butter 70g",
        "price": 4.5,
        "unitPrice": "$6.43 / 100G"
    },
    {
        "category": "health-beauty",
        "href": "https://www.woolworths.com.au/shop/productdetails/446813/scharzkopf-brilliance-hair-colour-3-0-romantic-brown",
        "imgName": "446813.jpg",
        "imgSrc": "https://cdn0.woolworths.media/content/wowproductimages/medium/446813.jpg",
        "name": "Scharzkopf Brilliance Hair Colour 3.0 Romantic Brown each",
        "price": 14.39,
        "unitPrice": "$10.10 / 100ML"
    },
    {
        "category": "health-beauty",
        "href": "https://www.woolworths.com.au/shop/productdetails/30543/gillette-shaving-foam-lemon-lime",
        "imgName": "030543.jpg",
        "imgSrc": "https://cdn0.woolworths.media/content/wowproductimages/medium/030543.jpg",
        "name": "Gillette Shaving Foam Lemon Lime 250g",
        "price": 3.9,
        "unitPrice": "$1.56 / 100G"
    },
    {
        "category": "health-beauty",
        "href": "https://www.woolworths.com.au/shop/productdetails/476708/ease-a-cold-cough-cold-flu-medicine-daytime-liquid-softgel-cap",
        "imgName": "476708.jpg",
        "imgSrc": "https://cdn0.woolworths.media/content/wowproductimages/medium/476708.jpg",
        "name": "Ease-a-cold Cough Cold & Flu Medicine Daytime Liquid Softgel Cap 20pk",
        "price": 18,
        "unitPrice": "$0.90 / 1EA"
    },
    {
        "category": "health-beauty",
        "href": "https://www.woolworths.com.au/shop/productdetails/467384/depend-female-underwear-super-large",
        "imgName": "467384.jpg",
        "imgSrc": "https://cdn0.woolworths.media/content/wowproductimages/medium/467384.jpg",
        "name": "Depend Female Underwear Super Large 8pk",
        "price": 16.99,
        "unitPrice": "$2.12 / 1EA"
    },
    {
        "category": "health-beauty",
        "href": "https://www.woolworths.com.au/shop/productdetails/477680/gaviscon-dual-action-heartburn-indigestion-relief-chewable-tablets-peppermint",
        "imgName": "477680.jpg",
        "imgSrc": "https://cdn0.woolworths.media/content/wowproductimages/medium/477680.jpg",
        "name": "Gaviscon Dual Action Heartburn & Indigestion Relief Chewable Tablets Peppermint 48pk",
        "price": 15,
        "unitPrice": "$31.25 / 100EA"
    },
    {
        "category": "health-beauty",
        "href": "https://www.woolworths.com.au/shop/productdetails/485156/nature-s-organics-fruits-body-wash-tropical-coconut",
        "imgName": "485156.jpg",
        "imgSrc": "https://cdn0.woolworths.media/content/wowproductimages/medium/485156.jpg",
        "name": "Nature's Organics Fruits Body Wash Tropical Coconut 1l",
        "price": 5.99,
        "unitPrice": "$0.60 / 100ML"
    },
    {
        "category": "health-beauty",
        "href": "https://www.woolworths.com.au/shop/productdetails/841539/ease-a-cold-non-drowsy-cold-flu-plus-decongestant",
        "imgName": "841539.jpg",
        "imgSrc": "https://cdn0.woolworths.media/content/wowproductimages/medium/841539.jpg",
        "name": "Ease A Cold Non Drowsy Cold & Flu Plus Decongestant 20pk",
        "price": 12,
        "unitPrice": "$0.60 / 1EA"
    },
    {
        "category": "health-beauty",
        "href": "https://www.woolworths.com.au/shop/productdetails/618654/nicabate-gum-extra-fresh-mint-4mg",
        "imgName": "618654.jpg",
        "imgSrc": "https://cdn0.woolworths.media/content/wowproductimages/medium/618654.jpg",
        "name": "Nicabate Gum Extra Fresh Mint 4mg 30pk",
        "price": 13,
        "unitPrice": "$0.43 / 1EA"
    },
    {
        "category": "health-beauty",
        "href": "https://www.woolworths.com.au/shop/productdetails/607571/sambucol-cold-flu-kids-cough-liquid-black-elderberry",
        "imgName": "607571.jpg",
        "imgSrc": "https://cdn0.woolworths.media/content/wowproductimages/medium/607571.jpg",
        "name": "Sambucol Cold & Flu Kids Cough Liquid Black Elderberry 120ml",
        "price": 17,
        "unitPrice": "$14.17 / 100ML"
    },
    {
        "category": "health-beauty",
        "href": "https://www.woolworths.com.au/shop/productdetails/660882/herbal-essences-shine-cucumber-green-tea-shampoo",
        "imgName": "660882.jpg",
        "imgSrc": "https://cdn0.woolworths.media/content/wowproductimages/medium/660882.jpg",
        "name": "Herbal Essences Shine Cucumber & Green Tea Shampoo 400ml",
        "price": 12,
        "unitPrice": "$3.00 / 100ML"
    },
    {
        "category": "health-beauty",
        "href": "https://www.woolworths.com.au/shop/productdetails/520202/optrex-eye-drops-night-repair",
        "imgName": "520202.jpg",
        "imgSrc": "https://cdn0.woolworths.media/content/wowproductimages/medium/520202.jpg",
        "name": "Optrex Eye Drops Night Repair 10ml",
        "price": 16,
        "unitPrice": "$160.00 / 100ML"
    },
    {
        "category": "health-beauty",
        "href": "https://www.woolworths.com.au/shop/productdetails/634267/nivea-sun-protect-refresh-trigger-spray-spf-50",
        "imgName": "634267.jpg",
        "imgSrc": "https://cdn0.woolworths.media/content/wowproductimages/medium/634267.jpg",
        "name": "Nivea Sun Protect & Refresh Trigger Spray Spf 50 300ml",
        "price": 21,
        "unitPrice": "$7.00 / 100ML"
    },
    {
        "category": "health-beauty",
        "href": "https://www.woolworths.com.au/shop/productdetails/486571/ogx-conditioner-quenching-coconut-curls",
        "imgName": "486571.jpg",
        "imgSrc": "https://cdn0.woolworths.media/content/wowproductimages/medium/486571.jpg",
        "name": "Ogx Conditioner Quenching & Coconut Curls 385ml",
        "price": 18,
        "unitPrice": "$4.68 / 100ML"
    },
    {
        "category": "health-beauty",
        "href": "https://www.woolworths.com.au/shop/productdetails/610127/ural-effervescent-powder-sachets-cranberry",
        "imgName": "610127.jpg",
        "imgSrc": "https://cdn0.woolworths.media/content/wowproductimages/medium/610127.jpg",
        "name": "Ural Effervescent Powder Sachets Cranberry 20pk",
        "price": 10,
        "unitPrice": "$0.50 / 1EA"
    },
    {
        "category": "health-beauty",
        "href": "https://www.woolworths.com.au/shop/productdetails/477681/lemsip-max-cold-flu-drink-decongestant-honey-and-ginger",
        "imgName": "477681.jpg",
        "imgSrc": "https://cdn0.woolworths.media/content/wowproductimages/medium/477681.jpg",
        "name": "Lemsip Max Cold & Flu Drink Decongestant Honey And Ginger 10pk",
        "price": 13,
        "unitPrice": "$130.00 / 100EA"
    },
    {
        "category": "health-beauty",
        "href": "https://www.woolworths.com.au/shop/productdetails/618543/durex-pleasure-me-condoms",
        "imgName": "618543.jpg",
        "imgSrc": "https://cdn0.woolworths.media/content/wowproductimages/medium/618543.jpg",
        "name": "Durex Pleasure Me Condoms 10pk",
        "price": 6.5,
        "unitPrice": "$0.65 / 1EA"
    },
    {
        "category": "health-beauty",
        "href": "https://www.woolworths.com.au/shop/productdetails/661838/d3-instant-ice-packs-3pk",
        "imgName": "661838.jpg",
        "imgSrc": "https://cdn0.woolworths.media/content/wowproductimages/medium/661838.jpg",
        "name": "D3 Instant Ice Packs 3pk 175g",
        "price": 6,
        "unitPrice": "$1.14 / 100G"
    },
    {
        "category": "health-beauty",
        "href": "https://www.woolworths.com.au/shop/productdetails/486385/garnier-fructis-shampoo-grow-strong",
        "imgName": "486385.jpg",
        "imgSrc": "https://cdn0.woolworths.media/content/wowproductimages/medium/486385.jpg",
        "name": "Garnier Fructis Shampoo Grow Strong 250ml",
        "price": 5.45,
        "unitPrice": "$2.18 / 100ML"
    },
    {
        "category": "health-beauty",
        "href": "https://www.woolworths.com.au/shop/productdetails/583301/tresemme-beauty-full-volume-mousse",
        "imgName": "583301.jpg",
        "imgSrc": "https://cdn0.woolworths.media/content/wowproductimages/medium/583301.jpg",
        "name": "Tresemme Beauty Full Volume Mousse 200ml",
        "price": 8,
        "unitPrice": "$4.00 / 100ML"
    },
    {
        "category": "health-beauty",
        "href": "https://www.woolworths.com.au/shop/productdetails/637649/toni-guy-triangle-hair-barrette-silver",
        "imgName": "637649.jpg",
        "imgSrc": "https://cdn0.woolworths.media/content/wowproductimages/medium/637649.jpg",
        "name": "Toni & Guy Triangle Hair Barrette Silver 2pk",
        "price": 7
    },
    {
        "category": "health-beauty",
        "href": "https://www.woolworths.com.au/shop/productdetails/601367/first-response-test-reassure-pregnancy-test",
        "imgName": "601367.jpg",
        "imgSrc": "https://cdn0.woolworths.media/content/wowproductimages/medium/601367.jpg",
        "name": "First Response Test & Reassure Pregnancy Test 3pk",
        "price": 25,
        "unitPrice": "$8.33 / 1EA"
    },
    {
        "category": "health-beauty",
        "href": "https://www.woolworths.com.au/shop/productdetails/600800/vicks-vapodrops-cough-lozenges-berry-menthol",
        "imgName": "600800.jpg",
        "imgSrc": "https://cdn0.woolworths.media/content/wowproductimages/medium/600800.jpg",
        "name": "Vicks Vapodrops +cough Lozenges Berry Menthol 16pk",
        "price": 6,
        "unitPrice": "$0.38 / 1EA"
    },
    {
        "category": "health-beauty",
        "href": "https://www.woolworths.com.au/shop/productdetails/505898/balnea-exfoliating-towel",
        "imgName": "505898.jpg",
        "imgSrc": "https://cdn0.woolworths.media/content/wowproductimages/medium/505898.jpg",
        "name": "Balnea Exfoliating Towel  1ea",
        "price": 3.5,
        "unitPrice": "$3.50 / 1EA"
    },
    {
        "category": "health-beauty",
        "href": "https://www.woolworths.com.au/shop/productdetails/650326/herbal-essences-smooth-golden-moringa-oil-shampoo",
        "imgName": "650326.jpg",
        "imgSrc": "https://cdn0.woolworths.media/content/wowproductimages/medium/650326.jpg",
        "name": "Herbal Essences Smooth Golden Moringa Oil Shampoo 400ml",
        "price": 12,
        "unitPrice": "$3.00 / 100ML"
    },
    {
        "category": "health-beauty",
        "href": "https://www.woolworths.com.au/shop/productdetails/631571/nivea-de-caring-micellar-water",
        "imgName": "631571.jpg",
        "imgSrc": "https://cdn0.woolworths.media/content/wowproductimages/medium/631571.jpg",
        "name": "Nivea De Caring Micellar Water 400ml",
        "price": 12,
        "unitPrice": "$3.00 / 100ML"
    },
    {
        "category": "health-beauty",
        "href": "https://www.woolworths.com.au/shop/productdetails/486567/ogx-shampoo-quenching-coconut-curls",
        "imgName": "486567.jpg",
        "imgSrc": "https://cdn0.woolworths.media/content/wowproductimages/medium/486567.jpg",
        "name": "Ogx Shampoo Quenching & Coconut Curls 385ml",
        "price": 18,
        "unitPrice": "$4.68 / 100ML"
    },
    {
        "category": "health-beauty",
        "href": "https://www.woolworths.com.au/shop/productdetails/517801/voeu-jojoba-oat-body-lotion",
        "imgName": "517801.jpg",
        "imgSrc": "https://cdn0.woolworths.media/content/wowproductimages/medium/517801.jpg",
        "name": "Voeu Jojoba & Oat Body Lotion 400ml",
        "price": 5,
        "unitPrice": "$1.25 / 100ML"
    },
    {
        "category": "health-beauty",
        "href": "https://www.woolworths.com.au/shop/productdetails/90000309/aussie-bodies-protein-fx-lo-carb-bar-chocolate-fudge-60g-x4-bundle",
        "imgName": "90000309.jpg",
        "imgSrc": "https://cdn0.woolworths.media/content/wowproductimages/medium/90000309.jpg",
        "name": "Aussie Bodies Protein Fx Lo Carb Bar Chocolate Fudge 60g X4 Bundle",
        "price": 14,
        "unitPrice": "$5.83 / 100G"
    },
    {
        "category": "health-beauty",
        "href": "https://www.woolworths.com.au/shop/productdetails/52930/colgate-zig-zag-toothbrush-soft",
        "imgName": "052930.jpg",
        "imgSrc": "https://cdn0.woolworths.media/content/wowproductimages/medium/052930.jpg",
        "name": "Colgate Zig Zag Toothbrush Soft each",
        "price": 3,
        "unitPrice": "$3.00 / 1EA"
    },
    {
        "category": "health-beauty",
        "href": "https://www.woolworths.com.au/shop/productdetails/284288/audiclean-ear-wash-cleansing",
        "imgName": "284288.jpg",
        "imgSrc": "https://cdn0.woolworths.media/content/wowproductimages/medium/284288.jpg",
        "name": "Audiclean Ear Wash Cleansing 60ml",
        "price": 16.5,
        "unitPrice": "$27.50 / 100ML"
    },
    {
        "category": "health-beauty",
        "href": "https://www.woolworths.com.au/shop/productdetails/169114/nature-s-way-immunity-defense-garlic-horseradish-tablets",
        "imgName": "169114.jpg",
        "imgSrc": "https://cdn0.woolworths.media/content/wowproductimages/medium/169114.jpg",
        "name": "Nature's Way Immunity Defense Garlic & Horseradish Tablets 200pk",
        "price": 20.5,
        "unitPrice": "$10.25 / 100EA"
    },
    {
        "category": "health-beauty",
        "href": "https://www.woolworths.com.au/shop/productdetails/207497/simple-kind-to-skin-facial-toner-soothing",
        "imgName": "207497.jpg",
        "imgSrc": "https://cdn0.woolworths.media/content/wowproductimages/medium/207497.jpg",
        "name": "Simple Kind To Skin Facial Toner Soothing 200ml",
        "price": 11,
        "unitPrice": "$5.50 / 100ML"
    },
    {
        "category": "health-beauty",
        "href": "https://www.woolworths.com.au/shop/productdetails/37241/vaseline-petroleum-jelly-original",
        "imgName": "037241.jpg",
        "imgSrc": "https://cdn0.woolworths.media/content/wowproductimages/medium/037241.jpg",
        "name": "Vaseline Petroleum Jelly Original 100g",
        "price": 4,
        "unitPrice": "$4.00 / 100G"
    },
    {
        "category": "health-beauty",
        "href": "https://www.woolworths.com.au/shop/productdetails/779218/simple-cleanser-vital-vitamin-foaming",
        "imgName": "779218.jpg",
        "imgSrc": "https://cdn0.woolworths.media/content/wowproductimages/medium/779218.jpg",
        "name": "Simple Cleanser Vital Vitamin Foaming 150ml",
        "price": 12.99,
        "unitPrice": "$8.66 / 100ML"
    },
    {
        "category": "health-beauty",
        "href": "https://www.woolworths.com.au/shop/productdetails/571673/swisse-kids-fish-oil-chewable-capsules",
        "imgName": "571673.jpg",
        "imgSrc": "https://cdn0.woolworths.media/content/wowproductimages/medium/571673.jpg",
        "name": "Swisse Kids Fish Oil Chewable Capsules 50pk",
        "price": 25,
        "unitPrice": "$50.00 / 100EA"
    },
    {
        "category": "health-beauty",
        "href": "https://www.woolworths.com.au/shop/productdetails/641892/blackmores-superkids-growning-bones-gummies",
        "imgName": "641892.jpg",
        "imgSrc": "https://cdn0.woolworths.media/content/wowproductimages/medium/641892.jpg",
        "name": "Blackmores Superkids Growning Bones Gummies 60pk",
        "price": 15,
        "unitPrice": "$25.00 / 100EA"
    },
    {
        "category": "health-beauty",
        "href": "https://www.woolworths.com.au/shop/productdetails/795125/woolworths-select-cough-medicine-chesty-cherry",
        "imgName": "795125.jpg",
        "imgSrc": "https://cdn0.woolworths.media/content/wowproductimages/medium/795125.jpg",
        "name": "Woolworths Select Cough Medicine Chesty Cherry 200ml",
        "price": 6.5,
        "unitPrice": "$3.25 / 100ML"
    },
    {
        "category": "health-beauty",
        "href": "https://www.woolworths.com.au/shop/productdetails/798188/neutrogena-hydroboost-night-cream-night-concentrate",
        "imgName": "798188.jpg",
        "imgSrc": "https://cdn0.woolworths.media/content/wowproductimages/medium/798188.jpg",
        "name": "Neutrogena Hydroboost Night Cream Night Concentrate 50g",
        "price": 24.99,
        "unitPrice": "$5.00 / 10G"
    },
    {
        "category": "health-beauty",
        "href": "https://www.woolworths.com.au/shop/productdetails/730308/vaseline-intensive-care-body-lotion-aloe-soothe",
        "imgName": "730308.jpg",
        "imgSrc": "https://cdn0.woolworths.media/content/wowproductimages/medium/730308.jpg",
        "name": "Vaseline Intensive Care Body Lotion Aloe Soothe 400ml",
        "price": 8.5,
        "unitPrice": "$2.13 / 100ML"
    },
    {
        "category": "health-beauty",
        "href": "https://www.woolworths.com.au/shop/productdetails/581134/tresemme-expert-selection-blow-dry-hair-cream-beautyfull-volume",
        "imgName": "581134.jpg",
        "imgSrc": "https://cdn0.woolworths.media/content/wowproductimages/medium/581134.jpg",
        "name": "Tresemme Expert Selection Blow Dry Hair Cream Beautyfull Volume 70ml",
        "price": 7,
        "unitPrice": "$10.00 / 100ML"
    },
    {
        "category": "health-beauty",
        "href": "https://www.woolworths.com.au/shop/productdetails/795126/woolworths-select-cough-medicine-dry-honey-and-lemon",
        "imgName": "795126.jpg",
        "imgSrc": "https://cdn0.woolworths.media/content/wowproductimages/medium/795126.jpg",
        "name": "Woolworths Select Cough Medicine Dry Honey And Lemon 200ml",
        "price": 6.5,
        "unitPrice": "$3.25 / 100ML"
    },
    {
        "category": "health-beauty",
        "href": "https://www.woolworths.com.au/shop/productdetails/795109/select-ibuprofen-capsule-tablet",
        "imgName": "795109.jpg",
        "imgSrc": "https://cdn0.woolworths.media/content/wowproductimages/medium/795109.jpg",
        "name": "Select Ibuprofen Capsule Tablet each",
        "price": 4,
        "unitPrice": "$0.17 / 1EA"
    },
    {
        "category": "health-beauty",
        "href": "https://www.woolworths.com.au/shop/productdetails/780605/nurofen-gel",
        "imgName": "780605.jpg",
        "imgSrc": "https://cdn0.woolworths.media/content/wowproductimages/medium/780605.jpg",
        "name": "Nurofen Gel  100g",
        "price": 20,
        "unitPrice": "$20.00 / 100G"
    },
    {
        "category": "health-beauty",
        "href": "https://www.woolworths.com.au/shop/productdetails/273117/lemsip-cold-flu-max-blackcurrant",
        "imgName": "273117.jpg",
        "imgSrc": "https://cdn0.woolworths.media/content/wowproductimages/medium/273117.jpg",
        "name": "Lemsip Cold & Flu Max Blackcurrant 10pk",
        "price": 13,
        "unitPrice": "$1.30 / 1EA"
    },
    {
        "category": "health-beauty",
        "href": "https://www.woolworths.com.au/shop/productdetails/317149/redwin-body-wash-sensitive-extra-sorbolene",
        "imgName": "317149.jpg",
        "imgSrc": "https://cdn0.woolworths.media/content/wowproductimages/medium/317149.jpg",
        "name": "Redwin Body Wash Sensitive Extra Sorbolene 1l",
        "price": 12,
        "unitPrice": "$1.20 / 100ML"
    },
    {
        "category": "health-beauty",
        "href": "https://www.woolworths.com.au/shop/productdetails/748534/u-by-kotex-designer-series-protect-liners",
        "imgName": "748534.jpg",
        "imgSrc": "https://cdn0.woolworths.media/content/wowproductimages/medium/748534.jpg",
        "name": "U By Kotex Designer Series Protect Liners 30pk",
        "price": 3.99,
        "unitPrice": "$0.13 / 1EA"
    },
    {
        "category": "health-beauty",
        "href": "https://www.woolworths.com.au/shop/productdetails/640812/nature-s-own-glucosamine-salfate-1500mg",
        "imgName": "640812.jpg",
        "imgSrc": "https://cdn0.woolworths.media/content/wowproductimages/medium/640812.jpg",
        "name": "Nature's Own Glucosamine Salfate 1500mg 120pk",
        "price": 20,
        "unitPrice": "$16.67 / 100EA"
    },
    {
        "category": "health-beauty",
        "href": "https://www.woolworths.com.au/shop/productdetails/353199/betadine-throat-gargles",
        "imgName": "353199.jpg",
        "imgSrc": "https://cdn0.woolworths.media/content/wowproductimages/medium/353199.jpg",
        "name": "Betadine Throat Gargles  120ml",
        "price": 13.5,
        "unitPrice": "$11.25 / 100ML"
    },
    {
        "category": "health-beauty",
        "href": "https://www.woolworths.com.au/shop/productdetails/715365/sudafed-pe-nasal-decongestant",
        "imgName": "715365.jpg",
        "imgSrc": "https://cdn0.woolworths.media/content/wowproductimages/medium/715365.jpg",
        "name": "Sudafed Pe Nasal Decongestant  20pk",
        "price": 14.3,
        "unitPrice": "$0.72 / 1EA"
    },
    {
        "category": "health-beauty",
        "href": "https://www.woolworths.com.au/shop/productdetails/731204/celebrity-slim-rapid-phase-shake-mix-vanilla",
        "imgName": "731204.jpg",
        "imgSrc": "https://cdn0.woolworths.media/content/wowproductimages/medium/731204.jpg",
        "name": "Celebrity Slim Rapid Phase Shake Mix Vanilla 840g",
        "price": 35.5,
        "unitPrice": "$4.23 / 100G"
    },
    {
        "category": "health-beauty",
        "href": "https://www.woolworths.com.au/shop/productdetails/778194/sally-hansen-nail-rehab-treatment",
        "imgName": "778194.jpg",
        "imgSrc": "https://cdn0.woolworths.media/content/wowproductimages/medium/778194.jpg",
        "name": "Sally Hansen Nail Rehab Treatment 10ml",
        "price": 16.95,
        "unitPrice": "$16.95 / 10ML"
    },
    {
        "category": "health-beauty",
        "href": "https://www.woolworths.com.au/shop/productdetails/743826/woolworths-select-cosmetic-compact-powder-brush",
        "imgName": "743826.jpg",
        "imgSrc": "https://cdn0.woolworths.media/content/wowproductimages/medium/743826.jpg",
        "name": "Woolworths Select Cosmetic Compact  Powder Brush each",
        "price": 9.99,
        "unitPrice": "$9.99 / 1EA"
    },
    {
        "category": "health-beauty",
        "href": "https://www.woolworths.com.au/shop/productdetails/484899/nature-s-organics-fruits-body-wash-orange-pomegranate",
        "imgName": "484899.jpg",
        "imgSrc": "https://cdn0.woolworths.media/content/wowproductimages/medium/484899.jpg",
        "name": "Nature's Organics Fruits Body Wash Orange & Pomegranate 1l",
        "price": 5.99,
        "unitPrice": "$0.60 / 100ML"
    },
    {
        "category": "health-beauty",
        "href": "https://www.woolworths.com.au/shop/productdetails/731651/bodytrim-bar-choc-caramel-crunch",
        "imgName": "731651.jpg",
        "imgSrc": "https://cdn0.woolworths.media/content/wowproductimages/medium/731651.jpg",
        "name": "Bodytrim Bar Choc Caramel Crunch 50g",
        "price": 3.5,
        "unitPrice": "$7.00 / 100G"
    },
    {
        "category": "health-beauty",
        "href": "https://www.woolworths.com.au/shop/productdetails/867088/nature-s-way-super-foods-matcha-green-tea",
        "imgName": "867088.jpg",
        "imgSrc": "https://cdn0.woolworths.media/content/wowproductimages/medium/867088.jpg",
        "name": "Nature's Way Super Foods Matcha Green Tea 50g",
        "price": 13,
        "unitPrice": "$26.00 / 100G"
    },
    {
        "category": "health-beauty",
        "href": "https://www.woolworths.com.au/shop/productdetails/201836/sally-hansen-nail-polish-maximum-growth",
        "imgName": "201836.jpg",
        "imgSrc": "https://cdn0.woolworths.media/content/wowproductimages/medium/201836.jpg",
        "name": "Sally Hansen Nail Polish Maximum Growth 13ml",
        "price": 14.95,
        "unitPrice": "$11.50 / 10ML"
    },
    {
        "category": "health-beauty",
        "href": "https://www.woolworths.com.au/shop/productdetails/627658/fat-blaster-chocolate-shake",
        "imgName": "627658.jpg",
        "imgSrc": "https://cdn0.woolworths.media/content/wowproductimages/medium/627658.jpg",
        "name": "Fat Blaster Chocolate Shake 430g",
        "price": 20,
        "unitPrice": "$4.65 / 100G"
    },
    {
        "category": "health-beauty",
        "href": "https://www.woolworths.com.au/shop/productdetails/89596/nivea-body-moisturiser-body-lotion-skin-firming",
        "imgName": "089596.jpg",
        "imgSrc": "https://cdn0.woolworths.media/content/wowproductimages/medium/089596.jpg",
        "name": "Nivea Body Moisturiser Body Lotion Skin Firming 400ml",
        "price": 10.39,
        "unitPrice": "$2.60 / 100ML"
    },
    {
        "category": "health-beauty",
        "href": "https://www.woolworths.com.au/shop/productdetails/780667/vitaustralia-garcinia-1000-60-hca",
        "imgName": "780667.jpg",
        "imgSrc": "https://cdn0.woolworths.media/content/wowproductimages/medium/780667.jpg",
        "name": "Vitaustralia Garcinia 1000 60% Hca  30 capsules",
        "price": 11.99,
        "unitPrice": "$39.97 / 100EA"
    },
    {
        "category": "health-beauty",
        "href": "https://www.woolworths.com.au/shop/productdetails/966929/skin-therapy-dragon-s-blood-sculpting-serum",
        "imgName": "966929.jpg",
        "imgSrc": "https://cdn0.woolworths.media/content/wowproductimages/medium/966929.jpg",
        "name": "Skin Therapy Dragon's Blood Sculpting Serum 30ml",
        "price": 30,
        "unitPrice": "$100.00 / 100ML"
    },
    {
        "category": "health-beauty",
        "href": "https://www.woolworths.com.au/shop/productdetails/232255/first-response-pregnancy-test-7-day-planning-kit",
        "imgName": "232255.jpg",
        "imgSrc": "https://cdn0.woolworths.media/content/wowproductimages/medium/232255.jpg",
        "name": "First Response Pregnancy Test 7 Day Planning Kit 1pk",
        "price": 26,
        "unitPrice": "$26.00 / 1EA"
    },
    {
        "category": "health-beauty",
        "href": "https://www.woolworths.com.au/shop/productdetails/503062/le-tan-shimmer-argan-oil-light-medium",
        "imgName": "503062.jpg",
        "imgSrc": "https://cdn0.woolworths.media/content/wowproductimages/medium/503062.jpg",
        "name": "Le Tan Shimmer Argan Oil Light/medium 125ml",
        "price": 16.5,
        "unitPrice": "$13.20 / 100ML"
    },
    {
        "category": "health-beauty",
        "href": "https://www.woolworths.com.au/shop/productdetails/769342/nature-s-way-super-foods-maca-powder",
        "imgName": "769342.jpg",
        "imgSrc": "https://cdn0.woolworths.media/content/wowproductimages/medium/769342.jpg",
        "name": "Nature's Way Super Foods Maca Powder 100g",
        "price": 10,
        "unitPrice": "$10.00 / 100G"
    },
    {
        "category": "health-beauty",
        "href": "https://www.woolworths.com.au/shop/productdetails/508599/bodytrim-diet-slice-fudge-brownie",
        "imgName": "508599.jpg",
        "imgSrc": "https://cdn0.woolworths.media/content/wowproductimages/medium/508599.jpg",
        "name": "Bodytrim Diet Slice Fudge Brownie 55g",
        "price": 4,
        "unitPrice": "$7.27 / 100G"
    },
    {
        "category": "health-beauty",
        "href": "https://www.woolworths.com.au/shop/productdetails/207769/simple-kind-to-eyes-make-up-remover-conditioning-eye",
        "imgName": "207769.jpg",
        "imgSrc": "https://cdn0.woolworths.media/content/wowproductimages/medium/207769.jpg",
        "name": "Simple Kind To Eyes Make Up Remover Conditioning Eye 125ml",
        "price": 11,
        "unitPrice": "$8.80 / 100ML"
    },
    {
        "category": "health-beauty",
        "href": "https://www.woolworths.com.au/shop/productdetails/370966/mentholatum-sprays-ice-cool",
        "imgName": "370966.jpg",
        "imgSrc": "https://cdn0.woolworths.media/content/wowproductimages/medium/370966.jpg",
        "name": "Mentholatum Sprays Ice Cool 150ml",
        "price": 13,
        "unitPrice": "$8.67 / 100ML"
    },
    {
        "category": "health-beauty",
        "href": "https://www.woolworths.com.au/shop/productdetails/749279/rimmel-mtch-prfction-fdn-400-natural-beige",
        "imgName": "749279.jpg",
        "imgSrc": "https://cdn0.woolworths.media/content/wowproductimages/medium/749279.jpg",
        "name": "Rimmel Mtch Prfction Fdn 400 Natural Beige 30ml",
        "price": 18.95,
        "unitPrice": "$6.32 / 10ML"
    },
    {
        "category": "health-beauty",
        "href": "https://www.woolworths.com.au/shop/productdetails/136587/gillette-daisy-classic-disposable-shaving-razor",
        "imgName": "136587.jpg",
        "imgSrc": "https://cdn0.woolworths.media/content/wowproductimages/medium/136587.jpg",
        "name": "Gillette Daisy Classic Disposable Shaving Razor  5pk",
        "price": 4.75,
        "unitPrice": "$0.95 / 1EA"
    },
    {
        "category": "health-beauty",
        "href": "https://www.woolworths.com.au/shop/productdetails/720355/john-frieda-precision-foam-3vr-deep-cherry-brown",
        "imgName": "720355.jpg",
        "imgSrc": "https://cdn0.woolworths.media/content/wowproductimages/medium/720355.jpg",
        "name": "John Frieda Precision Foam 3vr Deep Cherry Brown each",
        "price": 23
    },
    {
        "category": "health-beauty",
        "href": "https://www.woolworths.com.au/shop/productdetails/272713/neutrogena-toners-alcohol-free",
        "imgName": "272713.jpg",
        "imgSrc": "https://cdn0.woolworths.media/content/wowproductimages/medium/272713.jpg",
        "name": "Neutrogena Toners Alcohol Free 150ml",
        "price": 11.19,
        "unitPrice": "$7.46 / 100ML"
    },
    {
        "category": "health-beauty",
        "href": "https://www.woolworths.com.au/shop/productdetails/482123/pantene-conditioner-daily-moisture",
        "imgName": "482123.jpg",
        "imgSrc": "https://cdn0.woolworths.media/content/wowproductimages/medium/482123.jpg",
        "name": "Pantene Conditioner Daily Moisture 90ml",
        "price": 2.99,
        "unitPrice": "$3.32 / 100ML"
    },
    {
        "category": "health-beauty",
        "href": "https://www.woolworths.com.au/shop/productdetails/756905/macks-ear-plugs-soft-foam-snore-blockers",
        "imgName": "756905.jpg",
        "imgSrc": "https://cdn0.woolworths.media/content/wowproductimages/medium/756905.jpg",
        "name": "Macks Ear Plugs Soft Foam Snore Blockers 12pk",
        "price": 10,
        "unitPrice": "$0.83 / 1EA"
    },
    {
        "category": "health-beauty",
        "href": "https://www.woolworths.com.au/shop/productdetails/556420/modelco-lip-plumper",
        "imgName": "556420.jpg",
        "imgSrc": "https://cdn0.woolworths.media/content/wowproductimages/medium/556420.jpg",
        "name": "Modelco Lip Plumper  10ml",
        "price": 15,
        "unitPrice": "$15.00 / 10ML"
    },
    {
        "category": "health-beauty",
        "href": "https://www.woolworths.com.au/shop/productdetails/206939/musashi-p30-protein-strawberry-low-fat",
        "imgName": "206939.jpg",
        "imgSrc": "https://cdn0.woolworths.media/content/wowproductimages/medium/206939.jpg",
        "name": "Musashi P30 Protein Strawberry Low Fat 375ml",
        "price": 3.65,
        "unitPrice": "$9.73 / 1L"
    },
    {
        "category": "health-beauty",
        "href": "https://www.woolworths.com.au/shop/productdetails/566746/manicare-buffer-4-way",
        "imgName": "566746.jpg",
        "imgSrc": "https://cdn0.woolworths.media/content/wowproductimages/medium/566746.jpg",
        "name": "Manicare Buffer 4 Way  each",
        "price": 9.5
    },
    {
        "category": "health-beauty",
        "href": "https://www.woolworths.com.au/shop/productdetails/321717/winners-energy-bar-cadel-s-mountain-mix",
        "imgName": "321717.jpg",
        "imgSrc": "https://cdn0.woolworths.media/content/wowproductimages/medium/321717.jpg",
        "name": "Winners Energy Bar Cadel's Mountain Mix 55g",
        "price": 2.5,
        "unitPrice": "$4.55 / 100G"
    },
    {
        "category": "health-beauty",
        "href": "https://www.woolworths.com.au/shop/productdetails/310473/homebrand-body-moisturiser-skin-repair",
        "imgName": "310473.jpg",
        "imgSrc": "https://cdn0.woolworths.media/content/wowproductimages/medium/310473.jpg",
        "name": "Homebrand Body Moisturiser Skin Repair 500ml",
        "price": 3.69,
        "unitPrice": "$0.74 / 100ML"
    },
    {
        "category": "health-beauty",
        "href": "https://www.woolworths.com.au/shop/productdetails/827373/berocca-performance-effervescent-mango-orange",
        "imgName": "827373.jpg",
        "imgSrc": "https://cdn0.woolworths.media/content/wowproductimages/medium/827373.jpg",
        "name": "Berocca Performance Effervescent Mango & Orange 45pk",
        "price": 19.5,
        "unitPrice": "$43.33 / 100EA"
    },
    {
        "category": "health-beauty",
        "href": "https://www.woolworths.com.au/shop/productdetails/371112/milk-face-wash-scrub",
        "imgName": "371112.jpg",
        "imgSrc": "https://cdn0.woolworths.media/content/wowproductimages/medium/371112.jpg",
        "name": "Milk Face Wash & Scrub 150ml",
        "price": 13,
        "unitPrice": "$8.67 / 100ML"
    },
    {
        "category": "health-beauty",
        "href": "https://www.woolworths.com.au/shop/productdetails/148388/sensodyne-total-care-toothpaste",
        "imgName": "148388.jpg",
        "imgSrc": "https://cdn0.woolworths.media/content/wowproductimages/medium/148388.jpg",
        "name": "Sensodyne Total Care Toothpaste  110g",
        "price": 9.2,
        "unitPrice": "$8.36 / 100G"
    },
    {
        "category": "health-beauty",
        "href": "https://www.woolworths.com.au/shop/productdetails/176756/brylcreem-hair-original",
        "imgName": "176756.jpg",
        "imgSrc": "https://cdn0.woolworths.media/content/wowproductimages/medium/176756.jpg",
        "name": "Brylcreem Hair Original 150ml",
        "price": 6.25,
        "unitPrice": "$4.17 / 100ML"
    },
    {
        "category": "health-beauty",
        "href": "https://www.woolworths.com.au/shop/productdetails/575789/gillette-fusion-proshield-cartidges",
        "imgName": "575789.jpg",
        "imgSrc": "https://cdn0.woolworths.media/content/wowproductimages/medium/575789.jpg",
        "name": "Gillette Fusion Proshield Cartidges 4pk",
        "price": 32.5,
        "unitPrice": "$8.13 / 1EA"
    },
    {
        "category": "health-beauty",
        "href": "https://www.woolworths.com.au/shop/productdetails/503312/surf-life-saving-sunscreen-sport-spf-50-",
        "imgName": "503312.jpg",
        "imgSrc": "https://cdn0.woolworths.media/content/wowproductimages/medium/503312.jpg",
        "name": "Surf Life Saving Sunscreen Sport Spf 50+ 100ml tube",
        "price": 10,
        "unitPrice": "$10.00 / 100ML"
    },
    {
        "category": "health-beauty",
        "href": "https://www.woolworths.com.au/shop/productdetails/261336/herbal-essences-shampoo-drama-clean",
        "imgName": "261336.jpg",
        "imgSrc": "https://cdn0.woolworths.media/content/wowproductimages/medium/261336.jpg",
        "name": "Herbal Essences Shampoo Drama Clean 300ml",
        "price": 5.5,
        "unitPrice": "$1.83 / 100ML"
    },
    {
        "category": "health-beauty",
        "href": "https://www.woolworths.com.au/shop/productdetails/337214/homebrand-antiseptic-solution",
        "imgName": "337214.jpg",
        "imgSrc": "https://cdn0.woolworths.media/content/wowproductimages/medium/337214.jpg",
        "name": "Homebrand Antiseptic Solution 250ml",
        "price": 3.65,
        "unitPrice": "$1.46 / 100ML"
    },
    {
        "category": "health-beauty",
        "href": "https://www.woolworths.com.au/shop/productdetails/188389/l-oreal-revitalift-face-cream-day-anti-wrinkle-firming",
        "imgName": "188389.jpg",
        "imgSrc": "https://cdn0.woolworths.media/content/wowproductimages/medium/188389.jpg",
        "name": "L'oreal Revitalift Face Cream Day Anti Wrinkle & Firming 50ml",
        "price": 32.9,
        "unitPrice": "$65.80 / 100ML"
    },
    {
        "category": "health-beauty",
        "href": "https://www.woolworths.com.au/shop/productdetails/427869/modelco-lip-lacquer-duo-morocca-viva",
        "imgName": "427869.jpg",
        "imgSrc": "https://cdn0.woolworths.media/content/wowproductimages/medium/427869.jpg",
        "name": "Modelco Lip Lacquer Duo Morocca & Viva 6g",
        "price": 16.95,
        "unitPrice": "$28.25 / 10G"
    },
    {
        "category": "health-beauty",
        "href": "https://www.woolworths.com.au/shop/productdetails/232337/schick-razor-blades-quattro-for-women-cartridges",
        "imgName": "232337.jpg",
        "imgSrc": "https://cdn0.woolworths.media/content/wowproductimages/medium/232337.jpg",
        "name": "Schick Razor Blades Quattro For Women Cartridges 4pk",
        "price": 15,
        "unitPrice": "$3.75 / 1EA"
    },
    {
        "category": "health-beauty",
        "href": "https://www.woolworths.com.au/shop/productdetails/800702/redken-extreme-conditioner",
        "imgName": "800702.jpg",
        "imgSrc": "https://cdn0.woolworths.media/content/wowproductimages/medium/800702.jpg",
        "name": "Redken Extreme Conditioner  250ml",
        "price": 23,
        "unitPrice": "$9.20 / 100ML"
    },
    {
        "category": "health-beauty",
        "href": "https://www.woolworths.com.au/shop/productdetails/798179/neutrogena-hydroboost-water-gel-water-gel",
        "imgName": "798179.jpg",
        "imgSrc": "https://cdn0.woolworths.media/content/wowproductimages/medium/798179.jpg",
        "name": "Neutrogena Hydroboost Water Gel Water Gel 50g",
        "price": 24.99,
        "unitPrice": "$5.00 / 10G"
    },
    {
        "category": "health-beauty",
        "href": "https://www.woolworths.com.au/shop/productdetails/32006/disprin-soluble-extra-strength",
        "imgName": "032006.jpg",
        "imgSrc": "https://cdn0.woolworths.media/content/wowproductimages/medium/032006.jpg",
        "name": "Disprin Soluble Extra Strength 16pk",
        "price": 4.3,
        "unitPrice": "$0.27 / 1EA"
    },
    {
        "category": "health-beauty",
        "href": "https://www.woolworths.com.au/shop/productdetails/594627/band-aid-aquablock",
        "imgName": "594627.jpg",
        "imgSrc": "https://cdn0.woolworths.media/content/wowproductimages/medium/594627.jpg",
        "name": "Band-aid Aquablock  40pk",
        "price": 6,
        "unitPrice": "$0.15 / 1EA"
    },
    {
        "category": "health-beauty",
        "href": "https://www.woolworths.com.au/shop/productdetails/495606/taft-full-on-matte-paste-rough-tough",
        "imgName": "495606.jpg",
        "imgSrc": "https://cdn0.woolworths.media/content/wowproductimages/medium/495606.jpg",
        "name": "Taft Full On Matte Paste Rough & Tough 100ml",
        "price": 8,
        "unitPrice": "$8.00 / 100ML"
    },
    {
        "category": "health-beauty",
        "href": "https://www.woolworths.com.au/shop/productdetails/457841/rimmel-wonderfull-mascara-volume-colourist",
        "imgName": "457841.jpg",
        "imgSrc": "https://cdn0.woolworths.media/content/wowproductimages/medium/457841.jpg",
        "name": "Rimmel Wonderfull Mascara Volume Colourist 301",
        "price": 18.95,
        "unitPrice": "$17.23 / 10ML"
    },
    {
        "category": "health-beauty",
        "href": "https://www.woolworths.com.au/shop/productdetails/459664/jeer-for-men-deodorant-body-spray-cool",
        "imgName": "459664.jpg",
        "imgSrc": "https://cdn0.woolworths.media/content/wowproductimages/medium/459664.jpg",
        "name": "Jeer For Men Deodorant Body Spray Cool 150ml",
        "price": 5,
        "unitPrice": "$3.33 / 100ML"
    },
    {
        "category": "health-beauty",
        "href": "https://www.woolworths.com.au/shop/productdetails/477542/rimmel-the-only-1-lipstick-200-it-s-a-keeper",
        "imgName": "477542.jpg",
        "imgSrc": "https://cdn0.woolworths.media/content/wowproductimages/medium/477542.jpg",
        "name": "Rimmel The Only 1 Lipstick 200 It's A Keeper 224",
        "price": 15.95,
        "unitPrice": "$39.88 / 10G"
    },
    {
        "category": "health-beauty",
        "href": "https://www.woolworths.com.au/shop/productdetails/518431/voeu-age-regenerate-anti-ageing-day-moisturiser",
        "imgName": "518431.jpg",
        "imgSrc": "https://cdn0.woolworths.media/content/wowproductimages/medium/518431.jpg",
        "name": "Voeu Age Regenerate Anti-ageing Day Moisturiser 50ml",
        "price": 8,
        "unitPrice": "$16.00 / 100ML"
    },
    {
        "category": "health-beauty",
        "href": "https://www.woolworths.com.au/shop/productdetails/769751/rescue-remedy-stress-relief-pastill-blackcurrant",
        "imgName": "769751.jpg",
        "imgSrc": "https://cdn0.woolworths.media/content/wowproductimages/medium/769751.jpg",
        "name": "Rescue Remedy Stress Relief Pastill Blackcurrant 50g",
        "price": 13,
        "unitPrice": "$26.00 / 100G"
    },
    {
        "category": "health-beauty",
        "href": "https://www.woolworths.com.au/shop/productdetails/231135/woolworths-select-combs-pocket",
        "imgName": "231135.jpg",
        "imgSrc": "https://cdn0.woolworths.media/content/wowproductimages/medium/231135.jpg",
        "name": "Woolworths Select Combs Pocket 4pk",
        "price": 3
    },
    {
        "category": "health-beauty",
        "href": "https://www.woolworths.com.au/shop/productdetails/873603/aussie-bodies-protein-fx-lo-carb-bar-crunch-choc-macadamia",
        "imgName": "873603.jpg",
        "imgSrc": "https://cdn0.woolworths.media/content/wowproductimages/medium/873603.jpg",
        "name": "Aussie Bodies Protein Fx Lo Carb Bar Crunch Choc Macadamia 40g",
        "price": 2.8,
        "unitPrice": "$7.00 / 100G"
    },
    {
        "category": "health-beauty",
        "href": "https://www.woolworths.com.au/shop/productdetails/780272/colgate-toothbrush-floss-tip-360-medium",
        "imgName": "780272.jpg",
        "imgSrc": "https://cdn0.woolworths.media/content/wowproductimages/medium/780272.jpg",
        "name": "Colgate Toothbrush Floss Tip 360 Medium each",
        "price": 6,
        "unitPrice": "$6.00 / 1EA"
    },
    {
        "category": "health-beauty",
        "href": "https://www.woolworths.com.au/shop/productdetails/251128/neutrogena-face-cream-spf15-and-oil-free",
        "imgName": "251128.jpg",
        "imgSrc": "https://cdn0.woolworths.media/content/wowproductimages/medium/251128.jpg",
        "name": "Neutrogena Face Cream Spf15 And Oil Free 115ml",
        "price": 14.49,
        "unitPrice": "$12.60 / 100ML"
    },
    {
        "category": "health-beauty",
        "href": "https://www.woolworths.com.au/shop/productdetails/930098/sally-hansen-miracle-gel-duo-pack-pink-cadillaquer",
        "imgName": "930098.jpg",
        "imgSrc": "https://cdn0.woolworths.media/content/wowproductimages/medium/930098.jpg",
        "name": "Sally Hansen Miracle Gel Duo Pack Pink Cadillaquer 29.4ml",
        "price": 24.95,
        "unitPrice": "$8.49 / 10ML"
    },
    {
        "category": "health-beauty",
        "href": "https://www.woolworths.com.au/shop/productdetails/473585/activewear-headbands-silicone-grip-soft",
        "imgName": "473585.jpg",
        "imgSrc": "https://cdn0.woolworths.media/content/wowproductimages/medium/473585.jpg",
        "name": "Activewear Headbands Silicone Grip Soft 5pk",
        "price": 6.99
    },
    {
        "category": "health-beauty",
        "href": "https://www.woolworths.com.au/shop/productdetails/646898/panadol-extra-with-optizorb",
        "imgName": "646898.jpg",
        "imgSrc": "https://cdn0.woolworths.media/content/wowproductimages/medium/646898.jpg",
        "name": "Panadol Extra With Optizorb  10pk",
        "price": 5,
        "unitPrice": "$0.50 / 1EA"
    },
    {
        "category": "health-beauty",
        "href": "https://www.woolworths.com.au/shop/productdetails/30583/sanofi-shave-cream",
        "imgName": "030583.jpg",
        "imgSrc": "https://cdn0.woolworths.media/content/wowproductimages/medium/030583.jpg",
        "name": "Sanofi Shave Cream 75g",
        "price": 2.5,
        "unitPrice": "$3.33 / 100G"
    },
    {
        "category": "health-beauty",
        "href": "https://www.woolworths.com.au/shop/productdetails/228795/remifemin-menopause-relief-tablet",
        "imgName": "228795.jpg",
        "imgSrc": "https://cdn0.woolworths.media/content/wowproductimages/medium/228795.jpg",
        "name": "Remifemin Menopause Relief Tablet 100pk",
        "price": 22,
        "unitPrice": "$22.00 / 100EA"
    },
    {
        "category": "health-beauty",
        "href": "https://www.woolworths.com.au/shop/productdetails/232640/clairol-nice-n-easy-root-touch-up-8-medium-blonde",
        "imgName": "232640.jpg",
        "imgSrc": "https://cdn0.woolworths.media/content/wowproductimages/medium/232640.jpg",
        "name": "Clairol Nice N Easy Root Touch-up 8 Medium Blonde each",
        "price": 13
    },
    {
        "category": "health-beauty",
        "href": "https://www.woolworths.com.au/shop/productdetails/899187/rimmel-brow-this-way-eyebrow-powder-kit-002-mid-brown",
        "imgName": "899187.jpg",
        "imgSrc": "https://cdn0.woolworths.media/content/wowproductimages/medium/899187.jpg",
        "name": "Rimmel Brow This Way Eyebrow Powder Kit #002 Mid Brown 2.4g",
        "price": 13,
        "unitPrice": "$54.17 / 10G"
    },
    {
        "category": "health-beauty",
        "href": "https://www.woolworths.com.au/shop/productdetails/878745/rimmel-oh-my-gloss-snog",
        "imgName": "878745.jpg",
        "imgSrc": "https://cdn0.woolworths.media/content/wowproductimages/medium/878745.jpg",
        "name": "Rimmel Oh My Gloss Snog 6.5ml",
        "price": 13.95,
        "unitPrice": "$21.46 / 10ML"
    },
    {
        "category": "health-beauty",
        "href": "https://www.woolworths.com.au/shop/productdetails/566496/nature-s-way-activated-curcumin-gummies-turmeric-1000mg",
        "imgName": "566496.jpg",
        "imgSrc": "https://cdn0.woolworths.media/content/wowproductimages/medium/566496.jpg",
        "name": "Nature's Way Activated Curcumin Gummies Turmeric 1000mg 50pk",
        "price": 20,
        "unitPrice": "$40.00 / 100EA"
    },
    {
        "category": "health-beauty",
        "href": "https://www.woolworths.com.au/shop/productdetails/940021/vitaustralia-royal-jelly",
        "imgName": "940021.jpg",
        "imgSrc": "https://cdn0.woolworths.media/content/wowproductimages/medium/940021.jpg",
        "name": "Vitaustralia Royal Jelly  365ea",
        "price": 47,
        "unitPrice": "$12.88 / 100EA"
    },
    {
        "category": "health-beauty",
        "href": "https://www.woolworths.com.au/shop/productdetails/46610/garnier-fructis-full-luscious-shampoo",
        "imgName": "046610.jpg",
        "imgSrc": "https://cdn0.woolworths.media/content/wowproductimages/medium/046610.jpg",
        "name": "Garnier Fructis Full & Luscious Shampoo 250ml",
        "price": 5.45,
        "unitPrice": "$2.18 / 100ML"
    },
    {
        "category": "health-beauty",
        "href": "https://www.woolworths.com.au/shop/productdetails/443113/palmer-s-cocoa-butter-moisturising-body-oil",
        "imgName": "443113.jpg",
        "imgSrc": "https://cdn0.woolworths.media/content/wowproductimages/medium/443113.jpg",
        "name": "Palmer's Cocoa Butter Moisturising Body Oil 250ml",
        "price": 10.79
    },
    {
        "category": "health-beauty",
        "href": "https://www.woolworths.com.au/shop/productdetails/427856/modelco-instant-brows-pencil-med-dark",
        "imgName": "427856.jpg",
        "imgSrc": "https://cdn0.woolworths.media/content/wowproductimages/medium/427856.jpg",
        "name": "Modelco Instant Brows Pencil Med-dark 1.5g",
        "price": 14.95,
        "unitPrice": "$99.67 / 10G"
    },
    {
        "category": "health-beauty",
        "href": "https://www.woolworths.com.au/shop/productdetails/90000272/nivea-men-invisible-black-white-roll-on-50ml-x3-bundle",
        "imgName": "90000272.jpg",
        "imgSrc": "https://cdn0.woolworths.media/content/wowproductimages/medium/90000272.jpg",
        "name": "Nivea Men Invisible Black & White Roll On 50ml X3 Bundle",
        "price": 8,
        "unitPrice": "$5.33 / 100ML"
    },
    {
        "category": "health-beauty",
        "href": "https://www.woolworths.com.au/shop/productdetails/90000674/l-oreal-magic-retouch-regrowth-concealer-spray-light-brown-x3-bundle",
        "imgName": "90000674.jpg",
        "imgSrc": "https://cdn0.woolworths.media/content/wowproductimages/medium/90000674.jpg",
        "name": "L'oreal Magic Retouch Regrowth Concealer Spray Light Brown X3 Bundle",
        "price": 40,
        "unitPrice": "$17.78 / 100ML"
    },
    {
        "category": "health-beauty",
        "href": "https://www.woolworths.com.au/shop/productdetails/90000687/garnier-fructis-conditioner-oily-roots-dry-ends-250ml-x3-bundle",
        "imgName": "90000687.jpg",
        "imgSrc": "https://cdn0.woolworths.media/content/wowproductimages/medium/90000687.jpg",
        "name": "Garnier Fructis Conditioner Oily Roots Dry Ends 250ml X3 Bundle",
        "price": 15,
        "unitPrice": "$2.00 / 100ML"
    },
    {
        "category": "health-beauty",
        "href": "https://www.woolworths.com.au/shop/productdetails/652024/tresemme-botanique-smoothe-conditiioner",
        "imgName": "652024.jpg",
        "imgSrc": "https://cdn0.woolworths.media/content/wowproductimages/medium/652024.jpg",
        "name": "Tresemme Botanique Smoothe Conditiioner 750ml",
        "price": 7,
        "unitPrice": "$0.93 / 100ML"
    },
    {
        "category": "health-beauty",
        "href": "https://www.woolworths.com.au/shop/productdetails/827626/gillette-fusion-proglide-power-shaving-razor-battery",
        "imgName": "827626.jpg",
        "imgSrc": "https://cdn0.woolworths.media/content/wowproductimages/medium/827626.jpg",
        "name": "Gillette Fusion Proglide Power Shaving Razor & Battery each",
        "price": 20
    },
    {
        "category": "health-beauty",
        "href": "https://www.woolworths.com.au/shop/productdetails/38101/taft-hair-lacquer-spray-maximum-hold",
        "imgName": "038101.jpg",
        "imgSrc": "https://cdn0.woolworths.media/content/wowproductimages/medium/038101.jpg",
        "name": "Taft Hair Lacquer Spray Maximum Hold 200g",
        "price": 4.45,
        "unitPrice": "$2.23 / 100G"
    },
    {
        "category": "health-beauty",
        "href": "https://www.woolworths.com.au/shop/productdetails/20732/blackmores-sleep-support-valerian-forte-tablets",
        "imgName": "020732.jpg",
        "imgSrc": "https://cdn0.woolworths.media/content/wowproductimages/medium/020732.jpg",
        "name": "Blackmores Sleep Support Valerian Forte Tablets 30pk",
        "price": 16.5,
        "unitPrice": "$55.00 / 100EA"
    },
    {
        "category": "health-beauty",
        "href": "https://www.woolworths.com.au/shop/productdetails/40581/de-gas-antacids-gas-capsules",
        "imgName": "040581.jpg",
        "imgSrc": "https://cdn0.woolworths.media/content/wowproductimages/medium/040581.jpg",
        "name": "De Gas Antacids Gas Capsules 24pk",
        "price": 7.3,
        "unitPrice": "$0.30 / 1EA"
    },
    {
        "category": "health-beauty",
        "href": "https://www.woolworths.com.au/shop/productdetails/14263/rimmel-exaggerate-auto-eyeliner-sable",
        "imgName": "014263.jpg",
        "imgSrc": "https://cdn0.woolworths.media/content/wowproductimages/medium/014263.jpg",
        "name": "Rimmel Exaggerate Auto Eyeliner Sable each",
        "price": 12.95
    },
    {
        "category": "health-beauty",
        "href": "https://www.woolworths.com.au/shop/productdetails/87968/nivea-visage-eye-cream-q10",
        "imgName": "087968.jpg",
        "imgSrc": "https://cdn0.woolworths.media/content/wowproductimages/medium/087968.jpg",
        "name": "Nivea Visage Eye Cream Q10 15ml",
        "price": 20.99,
        "unitPrice": "$139.93 / 100ML"
    },
    {
        "category": "health-beauty",
        "href": "https://www.woolworths.com.au/shop/productdetails/147452/lemsip-sachets-cold-and-flu",
        "imgName": "147452.jpg",
        "imgSrc": "https://cdn0.woolworths.media/content/wowproductimages/medium/147452.jpg",
        "name": "Lemsip Sachets Cold And Flu 10pk",
        "price": 12,
        "unitPrice": "$1.20 / 1EA"
    },
    {
        "category": "health-beauty",
        "href": "https://www.woolworths.com.au/shop/productdetails/154427/gillette-venus-shaving-blade-refill",
        "imgName": "154427.jpg",
        "imgSrc": "https://cdn0.woolworths.media/content/wowproductimages/medium/154427.jpg",
        "name": "Gillette Venus Shaving Blade Refill  4pk",
        "price": 15.5,
        "unitPrice": "$3.88 / 1EA"
    },
    {
        "category": "health-beauty",
        "href": "https://www.woolworths.com.au/shop/productdetails/310107/nivea-for-men-face-care-moisturiser-dnage",
        "imgName": "310107.jpg",
        "imgSrc": "https://cdn0.woolworths.media/content/wowproductimages/medium/310107.jpg",
        "name": "Nivea For Men Face Care Moisturiser Dnage 50ml",
        "price": 17.5,
        "unitPrice": "$35.00 / 100ML"
    },
    {
        "category": "health-beauty",
        "href": "https://www.woolworths.com.au/shop/productdetails/188343/l-oreal-age-perfect-face-cream-for-day",
        "imgName": "188343.jpg",
        "imgSrc": "https://cdn0.woolworths.media/content/wowproductimages/medium/188343.jpg",
        "name": "L'oreal Age Perfect Face Cream For Day 50ml",
        "price": 32.95,
        "unitPrice": "$65.90 / 100ML"
    },
    {
        "category": "health-beauty",
        "href": "https://www.woolworths.com.au/shop/productdetails/205490/selsun-treatment-anti-dandruff-medically-proven",
        "imgName": "205490.jpg",
        "imgSrc": "https://cdn0.woolworths.media/content/wowproductimages/medium/205490.jpg",
        "name": "Selsun Treatment Anti Dandruff Medically Proven 200ml",
        "price": 11.4,
        "unitPrice": "$5.70 / 100ML"
    },
    {
        "category": "health-beauty",
        "href": "https://www.woolworths.com.au/shop/productdetails/225613/band-aid-tough-strips-extra-large",
        "imgName": "225613.jpg",
        "imgSrc": "https://cdn0.woolworths.media/content/wowproductimages/medium/225613.jpg",
        "name": "Band-aid Tough Strips Extra Large 10pk",
        "price": 3,
        "unitPrice": "$0.30 / 1EA"
    },
    {
        "category": "health-beauty",
        "href": "https://www.woolworths.com.au/shop/productdetails/375896/joico-moisture-recovery-shampoo",
        "imgName": "375896.jpg",
        "imgSrc": "https://cdn0.woolworths.media/content/wowproductimages/medium/375896.jpg",
        "name": "Joico Moisture Recovery Shampoo  300ml",
        "price": 20,
        "unitPrice": "$6.67 / 100ML"
    },
    {
        "category": "health-beauty",
        "href": "https://www.woolworths.com.au/shop/productdetails/452836/ostelin-kid-s-vitamins-d-calcium",
        "imgName": "452836.jpg",
        "imgSrc": "https://cdn0.woolworths.media/content/wowproductimages/medium/452836.jpg",
        "name": "Ostelin Kid's Vitamins D & Calcium 50pk",
        "price": 14,
        "unitPrice": "$28.00 / 100EA"
    },
    {
        "category": "health-beauty",
        "href": "https://www.woolworths.com.au/shop/productdetails/627673/fat-blaster-raspberry-shake",
        "imgName": "627673.jpg",
        "imgSrc": "https://cdn0.woolworths.media/content/wowproductimages/medium/627673.jpg",
        "name": "Fat Blaster Raspberry Shake 430g",
        "price": 20,
        "unitPrice": "$4.65 / 100G"
    },
    {
        "category": "health-beauty",
        "href": "https://www.woolworths.com.au/shop/productdetails/436063/nivea-q10-serum-pearls",
        "imgName": "436063.jpg",
        "imgSrc": "https://cdn0.woolworths.media/content/wowproductimages/medium/436063.jpg",
        "name": "Nivea Q10 Serum Pearls 40ml",
        "price": 29.99,
        "unitPrice": "$74.98 / 100ML"
    },
    {
        "category": "health-beauty",
        "href": "https://www.woolworths.com.au/shop/productdetails/321630/swisse-ultiboost-immune-tabs",
        "imgName": "321630.jpg",
        "imgSrc": "https://cdn0.woolworths.media/content/wowproductimages/medium/321630.jpg",
        "name": "Swisse Ultiboost Immune Tabs 60",
        "price": 20,
        "unitPrice": "$33.33 / 100EA"
    },
    {
        "category": "health-beauty",
        "href": "https://www.woolworths.com.au/shop/productdetails/336248/ogx-anti-breakage-serum-nourishing-coconut-milk",
        "imgName": "336248.jpg",
        "imgSrc": "https://cdn0.woolworths.media/content/wowproductimages/medium/336248.jpg",
        "name": "Ogx Anti-breakage Serum Nourishing Coconut Milk 118ml",
        "price": 18,
        "unitPrice": "$15.25 / 100ML"
    },
    {
        "category": "health-beauty",
        "href": "https://www.woolworths.com.au/shop/productdetails/277145/le-tan-in-le-can-self-tan-deep-bronze",
        "imgName": "277145.jpg",
        "imgSrc": "https://cdn0.woolworths.media/content/wowproductimages/medium/277145.jpg",
        "name": "Le Tan In Le Can Self Tan Deep Bronze 150g",
        "price": 16,
        "unitPrice": "$10.67 / 100G"
    },
    {
        "category": "health-beauty",
        "href": "https://www.woolworths.com.au/shop/productdetails/360127/elevit-women-s-multi",
        "imgName": "360127.jpg",
        "imgSrc": "https://cdn0.woolworths.media/content/wowproductimages/medium/360127.jpg",
        "name": "Elevit Women's Multi 100pk",
        "price": 33,
        "unitPrice": "$33.00 / 100EA"
    },
    {
        "category": "health-beauty",
        "href": "https://www.woolworths.com.au/shop/productdetails/476782/modelco-long-wear-lip-colour-neutrals",
        "imgName": "476782.jpg",
        "imgSrc": "https://cdn0.woolworths.media/content/wowproductimages/medium/476782.jpg",
        "name": "Modelco Long Wear Lip Colour Neutrals 3.5g",
        "price": 7.95,
        "unitPrice": "$22.71 / 10G"
    },
    {
        "category": "health-beauty",
        "href": "https://www.woolworths.com.au/shop/productdetails/581147/all-smiles-pro-battery-powered-toothbrush",
        "imgName": "581147.jpg",
        "imgSrc": "https://cdn0.woolworths.media/content/wowproductimages/medium/581147.jpg",
        "name": "All Smiles Pro Battery Powered Toothbrush each",
        "price": 10,
        "unitPrice": "$10.00 / 1EA"
    },
    {
        "category": "health-beauty",
        "href": "https://www.woolworths.com.au/shop/productdetails/567539/neutrogena-wrinkle-repair-day-cream-spf15",
        "imgName": "567539.jpg",
        "imgSrc": "https://cdn0.woolworths.media/content/wowproductimages/medium/567539.jpg",
        "name": "Neutrogena Wrinkle Repair Day Cream Spf15 29ml",
        "price": 40,
        "unitPrice": "$137.93 / 100ML"
    },
    {
        "category": "health-beauty",
        "href": "https://www.woolworths.com.au/shop/productdetails/604449/pain-away-arthritis-pain-relief-spray",
        "imgName": "604449.jpg",
        "imgSrc": "https://cdn0.woolworths.media/content/wowproductimages/medium/604449.jpg",
        "name": "Pain Away Arthritis Pain Relief Spray 100ml",
        "price": 20,
        "unitPrice": "$20.00 / 100ML"
    },
    {
        "category": "health-beauty",
        "href": "https://www.woolworths.com.au/shop/productdetails/427802/modelco-lash-linesuperlash-mascara-liquid-eyeliner",
        "imgName": "427802.jpg",
        "imgSrc": "https://cdn0.woolworths.media/content/wowproductimages/medium/427802.jpg",
        "name": "Modelco Lash & Linesuperlash Mascara & Liquid Eyeliner 13.5ml",
        "price": 22.95,
        "unitPrice": "$17.00 / 10ML"
    },
    {
        "category": "health-beauty",
        "href": "https://www.woolworths.com.au/shop/productdetails/504801/vaseline-advanced-strength-body-lotion-fragrance-free",
        "imgName": "504801.jpg",
        "imgSrc": "https://cdn0.woolworths.media/content/wowproductimages/medium/504801.jpg",
        "name": "Vaseline Advanced Strength Body Lotion Fragrance Free 225ml",
        "price": 5,
        "unitPrice": "$2.22 / 100ML"
    },
    {
        "category": "health-beauty",
        "href": "https://www.woolworths.com.au/shop/productdetails/749762/l-oreal-revitalift-face-serum-laser",
        "imgName": "749762.jpg",
        "imgSrc": "https://cdn0.woolworths.media/content/wowproductimages/medium/749762.jpg",
        "name": "L'oreal Revitalift Face Serum Laser 30ml",
        "price": 49.99,
        "unitPrice": "$166.63 / 100ML"
    },
    {
        "category": "health-beauty",
        "href": "https://www.woolworths.com.au/shop/productdetails/726555/imodium-zapid-diarrhoea-treatment-2mg",
        "imgName": "726555.jpg",
        "imgSrc": "https://cdn0.woolworths.media/content/wowproductimages/medium/726555.jpg",
        "name": "Imodium Zapid Diarrhoea Treatment 2mg 6pk",
        "price": 11.2,
        "unitPrice": "$1.87 / 1EA"
    },
    {
        "category": "health-beauty",
        "href": "https://www.woolworths.com.au/shop/productdetails/731379/body-science-international-body-for-women-shaker-pink-lid-chocolate-fudge",
        "imgName": "731379.jpg",
        "imgSrc": "https://cdn0.woolworths.media/content/wowproductimages/medium/731379.jpg",
        "name": "Body Science International Body For Women Shaker Pink Lid Chocolate Fudge 400ml",
        "price": 7,
        "unitPrice": "$7.00 / 1EA"
    },
    {
        "category": "health-beauty",
        "href": "https://www.woolworths.com.au/shop/productdetails/723680/bounce-natural-energy-ball-coconut-macadamia-protein",
        "imgName": "723680.jpg",
        "imgSrc": "https://cdn0.woolworths.media/content/wowproductimages/medium/723680.jpg",
        "name": "Bounce Natural Energy Ball Coconut Macadamia Protein 40g",
        "price": 3,
        "unitPrice": "$7.50 / 100G"
    },
    {
        "category": "health-beauty",
        "href": "https://www.woolworths.com.au/shop/productdetails/841538/dove-women-antiperspirant-aerosol-deodorant-invisible-dry-anti-white-marks",
        "imgName": "841538.jpg",
        "imgSrc": "https://cdn0.woolworths.media/content/wowproductimages/medium/841538.jpg",
        "name": "Dove Women Antiperspirant Aerosol Deodorant Invisible Dry Anti White Marks 250ml",
        "price": 7,
        "unitPrice": "$2.80 / 100ML"
    },
    {
        "category": "health-beauty",
        "href": "https://www.woolworths.com.au/shop/productdetails/740163/rimmel-bb-cream-002-medium",
        "imgName": "740163.jpg",
        "imgSrc": "https://cdn0.woolworths.media/content/wowproductimages/medium/740163.jpg",
        "name": "Rimmel Bb Cream 002 Medium 30ml",
        "price": 13.95,
        "unitPrice": "$4.65 / 10ML"
    },
    {
        "category": "health-beauty",
        "href": "https://www.woolworths.com.au/shop/productdetails/726051/pantene-pro-v-creme-all-day-smooth-light-weight",
        "imgName": "726051.jpg",
        "imgSrc": "https://cdn0.woolworths.media/content/wowproductimages/medium/726051.jpg",
        "name": "Pantene Pro-v Creme All Day Smooth Light Weight 80ml",
        "price": 10.5,
        "unitPrice": "$13.13 / 100ML"
    },
    {
        "category": "health-beauty",
        "href": "https://www.woolworths.com.au/shop/productdetails/769204/nature-s-way-super-foods-acai",
        "imgName": "769204.jpg",
        "imgSrc": "https://cdn0.woolworths.media/content/wowproductimages/medium/769204.jpg",
        "name": "Nature's Way Super Foods Acai 50g",
        "price": 18.45,
        "unitPrice": "$36.90 / 100G"
    },
    {
        "category": "health-beauty",
        "href": "https://www.woolworths.com.au/shop/productdetails/786206/tresemme-professional-conditioner-moisture-rich",
        "imgName": "786206.jpg",
        "imgSrc": "https://cdn0.woolworths.media/content/wowproductimages/medium/786206.jpg",
        "name": "Tresemme Professional Conditioner Moisture Rich 100ml",
        "price": 3.5,
        "unitPrice": "$3.50 / 100ML"
    },
    {
        "category": "health-beauty",
        "href": "https://www.woolworths.com.au/shop/productdetails/799238/dove-nutritive-solutions-conditioner-intensive-repair",
        "imgName": "799238.jpg",
        "imgSrc": "https://cdn0.woolworths.media/content/wowproductimages/medium/799238.jpg",
        "name": "Dove Nutritive Solutions Conditioner Intensive Repair 640ml",
        "price": 12,
        "unitPrice": "$1.88 / 100ML"
    },
    {
        "category": "health-beauty",
        "href": "https://www.woolworths.com.au/shop/productdetails/4781/tiger-balm-ointments-extra-strength",
        "imgName": "004781.jpg",
        "imgSrc": "https://cdn0.woolworths.media/content/wowproductimages/medium/004781.jpg",
        "name": "Tiger Balm Ointments Extra Strength 18g",
        "price": 8.3,
        "unitPrice": "$46.11 / 100G"
    },
    {
        "category": "health-beauty",
        "href": "https://www.woolworths.com.au/shop/productdetails/30573/wilkinson-sword-double-edge-shaving-blades-stainless-classic",
        "imgName": "030573.jpg",
        "imgSrc": "https://cdn0.woolworths.media/content/wowproductimages/medium/030573.jpg",
        "name": "Wilkinson Sword Double Edge Shaving Blades Stainless Classic 10pk",
        "price": 14,
        "unitPrice": "$1.40 / 1EA"
    },
    {
        "category": "health-beauty",
        "href": "https://www.woolworths.com.au/shop/productdetails/220109/blackmores-cystitis-cranberry-capsules-15000mg",
        "imgName": "220109.jpg",
        "imgSrc": "https://cdn0.woolworths.media/content/wowproductimages/medium/220109.jpg",
        "name": "Blackmores Cystitis Cranberry Capsules 15000mg 60pk",
        "price": 27,
        "unitPrice": "$45.00 / 100EA"
    },
    {
        "category": "health-beauty",
        "href": "https://www.woolworths.com.au/shop/productdetails/179357/swisspers-facial-wipes-25pk",
        "imgName": "179357.jpg",
        "imgSrc": "https://cdn0.woolworths.media/content/wowproductimages/medium/179357.jpg",
        "name": "Swisspers Facial Wipes 25pk ea",
        "price": 4.99,
        "unitPrice": "$0.20 / 1EA"
    },
    {
        "category": "health-beauty",
        "href": "https://www.woolworths.com.au/shop/productdetails/201070/clairol-nice-n-easy-8cb-natural-medium-champagne-blonde",
        "imgName": "201070.jpg",
        "imgSrc": "https://cdn0.woolworths.media/content/wowproductimages/medium/201070.jpg",
        "name": "Clairol Nice N Easy 8cb Natural Medium Champagne Blonde each",
        "price": 13
    },
    {
        "category": "health-beauty",
        "href": "https://www.woolworths.com.au/shop/productdetails/248055/colgate-2in1-whitening-toothpaste-mouthwash",
        "imgName": "248055.jpg",
        "imgSrc": "https://cdn0.woolworths.media/content/wowproductimages/medium/248055.jpg",
        "name": "Colgate 2in1 Whitening Toothpaste & Mouthwash 130g",
        "price": 5.35,
        "unitPrice": "$4.12 / 100G"
    },
    {
        "category": "health-beauty",
        "href": "https://www.woolworths.com.au/shop/productdetails/192562/herron-vita-minis-for-kids-raspberry",
        "imgName": "192562.jpg",
        "imgSrc": "https://cdn0.woolworths.media/content/wowproductimages/medium/192562.jpg",
        "name": "Herron Vita-minis For Kids Raspberry 100pk",
        "price": 11,
        "unitPrice": "$11.00 / 100EA"
    },
    {
        "category": "health-beauty",
        "href": "https://www.woolworths.com.au/shop/productdetails/231281/oscar-orsen-wire-headband",
        "imgName": "231281.jpg",
        "imgSrc": "https://cdn0.woolworths.media/content/wowproductimages/medium/231281.jpg",
        "name": "Oscar Orsen Wire Headband each",
        "price": 3
    },
    {
        "category": "health-beauty",
        "href": "https://www.woolworths.com.au/shop/productdetails/262252/musashi-p30-protein-powder-chocolate",
        "imgName": "262252.jpg",
        "imgSrc": "https://cdn0.woolworths.media/content/wowproductimages/medium/262252.jpg",
        "name": "Musashi P30 Protein Powder Chocolate 900g",
        "price": 50.5,
        "unitPrice": "$5.61 / 100G"
    },
    {
        "category": "health-beauty",
        "href": "https://www.woolworths.com.au/shop/productdetails/263262/bic-razor-disposable-soleil-twilight-lavender",
        "imgName": "263262.jpg",
        "imgSrc": "https://cdn0.woolworths.media/content/wowproductimages/medium/263262.jpg",
        "name": "Bic Razor Disposable Soleil Twilight Lavender 4pk",
        "price": 5.5,
        "unitPrice": "$1.38 / 1EA"
    },
    {
        "category": "health-beauty",
        "href": "https://www.woolworths.com.au/shop/productdetails/285798/schwarzkopf-brilliance-49-dark-red-violet",
        "imgName": "285798.jpg",
        "imgSrc": "https://cdn0.woolworths.media/content/wowproductimages/medium/285798.jpg",
        "name": "Schwarzkopf Brilliance 49 Dark Red Violet 1pk",
        "price": 14.4
    },
    {
        "category": "health-beauty",
        "href": "https://www.woolworths.com.au/shop/productdetails/249252/nicabate-quit-smoking-patches-clear-step-2",
        "imgName": "249252.jpg",
        "imgSrc": "https://cdn0.woolworths.media/content/wowproductimages/medium/249252.jpg",
        "name": "Nicabate Quit Smoking Patches Clear Step 2 7pk",
        "price": 35,
        "unitPrice": "$5.00 / 1EA"
    },
    {
        "category": "health-beauty",
        "href": "https://www.woolworths.com.au/shop/productdetails/262305/woolworths-select-pedicure-toenail-clippers",
        "imgName": "262305.jpg",
        "imgSrc": "https://cdn0.woolworths.media/content/wowproductimages/medium/262305.jpg",
        "name": "Woolworths Select Pedicure Toenail Clippers 1pk",
        "price": 4.35
    },
    {
        "category": "health-beauty",
        "href": "https://www.woolworths.com.au/shop/productdetails/325511/australian-botanical-soap-lemon-grass",
        "imgName": "325511.jpg",
        "imgSrc": "https://cdn0.woolworths.media/content/wowproductimages/medium/325511.jpg",
        "name": "Australian Botanical Soap Lemon Grass each",
        "price": 4,
        "unitPrice": "$2.00 / 100G"
    },
    {
        "category": "health-beauty",
        "href": "https://www.woolworths.com.au/shop/productdetails/330914/veet-hair-removal-cream-spray-on-sensitive-skin",
        "imgName": "330914.jpg",
        "imgSrc": "https://cdn0.woolworths.media/content/wowproductimages/medium/330914.jpg",
        "name": "Veet Hair Removal Cream Spray On Sensitive Skin 150g",
        "price": 15,
        "unitPrice": "$10.00 / 100G"
    },
    {
        "category": "health-beauty",
        "href": "https://www.woolworths.com.au/shop/productdetails/426213/oral-b-pro-health-fluoride-toothpaste-advanced-deep-clean-mint",
        "imgName": "426213.jpg",
        "imgSrc": "https://cdn0.woolworths.media/content/wowproductimages/medium/426213.jpg",
        "name": "Oral-b Pro Health Fluoride Toothpaste Advanced Deep Clean Mint 110g",
        "price": 4.99,
        "unitPrice": "$4.54 / 100G"
    },
    {
        "category": "health-beauty",
        "href": "https://www.woolworths.com.au/shop/productdetails/422521/rimmel-clear-complexion-powder-transparent",
        "imgName": "422521.jpg",
        "imgSrc": "https://cdn0.woolworths.media/content/wowproductimages/medium/422521.jpg",
        "name": "Rimmel Clear Complexion Powder Transparent 15g",
        "price": 12.95,
        "unitPrice": "$8.63 / 10G"
    },
    {
        "category": "health-beauty",
        "href": "https://www.woolworths.com.au/shop/productdetails/422545/sally-hansen-complete-care-7-in-1",
        "imgName": "422545.jpg",
        "imgSrc": "https://cdn0.woolworths.media/content/wowproductimages/medium/422545.jpg",
        "name": "Sally Hansen Complete Care 7 In 1 13.3ml",
        "price": 19.95,
        "unitPrice": "$15.00 / 10ML"
    },
    {
        "category": "health-beauty",
        "href": "https://www.woolworths.com.au/shop/productdetails/365919/rimmel-proffesional-eyebrow-eye-pencil-004-black",
        "imgName": "365919.jpg",
        "imgSrc": "https://cdn0.woolworths.media/content/wowproductimages/medium/365919.jpg",
        "name": "Rimmel Proffesional Eyebrow Eye Pencil 004 Black 1.4g",
        "price": 8.95,
        "unitPrice": "$63.93 / 10G"
    },
    {
        "category": "health-beauty",
        "href": "https://www.woolworths.com.au/shop/productdetails/488669/batiste-xxl-volume-styling",
        "imgName": "488669.jpg",
        "imgSrc": "https://cdn0.woolworths.media/content/wowproductimages/medium/488669.jpg",
        "name": "Batiste Xxl Volume Styling  200ml",
        "price": 13,
        "unitPrice": "$6.50 / 100ML"
    },
    {
        "category": "health-beauty",
        "href": "https://www.woolworths.com.au/shop/productdetails/381672/woolworths-select-nail-polish-remover-acetone-free",
        "imgName": "381672.jpg",
        "imgSrc": "https://cdn0.woolworths.media/content/wowproductimages/medium/381672.jpg",
        "name": "Woolworths Select Nail Polish Remover Acetone Free 125ml",
        "price": 2.8,
        "unitPrice": "$0.22 / 10ML"
    },
    {
        "category": "health-beauty",
        "href": "https://www.woolworths.com.au/shop/productdetails/365954/rimmel-lastingfinish-fdn-s-beige",
        "imgName": "365954.jpg",
        "imgSrc": "https://cdn0.woolworths.media/content/wowproductimages/medium/365954.jpg",
        "name": "Rimmel Lastingfinish Fdn S/beige 30ml",
        "price": 18.95,
        "unitPrice": "$6.32 / 10ML"
    },
    {
        "category": "health-beauty",
        "href": "https://www.woolworths.com.au/shop/productdetails/572425/blackmores-macuvision",
        "imgName": "572425.jpg",
        "imgSrc": "https://cdn0.woolworths.media/content/wowproductimages/medium/572425.jpg",
        "name": "Blackmores Macuvision  30pk",
        "price": 12.5,
        "unitPrice": "$41.67 / 100EA"
    },
    {
        "category": "health-beauty",
        "href": "https://www.woolworths.com.au/shop/productdetails/725434/nature-s-way-deep-ocean-krill-1000mg",
        "imgName": "725434.jpg",
        "imgSrc": "https://cdn0.woolworths.media/content/wowproductimages/medium/725434.jpg",
        "name": "Nature's Way Deep Ocean Krill 1000mg 30pk",
        "price": 40,
        "unitPrice": "$133.33 / 100EA"
    },
    {
        "category": "health-beauty",
        "href": "https://www.woolworths.com.au/shop/productdetails/720688/compeed-cold-sore-patch-total-care-invisible",
        "imgName": "720688.jpg",
        "imgSrc": "https://cdn0.woolworths.media/content/wowproductimages/medium/720688.jpg",
        "name": "Compeed Cold Sore Patch Total Care Invisible 15pk",
        "price": 16,
        "unitPrice": "$1.07 / 1EA"
    },
    {
        "category": "health-beauty",
        "href": "https://www.woolworths.com.au/shop/productdetails/740512/poise-hourglass-pads-extra-plus",
        "imgName": "740512.jpg",
        "imgSrc": "https://cdn0.woolworths.media/content/wowproductimages/medium/740512.jpg",
        "name": "Poise Hourglass Pads Extra Plus 10pk",
        "price": 6,
        "unitPrice": "$0.60 / 1EA"
    },
    {
        "category": "health-beauty",
        "href": "https://www.woolworths.com.au/shop/productdetails/793768/nivea-sun-spf-50-sunscreen-ultra-beach-aero",
        "imgName": "793768.jpg",
        "imgSrc": "https://cdn0.woolworths.media/content/wowproductimages/medium/793768.jpg",
        "name": "Nivea Sun Spf 50+ Sunscreen Ultra Beach Aero 175g",
        "price": 18,
        "unitPrice": "$10.29 / 100G"
    },
    {
        "category": "health-beauty",
        "href": "https://www.woolworths.com.au/shop/productdetails/894486/thankyou-hand-lotion-botanical-patchouli-vanilla",
        "imgName": "894486.jpg",
        "imgSrc": "https://cdn0.woolworths.media/content/wowproductimages/medium/894486.jpg",
        "name": "Thankyou Hand Lotion Botanical Patchouli & Vanilla 500ml",
        "price": 8.99,
        "unitPrice": "$1.80 / 100ML"
    },
    {
        "category": "health-beauty",
        "href": "https://www.woolworths.com.au/shop/productdetails/840584/carefree-regular-ultrathin-pads-with-wings",
        "imgName": "840584.jpg",
        "imgSrc": "https://cdn0.woolworths.media/content/wowproductimages/medium/840584.jpg",
        "name": "Carefree Regular  Ultrathin Pads With Wings 10pk",
        "price": 4.49,
        "unitPrice": "$0.45 / 1EA"
    },
    {
        "category": "health-beauty",
        "href": "https://www.woolworths.com.au/shop/productdetails/206814/musashi-p30-protein-chocolate-malt-low-fat",
        "imgName": "206814.jpg",
        "imgSrc": "https://cdn0.woolworths.media/content/wowproductimages/medium/206814.jpg",
        "name": "Musashi P30 Protein Chocolate Malt Low Fat 375ml",
        "price": 3.65,
        "unitPrice": "$9.73 / 1L"
    },
    {
        "category": "health-beauty",
        "href": "https://www.woolworths.com.au/shop/productdetails/325774/ogx-conditioner-nourishing-coconut-milk",
        "imgName": "325774.jpg",
        "imgSrc": "https://cdn0.woolworths.media/content/wowproductimages/medium/325774.jpg",
        "name": "Ogx Conditioner Nourishing Coconut Milk 385ml",
        "price": 18,
        "unitPrice": "$4.68 / 100ML"
    },
    {
        "category": "health-beauty",
        "href": "https://www.woolworths.com.au/shop/productdetails/370637/stayfree-pads-ultra-thin-regular",
        "imgName": "370637.jpg",
        "imgSrc": "https://cdn0.woolworths.media/content/wowproductimages/medium/370637.jpg",
        "name": "Stayfree Pads Ultra Thin Regular 14pk",
        "price": 5,
        "unitPrice": "$0.36 / 1EA"
    },
    {
        "category": "health-beauty",
        "href": "https://www.woolworths.com.au/shop/productdetails/101739/sally-hansen-miracle-nail-thickener",
        "imgName": "101739.jpg",
        "imgSrc": "https://cdn0.woolworths.media/content/wowproductimages/medium/101739.jpg",
        "name": "Sally Hansen Miracle Nail Thickener  3ml",
        "price": 19.95
    },
    {
        "category": "health-beauty",
        "href": "https://www.woolworths.com.au/shop/productdetails/262314/woolworths-select-tweezers-combo-slant-tip",
        "imgName": "262314.jpg",
        "imgSrc": "https://cdn0.woolworths.media/content/wowproductimages/medium/262314.jpg",
        "name": "Woolworths Select Tweezers Combo Slant Tip 1ea",
        "price": 6.49
    },
    {
        "category": "health-beauty",
        "href": "https://www.woolworths.com.au/shop/productdetails/730320/nivea-daily-essentials-day-cream-spf-30-moisture-rich",
        "imgName": "730320.jpg",
        "imgSrc": "https://cdn0.woolworths.media/content/wowproductimages/medium/730320.jpg",
        "name": "Nivea Daily Essentials Day Cream Spf 30+ Moisture Rich 50ml",
        "price": 13.49,
        "unitPrice": "$26.98 / 100ML"
    },
    {
        "category": "health-beauty",
        "href": "https://www.woolworths.com.au/shop/productdetails/727398/schwarzkopf-extra-care-oil-treatment-elixir",
        "imgName": "727398.jpg",
        "imgSrc": "https://cdn0.woolworths.media/content/wowproductimages/medium/727398.jpg",
        "name": "Schwarzkopf Extra Care Oil Treatment Elixir 75ml",
        "price": 9,
        "unitPrice": "$12.00 / 100ML"
    },
    {
        "category": "health-beauty",
        "href": "https://www.woolworths.com.au/shop/productdetails/96696/carefree-panty-liners-long",
        "imgName": "096696.jpg",
        "imgSrc": "https://cdn0.woolworths.media/content/wowproductimages/medium/096696.jpg",
        "name": "Carefree Panty Liners Long 30pk",
        "price": 4.29,
        "unitPrice": "$0.14 / 1EA"
    },
    {
        "category": "health-beauty",
        "href": "https://www.woolworths.com.au/shop/productdetails/49220/blackmores-bio-magnesium",
        "imgName": "049220.jpg",
        "imgSrc": "https://cdn0.woolworths.media/content/wowproductimages/medium/049220.jpg",
        "name": "Blackmores Bio Magnesium  50pk",
        "price": 19.5,
        "unitPrice": "$39.00 / 100EA"
    },
    {
        "category": "health-beauty",
        "href": "https://www.woolworths.com.au/shop/productdetails/225788/advil-tablets",
        "imgName": "225788.jpg",
        "imgSrc": "https://cdn0.woolworths.media/content/wowproductimages/medium/225788.jpg",
        "name": "Advil Tablets  24pk",
        "price": 5,
        "unitPrice": "$0.21 / 1EA"
    },
    {
        "category": "health-beauty",
        "href": "https://www.woolworths.com.au/shop/productdetails/340817/clairol-nice-n-easy-sb2-natural-light-cool-summer-blonde",
        "imgName": "340817.jpg",
        "imgSrc": "https://cdn0.woolworths.media/content/wowproductimages/medium/340817.jpg",
        "name": "Clairol Nice N Easy Sb2 Natural Light Cool Summer Blonde each",
        "price": 13
    },
    {
        "category": "health-beauty",
        "href": "https://www.woolworths.com.au/shop/productdetails/481845/l-oreal-paris-revitalift-eye-cream-filler",
        "imgName": "481845.jpg",
        "imgSrc": "https://cdn0.woolworths.media/content/wowproductimages/medium/481845.jpg",
        "name": "L'oreal Paris Revitalift Eye Cream Filler 15ml",
        "price": 45,
        "unitPrice": "$300.00 / 100ML"
    },
    {
        "category": "health-beauty",
        "href": "https://www.woolworths.com.au/shop/productdetails/365920/rimmel-glam-eyes-professional-eye-liner-liquid-black",
        "imgName": "365920.jpg",
        "imgSrc": "https://cdn0.woolworths.media/content/wowproductimages/medium/365920.jpg",
        "name": "Rimmel Glam Eyes Professional Eye Liner Liquid Black 3.5ml",
        "price": 11.95,
        "unitPrice": "$34.14 / 10ML"
    },
    {
        "category": "health-beauty",
        "href": "https://www.woolworths.com.au/shop/productdetails/779561/ansell-skyn-condoms-intense-feel",
        "imgName": "779561.jpg",
        "imgSrc": "https://cdn0.woolworths.media/content/wowproductimages/medium/779561.jpg",
        "name": "Ansell Skyn Condoms Intense Feel 10pk",
        "price": 10,
        "unitPrice": "$1.00 / 1EA"
    },
    {
        "category": "health-beauty",
        "href": "https://www.woolworths.com.au/shop/productdetails/895436/gillette-venus-shaving-blade-refill-swirl",
        "imgName": "895436.jpg",
        "imgSrc": "https://cdn0.woolworths.media/content/wowproductimages/medium/895436.jpg",
        "name": "Gillette Venus Shaving Blade Refill Swirl 4pk",
        "price": 26,
        "unitPrice": "$6.50 / 1EA"
    },
    {
        "category": "health-beauty",
        "href": "https://www.woolworths.com.au/shop/productdetails/8459/classics-powder-compact-pressed-cream-beige",
        "imgName": "008459.jpg",
        "imgSrc": "https://cdn0.woolworths.media/content/wowproductimages/medium/008459.jpg",
        "name": "Classics Powder Compact Pressed Cream Beige 16g",
        "price": 6.49,
        "unitPrice": "$4.06 / 10G"
    },
    {
        "category": "health-beauty",
        "href": "https://www.woolworths.com.au/shop/productdetails/37624/homebrand-hair-gel-super-hold",
        "imgName": "037624.jpg",
        "imgSrc": "https://cdn0.woolworths.media/content/wowproductimages/medium/037624.jpg",
        "name": "Homebrand Hair Gel Super Hold 250g",
        "price": 1.67,
        "unitPrice": "$0.67 / 100G"
    },
    {
        "category": "health-beauty",
        "href": "https://www.woolworths.com.au/shop/productdetails/65901/ansell-lubricants-personal",
        "imgName": "065901.jpg",
        "imgSrc": "https://cdn0.woolworths.media/content/wowproductimages/medium/065901.jpg",
        "name": "Ansell Lubricants Personal 100g",
        "price": 7,
        "unitPrice": "$7.00 / 100G"
    },
    {
        "category": "health-beauty",
        "href": "https://www.woolworths.com.au/shop/productdetails/571005/schwarzkopf-extra-care-sun-repair-treatment",
        "imgName": "571005.jpg",
        "imgSrc": "https://cdn0.woolworths.media/content/wowproductimages/medium/571005.jpg",
        "name": "Schwarzkopf Extra Care Sun Repair Treatment  150ml",
        "price": 9,
        "unitPrice": "$6.00 / 100ML"
    },
    {
        "category": "health-beauty",
        "href": "https://www.woolworths.com.au/shop/productdetails/426539/sensodyne-toothpaste-true-white-extra-fresh",
        "imgName": "426539.jpg",
        "imgSrc": "https://cdn0.woolworths.media/content/wowproductimages/medium/426539.jpg",
        "name": "Sensodyne Toothpaste True White Extra Fresh 110g",
        "price": 14,
        "unitPrice": "$12.73 / 100G"
    },
    {
        "category": "health-beauty",
        "href": "https://www.woolworths.com.au/shop/productdetails/841537/dove-women-antiperspirant-aerosol-deodorant-go-fresh-cucumber-green-tea",
        "imgName": "841537.jpg",
        "imgSrc": "https://cdn0.woolworths.media/content/wowproductimages/medium/841537.jpg",
        "name": "Dove Women Antiperspirant Aerosol Deodorant Go Fresh Cucumber & Green Tea 250ml",
        "price": 7,
        "unitPrice": "$2.80 / 100ML"
    },
    {
        "category": "health-beauty",
        "href": "https://www.woolworths.com.au/shop/productdetails/873602/aussie-bodies-protein-fx-lo-carb-bar-rocky-road",
        "imgName": "873602.jpg",
        "imgSrc": "https://cdn0.woolworths.media/content/wowproductimages/medium/873602.jpg",
        "name": "Aussie Bodies Protein Fx Lo Carb Bar Rocky Road 40g",
        "price": 2.8,
        "unitPrice": "$7.00 / 100G"
    },
    {
        "category": "health-beauty",
        "href": "https://www.woolworths.com.au/shop/productdetails/196946/neutrogena-deep-clean-foaming-cleanser-oil-control",
        "imgName": "196946.jpg",
        "imgSrc": "https://cdn0.woolworths.media/content/wowproductimages/medium/196946.jpg",
        "name": "Neutrogena Deep Clean Foaming Cleanser Oil Control 175g",
        "price": 14.49,
        "unitPrice": "$8.28 / 100G"
    },
    {
        "category": "health-beauty",
        "href": "https://www.woolworths.com.au/shop/productdetails/379098/quit-nits-head-lice-treatment-rapid",
        "imgName": "379098.jpg",
        "imgSrc": "https://cdn0.woolworths.media/content/wowproductimages/medium/379098.jpg",
        "name": "Quit Nits Head Lice Treatment Rapid 200ml",
        "price": 17,
        "unitPrice": "$8.50 / 100ML"
    },
    {
        "category": "health-beauty",
        "href": "https://www.woolworths.com.au/shop/productdetails/725423/nature-s-way-kids-smart-probiotic-choc-balls",
        "imgName": "725423.jpg",
        "imgSrc": "https://cdn0.woolworths.media/content/wowproductimages/medium/725423.jpg",
        "name": "Nature's Way Kids Smart Probiotic Choc Balls 50pk",
        "price": 15.95,
        "unitPrice": "$31.90 / 100EA"
    },
    {
        "category": "health-beauty",
        "href": "https://www.woolworths.com.au/shop/productdetails/457849/codral-antibacterial-throat-lozenges-soothing-honey-and-lemon",
        "imgName": "457849.jpg",
        "imgSrc": "https://cdn0.woolworths.media/content/wowproductimages/medium/457849.jpg",
        "name": "Codral Antibacterial Throat Lozenges Soothing Honey And Lemon 36pk",
        "price": 9.5,
        "unitPrice": "$26.39 / 100EA"
    },
    {
        "category": "health-beauty",
        "href": "https://www.woolworths.com.au/shop/productdetails/600464/band-aid-skin-flex-regular",
        "imgName": "600464.jpg",
        "imgSrc": "https://cdn0.woolworths.media/content/wowproductimages/medium/600464.jpg",
        "name": "Band-aid Skin Flex Regular 40pk",
        "price": 9,
        "unitPrice": "$0.23 / 1EA"
    },
    {
        "category": "health-beauty",
        "href": "https://www.woolworths.com.au/shop/productdetails/609021/dove-shampoo-daily-care",
        "imgName": "609021.jpg",
        "imgSrc": "https://cdn0.woolworths.media/content/wowproductimages/medium/609021.jpg",
        "name": "Dove Shampoo Daily Care 640ml",
        "price": 12,
        "unitPrice": "$1.88 / 100ML"
    },
    {
        "category": "health-beauty",
        "href": "https://www.woolworths.com.au/shop/productdetails/856309/l-oreal-paris-elvive-extraordinary-oil",
        "imgName": "856309.jpg",
        "imgSrc": "https://cdn0.woolworths.media/content/wowproductimages/medium/856309.jpg",
        "name": "L'oreal Paris Elvive Extraordinary Oil  100ml",
        "price": 20,
        "unitPrice": "$20.00 / 100ML"
    },
    {
        "category": "health-beauty",
        "href": "https://www.woolworths.com.au/shop/productdetails/26940/band-aid-plastic-strips-extra-wide-breathable",
        "imgName": "026940.jpg",
        "imgSrc": "https://cdn0.woolworths.media/content/wowproductimages/medium/026940.jpg",
        "name": "Band-aid Plastic Strips Extra Wide Breathable 40pk",
        "price": 5,
        "unitPrice": "$0.13 / 1EA"
    },
    {
        "category": "health-beauty",
        "href": "https://www.woolworths.com.au/shop/productdetails/82515/l-oreal-revitalift-eye-cream",
        "imgName": "082515.jpg",
        "imgSrc": "https://cdn0.woolworths.media/content/wowproductimages/medium/082515.jpg",
        "name": "L'oreal Revitalift Eye Cream 15ml",
        "price": 32.95,
        "unitPrice": "$219.67 / 100ML"
    },
    {
        "category": "health-beauty",
        "href": "https://www.woolworths.com.au/shop/productdetails/213893/neutrogena-make-up-remover-cleansing-towelettes",
        "imgName": "213893.jpg",
        "imgSrc": "https://cdn0.woolworths.media/content/wowproductimages/medium/213893.jpg",
        "name": "Neutrogena Make Up Remover Cleansing Towelettes 25pk",
        "price": 8.49,
        "unitPrice": "$0.34 / 1EA"
    },
    {
        "category": "health-beauty",
        "href": "https://www.woolworths.com.au/shop/productdetails/477541/sally-hansen-big-nail-polish-kwik-dry-top-coat",
        "imgName": "477541.jpg",
        "imgSrc": "https://cdn0.woolworths.media/content/wowproductimages/medium/477541.jpg",
        "name": "Sally Hansen Big Nail Polish Kwik Dry Top Coat 219",
        "price": 12.95,
        "unitPrice": "$10.97 / 10ML"
    },
    {
        "category": "health-beauty",
        "href": "https://www.woolworths.com.au/shop/productdetails/751238/cancer-council-ultra-spf-50-sunscreen",
        "imgName": "751238.jpg",
        "imgSrc": "https://cdn0.woolworths.media/content/wowproductimages/medium/751238.jpg",
        "name": "Cancer Council Ultra Spf 50+ Sunscreen 110ml",
        "price": 12,
        "unitPrice": "$10.91 / 100ML"
    },
    {
        "category": "health-beauty",
        "href": "https://www.woolworths.com.au/shop/productdetails/365916/rimmel-professional-eyebrow-pencil-dark-brown",
        "imgName": "365916.jpg",
        "imgSrc": "https://cdn0.woolworths.media/content/wowproductimages/medium/365916.jpg",
        "name": "Rimmel Professional Eyebrow Pencil Dark Brown 1.4g",
        "price": 8.95,
        "unitPrice": "$63.93 / 10G"
    },
    {
        "category": "health-beauty",
        "href": "https://www.woolworths.com.au/shop/productdetails/778522/thursday-plantation-deodorant-roll-on-teatree",
        "imgName": "778522.jpg",
        "imgSrc": "https://cdn0.woolworths.media/content/wowproductimages/medium/778522.jpg",
        "name": "Thursday Plantation Deodorant Roll On Teatree 60ml",
        "price": 5.5,
        "unitPrice": "$9.17 / 100ML"
    },
    {
        "category": "health-beauty",
        "href": "https://www.woolworths.com.au/shop/productdetails/780664/vitaustralia-vitamin-c-500mg-chewable",
        "imgName": "780664.jpg",
        "imgSrc": "https://cdn0.woolworths.media/content/wowproductimages/medium/780664.jpg",
        "name": "Vitaustralia Vitamin C 500mg Chewable 200 tablets",
        "price": 12,
        "unitPrice": "$6.00 / 100EA"
    },
    {
        "category": "health-beauty",
        "href": "https://www.woolworths.com.au/shop/productdetails/8595/blackmores-lyp-sine-coldsore-relief-tablets",
        "imgName": "008595.jpg",
        "imgSrc": "https://cdn0.woolworths.media/content/wowproductimages/medium/008595.jpg",
        "name": "Blackmores Lyp-sine Coldsore Relief Tablets 30pk",
        "price": 10,
        "unitPrice": "$33.33 / 100EA"
    },
    {
        "category": "health-beauty",
        "href": "https://www.woolworths.com.au/shop/productdetails/231203/oscar-orsen-small-hair-clip-shell",
        "imgName": "231203.jpg",
        "imgSrc": "https://cdn0.woolworths.media/content/wowproductimages/medium/231203.jpg",
        "name": "Oscar Orsen Small Hair Clip Shell each",
        "price": 3
    },
    {
        "category": "health-beauty",
        "href": "https://www.woolworths.com.au/shop/productdetails/518396/voeu-age-protect-anti-wrinkle-day-cream",
        "imgName": "518396.jpg",
        "imgSrc": "https://cdn0.woolworths.media/content/wowproductimages/medium/518396.jpg",
        "name": "Voeu Age Protect Anti-wrinkle Day Cream 50ml",
        "price": 8,
        "unitPrice": "$16.00 / 100ML"
    },
    {
        "category": "health-beauty",
        "href": "https://www.woolworths.com.au/shop/productdetails/248025/bonjela-gel-mouth-ulcer",
        "imgName": "248025.jpg",
        "imgSrc": "https://cdn0.woolworths.media/content/wowproductimages/medium/248025.jpg",
        "name": "Bonjela Gel Mouth Ulcer 15g",
        "price": 9,
        "unitPrice": "$60.00 / 100G"
    },
    {
        "category": "health-beauty",
        "href": "https://www.woolworths.com.au/shop/productdetails/762749/rimmel-wake-me-up-concealer-classic-beige",
        "imgName": "762749.jpg",
        "imgSrc": "https://cdn0.woolworths.media/content/wowproductimages/medium/762749.jpg",
        "name": "Rimmel Wake Me Up Concealer Classic Beige 7ml",
        "price": 14.95,
        "unitPrice": "$21.36 / 10ML"
    },
    {
        "category": "health-beauty",
        "href": "https://www.woolworths.com.au/shop/productdetails/567549/l-oreal-revitalift-day-cream-light-texture",
        "imgName": "567549.jpg",
        "imgSrc": "https://cdn0.woolworths.media/content/wowproductimages/medium/567549.jpg",
        "name": "L'oreal Revitalift Day Cream Light Texture 50ml",
        "price": 33,
        "unitPrice": "$66.00 / 100ML"
    },
    {
        "category": "health-beauty",
        "href": "https://www.woolworths.com.au/shop/productdetails/46595/l-oreal-excellence-age-perfect-pearl-blonde-8-32",
        "imgName": "046595.jpg",
        "imgSrc": "https://cdn0.woolworths.media/content/wowproductimages/medium/046595.jpg",
        "name": "L'oreal Excellence Age Perfect Pearl Blonde 8.32 each",
        "price": 20
    },
    {
        "category": "health-beauty",
        "href": "https://www.woolworths.com.au/shop/productdetails/192674/four-seasons-lubricants-massage-oil",
        "imgName": "192674.jpg",
        "imgSrc": "https://cdn0.woolworths.media/content/wowproductimages/medium/192674.jpg",
        "name": "Four Seasons Lubricants Massage Oil 150ml",
        "price": 7.2,
        "unitPrice": "$4.80 / 100ML"
    },
    {
        "category": "health-beauty",
        "href": "https://www.woolworths.com.au/shop/productdetails/340812/clairol-nice-n-easy-9-5a-natural-baby-blonde",
        "imgName": "340812.jpg",
        "imgSrc": "https://cdn0.woolworths.media/content/wowproductimages/medium/340812.jpg",
        "name": "Clairol Nice N Easy 9.5a Natural Baby Blonde each",
        "price": 13
    },
    {
        "category": "health-beauty",
        "href": "https://www.woolworths.com.au/shop/productdetails/756171/clif-bar-energy-bar-cocolate-almond-fudge",
        "imgName": "756171.jpg",
        "imgSrc": "https://cdn0.woolworths.media/content/wowproductimages/medium/756171.jpg",
        "name": "Clif Bar Energy Bar Cocolate Almond Fudge 68g",
        "price": 2.95,
        "unitPrice": "$4.34 / 100G"
    },
    {
        "category": "health-beauty",
        "href": "https://www.woolworths.com.au/shop/productdetails/757365/l-oreal-shampoo-absolut-repair",
        "imgName": "757365.jpg",
        "imgSrc": "https://cdn0.woolworths.media/content/wowproductimages/medium/757365.jpg",
        "name": "L'oreal Shampoo Absolut Repair 250ml",
        "price": 22,
        "unitPrice": "$8.80 / 100ML"
    },
    {
        "category": "health-beauty",
        "href": "https://www.woolworths.com.au/shop/productdetails/508268/lmlc-protein-bar-choc-berry",
        "imgName": "508268.jpg",
        "imgSrc": "https://cdn0.woolworths.media/content/wowproductimages/medium/508268.jpg",
        "name": "Lmlc Protein Bar Choc Berry 30g",
        "price": 2.4,
        "unitPrice": "$8.00 / 100G"
    },
    {
        "category": "health-beauty",
        "href": "https://www.woolworths.com.au/shop/productdetails/90000684/garnier-fructis-shampoo-normal-hair-250ml-x3-bundle",
        "imgName": "90000684.jpg",
        "imgSrc": "https://cdn0.woolworths.media/content/wowproductimages/medium/90000684.jpg",
        "name": "Garnier Fructis Shampoo Normal Hair 250ml X3 Bundle",
        "price": 15,
        "unitPrice": "$2.00 / 100ML"
    },
    {
        "category": "health-beauty",
        "href": "https://www.woolworths.com.au/shop/productdetails/90000701/dove-moisturising-beauty-soap-bar-100g-4pk-x3-bundle",
        "imgName": "90000701.jpg",
        "imgSrc": "https://cdn0.woolworths.media/content/wowproductimages/medium/90000701.jpg",
        "name": "Dove Moisturising Beauty Soap Bar 100g 4pk X3 Bundle",
        "price": 15,
        "unitPrice": "$1.25 / 100G"
    },
    {
        "category": "health-beauty",
        "href": "https://www.woolworths.com.au/shop/productdetails/90000318/nivea-men-protect-care-face-wash-shave-gel-moisturiser-bundle",
        "imgName": "90000318.jpg",
        "imgSrc": "https://cdn0.woolworths.media/content/wowproductimages/medium/90000318.jpg",
        "name": "Nivea Men Protect & Care Face Wash, Shave Gel & Moisturiser Bundle",
        "price": 23
    },
    {
        "category": "health-beauty",
        "href": "https://www.woolworths.com.au/shop/productdetails/90000685/garnier-fructis-conditioner-normal-hair-250ml-x3-bundle",
        "imgName": "90000685.jpg",
        "imgSrc": "https://cdn0.woolworths.media/content/wowproductimages/medium/90000685.jpg",
        "name": "Garnier Fructis Conditioner Normal Hair 250ml X3 Bundle",
        "price": 15,
        "unitPrice": "$2.00 / 100ML"
    },
    {
        "category": "health-beauty",
        "href": "https://www.woolworths.com.au/shop/productdetails/30532/palmolive-for-men-shave-cream-lather-regular",
        "imgName": "030532.jpg",
        "imgSrc": "https://cdn0.woolworths.media/content/wowproductimages/medium/030532.jpg",
        "name": "Palmolive For Men Shave Cream Lather Regular 65g",
        "price": 2.3,
        "unitPrice": "$3.54 / 100G"
    },
    {
        "category": "health-beauty",
        "href": "https://www.woolworths.com.au/shop/productdetails/31301/clairol-nice-n-easy-6-natural-light-brown",
        "imgName": "031301.jpg",
        "imgSrc": "https://cdn0.woolworths.media/content/wowproductimages/medium/031301.jpg",
        "name": "Clairol Nice N Easy 6 Natural Light Brown each",
        "price": 13
    },
    {
        "category": "health-beauty",
        "href": "https://www.woolworths.com.au/shop/productdetails/30598/vaseline-hair-tonic",
        "imgName": "030598.jpg",
        "imgSrc": "https://cdn0.woolworths.media/content/wowproductimages/medium/030598.jpg",
        "name": "Vaseline Hair Tonic 100ml",
        "price": 6.6,
        "unitPrice": "$6.60 / 100ML"
    },
    {
        "category": "health-beauty",
        "href": "https://www.woolworths.com.au/shop/productdetails/13365/neutrogena-deep-clean-normal-to-oily-skin-cleanser",
        "imgName": "013365.jpg",
        "imgSrc": "https://cdn0.woolworths.media/content/wowproductimages/medium/013365.jpg",
        "name": "Neutrogena Deep Clean Normal To Oily Skin Cleanser 200ml",
        "price": 14.49,
        "unitPrice": "$7.25 / 100ML"
    },
    {
        "category": "health-beauty",
        "href": "https://www.woolworths.com.au/shop/productdetails/16787/redwin-sorbolene-hand-cream-with-vitamin-e",
        "imgName": "016787.jpg",
        "imgSrc": "https://cdn0.woolworths.media/content/wowproductimages/medium/016787.jpg",
        "name": "Redwin Sorbolene Hand Cream With Vitamin E 100g",
        "price": 3.17,
        "unitPrice": "$3.17 / 100G"
    },
    {
        "category": "health-beauty",
        "href": "https://www.woolworths.com.au/shop/productdetails/77838/panadol-rapid-soluble-tablets",
        "imgName": "077838.jpg",
        "imgSrc": "https://cdn0.woolworths.media/content/wowproductimages/medium/077838.jpg",
        "name": "Panadol Rapid Soluble Tablets 20pk",
        "price": 5.5,
        "unitPrice": "$0.28 / 1EA"
    },
    {
        "category": "health-beauty",
        "href": "https://www.woolworths.com.au/shop/productdetails/169204/nature-s-way-protein-powder-chocolate",
        "imgName": "169204.jpg",
        "imgSrc": "https://cdn0.woolworths.media/content/wowproductimages/medium/169204.jpg",
        "name": "Nature's Way Protein Powder Chocolate 375g",
        "price": 21,
        "unitPrice": "$5.60 / 100G"
    },
    {
        "category": "health-beauty",
        "href": "https://www.woolworths.com.au/shop/productdetails/248104/nads-hair-removal-cream-for-men",
        "imgName": "248104.jpg",
        "imgSrc": "https://cdn0.woolworths.media/content/wowproductimages/medium/248104.jpg",
        "name": "Nads Hair Removal Cream For Men 200ml",
        "price": 11,
        "unitPrice": "$5.50 / 100ML"
    },
    {
        "category": "health-beauty",
        "href": "https://www.woolworths.com.au/shop/productdetails/230033/l-oreal-face-care-men-expert-vita-lift-5",
        "imgName": "230033.jpg",
        "imgSrc": "https://cdn0.woolworths.media/content/wowproductimages/medium/230033.jpg",
        "name": "L'oreal Face Care Men Expert Vita Lift 5 50ml",
        "price": 21,
        "unitPrice": "$42.00 / 100ML"
    },
    {
        "category": "health-beauty",
        "href": "https://www.woolworths.com.au/shop/productdetails/231109/oscar-orsen-hair-vitaliser",
        "imgName": "231109.jpg",
        "imgSrc": "https://cdn0.woolworths.media/content/wowproductimages/medium/231109.jpg",
        "name": "Oscar Orsen Hair Vitaliser each",
        "price": 2
    },
    {
        "category": "health-beauty",
        "href": "https://www.woolworths.com.au/shop/productdetails/254452/heron-blue-ibuprofen-tabsules",
        "imgName": "254452.jpg",
        "imgSrc": "https://cdn0.woolworths.media/content/wowproductimages/medium/254452.jpg",
        "name": "Heron Blue Ibuprofen Tabsules 25pk",
        "price": 5,
        "unitPrice": "$0.20 / 1EA"
    },
    {
        "category": "health-beauty",
        "href": "https://www.woolworths.com.au/shop/productdetails/277163/le-tan-in-le-can-self-tan-bronze",
        "imgName": "277163.jpg",
        "imgSrc": "https://cdn0.woolworths.media/content/wowproductimages/medium/277163.jpg",
        "name": "Le Tan In Le Can Self Tan Bronze 150g",
        "price": 16,
        "unitPrice": "$10.67 / 100G"
    },
    {
        "category": "health-beauty",
        "href": "https://www.woolworths.com.au/shop/productdetails/168702/gillette-series-after-shave-splash-arctic-ice",
        "imgName": "168702.jpg",
        "imgSrc": "https://cdn0.woolworths.media/content/wowproductimages/medium/168702.jpg",
        "name": "Gillette Series After Shave Splash Arctic Ice 50ml",
        "price": 6.5,
        "unitPrice": "$13.00 / 100ML"
    },
    {
        "category": "health-beauty",
        "href": "https://www.woolworths.com.au/shop/productdetails/231054/oscar-orsen-small-pad-brush",
        "imgName": "231054.jpg",
        "imgSrc": "https://cdn0.woolworths.media/content/wowproductimages/medium/231054.jpg",
        "name": "Oscar Orsen Small Pad Brush each",
        "price": 14.99
    },
    {
        "category": "health-beauty",
        "href": "https://www.woolworths.com.au/shop/productdetails/422457/rimmel-fix-protect-primer",
        "imgName": "422457.jpg",
        "imgSrc": "https://cdn0.woolworths.media/content/wowproductimages/medium/422457.jpg",
        "name": "Rimmel Fix & Protect Primer  30ml",
        "price": 13.95,
        "unitPrice": "$4.65 / 10ML"
    },
    {
        "category": "health-beauty",
        "href": "https://www.woolworths.com.au/shop/productdetails/720362/gillette-mach-3-turbo-shaving-blade-refill-sensitive",
        "imgName": "720362.jpg",
        "imgSrc": "https://cdn0.woolworths.media/content/wowproductimages/medium/720362.jpg",
        "name": "Gillette Mach 3 Turbo Shaving Blade Refill Sensitive 8pk",
        "price": 32,
        "unitPrice": "$4.00 / 1EA"
    },
    {
        "category": "health-beauty",
        "href": "https://www.woolworths.com.au/shop/productdetails/740201/sally-hansen-hard-as-nails-nail-colour-xtreme-wear-invisible",
        "imgName": "740201.jpg",
        "imgSrc": "https://cdn0.woolworths.media/content/wowproductimages/medium/740201.jpg",
        "name": "Sally Hansen Hard As Nails Nail Colour Xtreme Wear Invisible 11.8ml",
        "price": 6.95,
        "unitPrice": "$5.89 / 10ML"
    },
    {
        "category": "health-beauty",
        "href": "https://www.woolworths.com.au/shop/productdetails/353656/band-aid-tough-strips-waterproof-extra-large",
        "imgName": "353656.jpg",
        "imgSrc": "https://cdn0.woolworths.media/content/wowproductimages/medium/353656.jpg",
        "name": "Band-aid Tough Strips Waterproof Extra Large 10pk",
        "price": 3.99,
        "unitPrice": "$0.40 / 1EA"
    },
    {
        "category": "health-beauty",
        "href": "https://www.woolworths.com.au/shop/productdetails/363850/oscar-orsen-extra-hold-bobby-pins-black",
        "imgName": "363850.jpg",
        "imgSrc": "https://cdn0.woolworths.media/content/wowproductimages/medium/363850.jpg",
        "name": "Oscar Orsen Extra Hold Bobby Pins Black 80 pack",
        "price": 4.5,
        "unitPrice": "$0.06 / 1EA"
    },
    {
        "category": "health-beauty",
        "href": "https://www.woolworths.com.au/shop/productdetails/446473/dove-powder-soft-roll-on-deodorant",
        "imgName": "446473.jpg",
        "imgSrc": "https://cdn0.woolworths.media/content/wowproductimages/medium/446473.jpg",
        "name": "Dove Powder Soft Roll On Deodorant 50ml",
        "price": 4,
        "unitPrice": "$8.00 / 100ML"
    },
    {
        "category": "health-beauty",
        "href": "https://www.woolworths.com.au/shop/productdetails/755247/bosistos-nasal-spray-eucalyptus-saline",
        "imgName": "755247.jpg",
        "imgSrc": "https://cdn0.woolworths.media/content/wowproductimages/medium/755247.jpg",
        "name": "Bosistos Nasal Spray Eucalyptus Saline 50ml",
        "price": 8,
        "unitPrice": "$16.00 / 100ML"
    },
    {
        "category": "health-beauty",
        "href": "https://www.woolworths.com.au/shop/productdetails/793109/cetaphil-daily-advance-lotion",
        "imgName": "793109.jpg",
        "imgSrc": "https://cdn0.woolworths.media/content/wowproductimages/medium/793109.jpg",
        "name": "Cetaphil Daily Advance Lotion 226g",
        "price": 15.4,
        "unitPrice": "$6.81 / 100G"
    },
    {
        "category": "health-beauty",
        "href": "https://www.woolworths.com.au/shop/productdetails/839570/tom-organic-ultra-thin-liners",
        "imgName": "839570.jpg",
        "imgSrc": "https://cdn0.woolworths.media/content/wowproductimages/medium/839570.jpg",
        "name": "Tom Organic Ultra Thin Liners 26pk",
        "price": 6,
        "unitPrice": "$0.23 / 1EA"
    },
    {
        "category": "health-beauty",
        "href": "https://www.woolworths.com.au/shop/productdetails/873549/eylure-lashes-definition-no-121",
        "imgName": "873549.jpg",
        "imgSrc": "https://cdn0.woolworths.media/content/wowproductimages/medium/873549.jpg",
        "name": "Eylure Lashes Definition No 121 each",
        "price": 12.99,
        "unitPrice": "$12.99 / 1EA"
    },
    {
        "category": "health-beauty",
        "href": "https://www.woolworths.com.au/shop/productdetails/756172/clif-bar-energy-bar-white-chocolate-macadamia",
        "imgName": "756172.jpg",
        "imgSrc": "https://cdn0.woolworths.media/content/wowproductimages/medium/756172.jpg",
        "name": "Clif Bar Energy Bar White Chocolate Macadamia 68g",
        "price": 2.95,
        "unitPrice": "$4.34 / 100G"
    },
    {
        "category": "health-beauty",
        "href": "https://www.woolworths.com.au/shop/productdetails/774610/muscle-milk-protein-shake-banana",
        "imgName": "774610.jpg",
        "imgSrc": "https://cdn0.woolworths.media/content/wowproductimages/medium/774610.jpg",
        "name": "Muscle Milk Protein Shake Banana 414ml",
        "price": 4.65,
        "unitPrice": "$11.23 / 1L"
    },
    {
        "category": "health-beauty",
        "href": "https://www.woolworths.com.au/shop/productdetails/785330/ogx-coconut-water-weightless-hydration-oil",
        "imgName": "785330.jpg",
        "imgSrc": "https://cdn0.woolworths.media/content/wowproductimages/medium/785330.jpg",
        "name": "Ogx Coconut Water Weightless Hydration Oil 118ml",
        "price": 18,
        "unitPrice": "$15.25 / 100ML"
    },
    {
        "category": "health-beauty",
        "href": "https://www.woolworths.com.au/shop/productdetails/782277/agadir-argan-oil-conditioner-moisturising",
        "imgName": "782277.jpg",
        "imgSrc": "https://cdn0.woolworths.media/content/wowproductimages/medium/782277.jpg",
        "name": "Agadir Argan Oil Conditioner Moisturising 366ml",
        "price": 23.95,
        "unitPrice": "$6.54 / 100ML"
    },
    {
        "category": "health-beauty",
        "href": "https://www.woolworths.com.au/shop/productdetails/937345/ural-sachets-effervescent-powder",
        "imgName": "937345.jpg",
        "imgSrc": "https://cdn0.woolworths.media/content/wowproductimages/medium/937345.jpg",
        "name": "Ural Sachets Effervescent Powder 20x4gm",
        "price": 7.99,
        "unitPrice": "$0.40 / 1EA"
    },
    {
        "category": "health-beauty",
        "href": "https://www.woolworths.com.au/shop/productdetails/841546/dove-women-antiperspirant-roll-on-deodorant-pomegranate",
        "imgName": "841546.jpg",
        "imgSrc": "https://cdn0.woolworths.media/content/wowproductimages/medium/841546.jpg",
        "name": "Dove Women Antiperspirant Roll On Deodorant Pomegranate 50ml",
        "price": 4,
        "unitPrice": "$8.00 / 100ML"
    },
    {
        "category": "health-beauty",
        "href": "https://www.woolworths.com.au/shop/productdetails/21717/rexona-women-antiperspirant-pump-deodorant-sport",
        "imgName": "021717.jpg",
        "imgSrc": "https://cdn0.woolworths.media/content/wowproductimages/medium/021717.jpg",
        "name": "Rexona Women Antiperspirant Pump Deodorant Sport 150ml",
        "price": 7.3,
        "unitPrice": "$4.87 / 100ML"
    },
    {
        "category": "health-beauty",
        "href": "https://www.woolworths.com.au/shop/productdetails/21892/schwarzkopf-extra-care-hair-spray-strong-hold",
        "imgName": "021892.jpg",
        "imgSrc": "https://cdn0.woolworths.media/content/wowproductimages/medium/021892.jpg",
        "name": "Schwarzkopf Extra Care Hair Spray Strong Hold 100g",
        "price": 5.25,
        "unitPrice": "$5.25 / 100G"
    },
    {
        "category": "health-beauty",
        "href": "https://www.woolworths.com.au/shop/productdetails/231216/oscar-orsen-hair-side-combs-clear",
        "imgName": "231216.jpg",
        "imgSrc": "https://cdn0.woolworths.media/content/wowproductimages/medium/231216.jpg",
        "name": "Oscar Orsen Hair Side Combs Clear 6 pack",
        "price": 3
    },
    {
        "category": "health-beauty",
        "href": "https://www.woolworths.com.au/shop/productdetails/53907/schwarzkopf-extra-care-hair-treatment-leave-in",
        "imgName": "053907.jpg",
        "imgSrc": "https://cdn0.woolworths.media/content/wowproductimages/medium/053907.jpg",
        "name": "Schwarzkopf Extra Care Hair Treatment Leave In 100ml",
        "price": 6.25,
        "unitPrice": "$6.25 / 100ML"
    },
    {
        "category": "health-beauty",
        "href": "https://www.woolworths.com.au/shop/productdetails/6370/blackmores-mega-b-complex-tablets",
        "imgName": "006370.jpg",
        "imgSrc": "https://cdn0.woolworths.media/content/wowproductimages/medium/006370.jpg",
        "name": "Blackmores Mega B Complex Tablets 75pk",
        "price": 22.5,
        "unitPrice": "$30.00 / 100EA"
    },
    {
        "category": "health-beauty",
        "href": "https://www.woolworths.com.au/shop/productdetails/783512/dove-men-antiperspirant-aerosol-roll-on-deodorant-invisible-dry",
        "imgName": "783512.jpg",
        "imgSrc": "https://cdn0.woolworths.media/content/wowproductimages/medium/783512.jpg",
        "name": "Dove Men Antiperspirant Aerosol Roll On Deodorant Invisible Dry 50ml",
        "price": 4,
        "unitPrice": "$8.00 / 100ML"
    },
    {
        "category": "health-beauty",
        "href": "https://www.woolworths.com.au/shop/productdetails/841554/gaviscon-liquid-dual-action",
        "imgName": "841554.jpg",
        "imgSrc": "https://cdn0.woolworths.media/content/wowproductimages/medium/841554.jpg",
        "name": "Gaviscon Liquid Dual Action 600ml",
        "price": 15,
        "unitPrice": "$2.50 / 100ML"
    },
    {
        "category": "health-beauty",
        "href": "https://www.woolworths.com.au/shop/productdetails/13426/neutrogena-face-cream-sensitive-skin",
        "imgName": "013426.jpg",
        "imgSrc": "https://cdn0.woolworths.media/content/wowproductimages/medium/013426.jpg",
        "name": "Neutrogena Face Cream Sensitive Skin 118ml",
        "price": 14.49,
        "unitPrice": "$12.28 / 100ML"
    },
    {
        "category": "health-beauty",
        "href": "https://www.woolworths.com.au/shop/productdetails/27755/gillette-shaving-foam-sensitive-skin",
        "imgName": "027755.jpg",
        "imgSrc": "https://cdn0.woolworths.media/content/wowproductimages/medium/027755.jpg",
        "name": "Gillette Shaving Foam Sensitive Skin 250g",
        "price": 3.9,
        "unitPrice": "$1.56 / 100G"
    },
    {
        "category": "health-beauty",
        "href": "https://www.woolworths.com.au/shop/productdetails/19848/metamucil-laxatives-smooth-orange",
        "imgName": "019848.jpg",
        "imgSrc": "https://cdn0.woolworths.media/content/wowproductimages/medium/019848.jpg",
        "name": "Metamucil Laxatives Smooth Orange 283g",
        "price": 14.85,
        "unitPrice": "$5.25 / 100G"
    },
    {
        "category": "health-beauty",
        "href": "https://www.woolworths.com.au/shop/productdetails/32770/sanofi-calamine-lotion",
        "imgName": "032770.jpg",
        "imgSrc": "https://cdn0.woolworths.media/content/wowproductimages/medium/032770.jpg",
        "name": "Sanofi Calamine Lotion  200ml",
        "price": 4.8,
        "unitPrice": "$2.40 / 100ML"
    },
    {
        "category": "health-beauty",
        "href": "https://www.woolworths.com.au/shop/productdetails/7819/organic-care-shampoo-dry-nourish",
        "imgName": "007819.jpg",
        "imgSrc": "https://cdn0.woolworths.media/content/wowproductimages/medium/007819.jpg",
        "name": "Organic Care Shampoo Dry Nourish 400ml",
        "price": 3.5,
        "unitPrice": "$0.88 / 100ML"
    },
    {
        "category": "health-beauty",
        "href": "https://www.woolworths.com.au/shop/productdetails/6300/redwin-anti-perspirant-deodorant-aerosol-aluminium-free-sport",
        "imgName": "006300.jpg",
        "imgSrc": "https://cdn0.woolworths.media/content/wowproductimages/medium/006300.jpg",
        "name": "Redwin Anti Perspirant Deodorant Aerosol Aluminium Free Sport 150ml",
        "price": 5,
        "unitPrice": "$3.33 / 100ML"
    },
    {
        "category": "health-beauty",
        "href": "https://www.woolworths.com.au/shop/productdetails/7798/redwin-shampoo-anti-dandruff-tea-tree-treatment",
        "imgName": "007798.jpg",
        "imgSrc": "https://cdn0.woolworths.media/content/wowproductimages/medium/007798.jpg",
        "name": "Redwin Shampoo Anti Dandruff Tea Tree Treatment 250ml",
        "price": 4.85,
        "unitPrice": "$1.94 / 100ML"
    },
    {
        "category": "health-beauty",
        "href": "https://www.woolworths.com.au/shop/productdetails/87972/nivea-visage-q10-face-cream-day-cream-spf-15",
        "imgName": "087972.jpg",
        "imgSrc": "https://cdn0.woolworths.media/content/wowproductimages/medium/087972.jpg",
        "name": "Nivea Visage Q10 Face Cream Day Cream Spf 15 50ml",
        "price": 20.4,
        "unitPrice": "$40.80 / 100ML"
    },
    {
        "category": "health-beauty",
        "href": "https://www.woolworths.com.au/shop/productdetails/160645/lady-speed-stick-deodorant-orchard-blossom",
        "imgName": "160645.jpg",
        "imgSrc": "https://cdn0.woolworths.media/content/wowproductimages/medium/160645.jpg",
        "name": "Lady Speed Stick Deodorant Orchard Blossom 45g",
        "price": 4.5,
        "unitPrice": "$10.00 / 100G"
    },
    {
        "category": "health-beauty",
        "href": "https://www.woolworths.com.au/shop/productdetails/179888/garnier-fructis-shampoo-normal-hair",
        "imgName": "179888.jpg",
        "imgSrc": "https://cdn0.woolworths.media/content/wowproductimages/medium/179888.jpg",
        "name": "Garnier Fructis Shampoo Normal Hair 250ml",
        "price": 5.45,
        "unitPrice": "$2.18 / 100ML"
    },
    {
        "category": "health-beauty",
        "href": "https://www.woolworths.com.au/shop/productdetails/164000/carefree-panty-liners-breathable",
        "imgName": "164000.jpg",
        "imgSrc": "https://cdn0.woolworths.media/content/wowproductimages/medium/164000.jpg",
        "name": "Carefree Panty Liners Breathable 48pk",
        "price": 4.75,
        "unitPrice": "$0.10 / 1EA"
    },
    {
        "category": "health-beauty",
        "href": "https://www.woolworths.com.au/shop/productdetails/170704/poise-liners-regular",
        "imgName": "170704.jpg",
        "imgSrc": "https://cdn0.woolworths.media/content/wowproductimages/medium/170704.jpg",
        "name": "Poise Liners Regular 26pk",
        "price": 4.29,
        "unitPrice": "$0.17 / 1EA"
    },
    {
        "category": "health-beauty",
        "href": "https://www.woolworths.com.au/shop/productdetails/203678/advil-capsules-liquid",
        "imgName": "203678.jpg",
        "imgSrc": "https://cdn0.woolworths.media/content/wowproductimages/medium/203678.jpg",
        "name": "Advil Capsules Liquid 20pk",
        "price": 5,
        "unitPrice": "$0.25 / 1EA"
    },
    {
        "category": "health-beauty",
        "href": "https://www.woolworths.com.au/shop/productdetails/231249/oscar-orsen-hair-claw-grip",
        "imgName": "231249.jpg",
        "imgSrc": "https://cdn0.woolworths.media/content/wowproductimages/medium/231249.jpg",
        "name": "Oscar Orsen Hair Claw Grip each",
        "price": 5.25
    },
    {
        "category": "health-beauty",
        "href": "https://www.woolworths.com.au/shop/productdetails/228483/blackmores-for-women-nails-hair-skin-tablets",
        "imgName": "228483.jpg",
        "imgSrc": "https://cdn0.woolworths.media/content/wowproductimages/medium/228483.jpg",
        "name": "Blackmores For Women Nails Hair & Skin Tablets 60pk",
        "price": 15.5,
        "unitPrice": "$25.83 / 100EA"
    },
    {
        "category": "health-beauty",
        "href": "https://www.woolworths.com.au/shop/productdetails/231059/woolworths-select-hair-brush-pad-small",
        "imgName": "231059.jpg",
        "imgSrc": "https://cdn0.woolworths.media/content/wowproductimages/medium/231059.jpg",
        "name": "Woolworths Select Hair Brush Pad Small 1pk",
        "price": 5.29
    },
    {
        "category": "health-beauty",
        "href": "https://www.woolworths.com.au/shop/productdetails/217314/atkins-advantage-bar-chocolate-decadence",
        "imgName": "217314.jpg",
        "imgSrc": "https://cdn0.woolworths.media/content/wowproductimages/medium/217314.jpg",
        "name": "Atkins Advantage Bar Chocolate Decadence 60g",
        "price": 4.5,
        "unitPrice": "$7.50 / 100G"
    },
    {
        "category": "health-beauty",
        "href": "https://www.woolworths.com.au/shop/productdetails/232636/clairol-nice-n-easy-root-touch-up-6g-light-golden-brown",
        "imgName": "232636.jpg",
        "imgSrc": "https://cdn0.woolworths.media/content/wowproductimages/medium/232636.jpg",
        "name": "Clairol Nice N Easy Root Touch-up 6g Light Golden Brown each",
        "price": 13
    },
    {
        "category": "health-beauty",
        "href": "https://www.woolworths.com.au/shop/productdetails/273042/lemsip-tablets-deconges-lemon",
        "imgName": "273042.jpg",
        "imgSrc": "https://cdn0.woolworths.media/content/wowproductimages/medium/273042.jpg",
        "name": "Lemsip Tablets Deconges Lemon 10pk",
        "price": 13,
        "unitPrice": "$1.30 / 1EA"
    },
    {
        "category": "health-beauty",
        "href": "https://www.woolworths.com.au/shop/productdetails/256991/femfresh-intimate-hygiene-feminine-wipes",
        "imgName": "256991.jpg",
        "imgSrc": "https://cdn0.woolworths.media/content/wowproductimages/medium/256991.jpg",
        "name": "Femfresh Intimate Hygiene Feminine Wipes 20pk",
        "price": 6.65,
        "unitPrice": "$0.33 / 1EA"
    },
    {
        "category": "health-beauty",
        "href": "https://www.woolworths.com.au/shop/productdetails/319785/nailene-full-nail-cover-square",
        "imgName": "319785.jpg",
        "imgSrc": "https://cdn0.woolworths.media/content/wowproductimages/medium/319785.jpg",
        "name": "Nailene Full Nail Cover Square 200pk",
        "price": 14.99,
        "unitPrice": "$0.07 / 1EA"
    },
    {
        "category": "health-beauty",
        "href": "https://www.woolworths.com.au/shop/productdetails/321461/nicabate-quit-smoking-lozenges-mini-4mg",
        "imgName": "321461.jpg",
        "imgSrc": "https://cdn0.woolworths.media/content/wowproductimages/medium/321461.jpg",
        "name": "Nicabate Quit Smoking Lozenges Mini 4mg 20pk",
        "price": 12.79,
        "unitPrice": "$0.64 / 1EA"
    },
    {
        "category": "health-beauty",
        "href": "https://www.woolworths.com.au/shop/productdetails/313703/eureka-tea-tree-oil-20-",
        "imgName": "313703.jpg",
        "imgSrc": "https://cdn0.woolworths.media/content/wowproductimages/medium/313703.jpg",
        "name": "Eureka Tea Tree Oil 20% 200ml",
        "price": 7.8,
        "unitPrice": "$3.90 / 100ML"
    },
    {
        "category": "health-beauty",
        "href": "https://www.woolworths.com.au/shop/productdetails/336212/organic-care-kids-hair-care-detangling-spray",
        "imgName": "336212.jpg",
        "imgSrc": "https://cdn0.woolworths.media/content/wowproductimages/medium/336212.jpg",
        "name": "Organic Care Kids Hair Care Detangling Spray 250ml",
        "price": 3.9,
        "unitPrice": "$1.56 / 100ML"
    },
    {
        "category": "health-beauty",
        "href": "https://www.woolworths.com.au/shop/productdetails/281271/bounce-natural-energy-ball-peanut",
        "imgName": "281271.jpg",
        "imgSrc": "https://cdn0.woolworths.media/content/wowproductimages/medium/281271.jpg",
        "name": "Bounce Natural Energy Ball Peanut 49g",
        "price": 3,
        "unitPrice": "$6.12 / 100G"
    },
    {
        "category": "health-beauty",
        "href": "https://www.woolworths.com.au/shop/productdetails/283171/sensodyne-total-care-toothpaste-whitening",
        "imgName": "283171.jpg",
        "imgSrc": "https://cdn0.woolworths.media/content/wowproductimages/medium/283171.jpg",
        "name": "Sensodyne Total Care Toothpaste Whitening 110g",
        "price": 9.2,
        "unitPrice": "$8.36 / 100G"
    },
    {
        "category": "health-beauty",
        "href": "https://www.woolworths.com.au/shop/productdetails/298584/oscar-orsen-large-snagless-hair-elastics-brown",
        "imgName": "298584.jpg",
        "imgSrc": "https://cdn0.woolworths.media/content/wowproductimages/medium/298584.jpg",
        "name": "Oscar Orsen Large Snagless Hair Elastics Brown 30 pack",
        "price": 6
    },
    {
        "category": "health-beauty",
        "href": "https://www.woolworths.com.au/shop/productdetails/321489/gaviscon-antacids-dual-action",
        "imgName": "321489.jpg",
        "imgSrc": "https://cdn0.woolworths.media/content/wowproductimages/medium/321489.jpg",
        "name": "Gaviscon Antacids Dual Action 16pk",
        "price": 5.7,
        "unitPrice": "$0.36 / 1EA"
    },
    {
        "category": "health-beauty",
        "href": "https://www.woolworths.com.au/shop/productdetails/316019/pantene-pro-v-3-minute-miracle-intensive-treatment-program",
        "imgName": "316019.jpg",
        "imgSrc": "https://cdn0.woolworths.media/content/wowproductimages/medium/316019.jpg",
        "name": "Pantene Pro-v 3 Minute Miracle Intensive Treatment Program 3x15ml",
        "price": 9,
        "unitPrice": "$20.00 / 100ML"
    },
    {
        "category": "health-beauty",
        "href": "https://www.woolworths.com.au/shop/productdetails/426901/grants-toothpaste-mild-mint",
        "imgName": "426901.jpg",
        "imgSrc": "https://cdn0.woolworths.media/content/wowproductimages/medium/426901.jpg",
        "name": "Grants Toothpaste Mild Mint 110g",
        "price": 3.29,
        "unitPrice": "$2.99 / 100G"
    },
    {
        "category": "health-beauty",
        "href": "https://www.woolworths.com.au/shop/productdetails/363875/oscar-orsen-extra-hold-bobby-pins-brown",
        "imgName": "363875.jpg",
        "imgSrc": "https://cdn0.woolworths.media/content/wowproductimages/medium/363875.jpg",
        "name": "Oscar Orsen Extra Hold Bobby Pins Brown 80 pack",
        "price": 4.5,
        "unitPrice": "$0.06 / 1EA"
    },
    {
        "category": "health-beauty",
        "href": "https://www.woolworths.com.au/shop/productdetails/364482/nivea-creme-soft-soap-bar",
        "imgName": "364482.jpg",
        "imgSrc": "https://cdn0.woolworths.media/content/wowproductimages/medium/364482.jpg",
        "name": "Nivea Creme Soft Soap Bar  2x100g",
        "price": 3.99,
        "unitPrice": "$2.00 / 100G"
    },
    {
        "category": "health-beauty",
        "href": "https://www.woolworths.com.au/shop/productdetails/329373/nivea-body-moisturiser-rich-nourishing-body-lotion",
        "imgName": "329373.jpg",
        "imgSrc": "https://cdn0.woolworths.media/content/wowproductimages/medium/329373.jpg",
        "name": "Nivea Body Moisturiser Rich Nourishing Body Lotion 250ml",
        "price": 5.59,
        "unitPrice": "$2.24 / 100ML"
    },
    {
        "category": "health-beauty",
        "href": "https://www.woolworths.com.au/shop/productdetails/440479/dr-pickles-tattoo-balm-tube",
        "imgName": "440479.jpg",
        "imgSrc": "https://cdn0.woolworths.media/content/wowproductimages/medium/440479.jpg",
        "name": "Dr Pickles Tattoo Balm Tube 75g",
        "price": 11.45,
        "unitPrice": "$15.27 / 100G"
    },
    {
        "category": "health-beauty",
        "href": "https://www.woolworths.com.au/shop/productdetails/460977/ostelin-vitamin-d-calcium",
        "imgName": "460977.jpg",
        "imgSrc": "https://cdn0.woolworths.media/content/wowproductimages/medium/460977.jpg",
        "name": "Ostelin Vitamin D & Calcium  180 capsules",
        "price": 28,
        "unitPrice": "$15.56 / 100EA"
    },
    {
        "category": "health-beauty",
        "href": "https://www.woolworths.com.au/shop/productdetails/484628/organic-care-foaming-hand-wash-coconut-water",
        "imgName": "484628.jpg",
        "imgSrc": "https://cdn0.woolworths.media/content/wowproductimages/medium/484628.jpg",
        "name": "Organic Care Foaming Hand Wash Coconut Water 250ml",
        "price": 3.99,
        "unitPrice": "$1.60 / 100ML"
    },
    {
        "category": "health-beauty",
        "href": "https://www.woolworths.com.au/shop/productdetails/495449/vitaustralia-emu-oil-cream",
        "imgName": "495449.jpg",
        "imgSrc": "https://cdn0.woolworths.media/content/wowproductimages/medium/495449.jpg",
        "name": "Vitaustralia Emu Oil Cream  250g",
        "price": 3.49,
        "unitPrice": "$1.40 / 100G"
    },
    {
        "category": "health-beauty",
        "href": "https://www.woolworths.com.au/shop/productdetails/473053/so-body-spray",
        "imgName": "473053.jpg",
        "imgSrc": "https://cdn0.woolworths.media/content/wowproductimages/medium/473053.jpg",
        "name": "So Body Spray  150ml",
        "price": 5,
        "unitPrice": "$3.33 / 100ML"
    },
    {
        "category": "health-beauty",
        "href": "https://www.woolworths.com.au/shop/productdetails/490996/taft-full-on-hair-wax-glued-water-resistant",
        "imgName": "490996.jpg",
        "imgSrc": "https://cdn0.woolworths.media/content/wowproductimages/medium/490996.jpg",
        "name": "Taft Full On Hair Wax Glued Water Resistant 150ml",
        "price": 8,
        "unitPrice": "$5.33 / 100ML"
    },
    {
        "category": "health-beauty",
        "href": "https://www.woolworths.com.au/shop/productdetails/581152/all-smiles-total-care-dental-floss",
        "imgName": "581152.jpg",
        "imgSrc": "https://cdn0.woolworths.media/content/wowproductimages/medium/581152.jpg",
        "name": "All Smiles Total Care Dental Floss  50m",
        "price": 3,
        "unitPrice": "$0.06 / 1M"
    },
    {
        "category": "health-beauty",
        "href": "https://www.woolworths.com.au/shop/productdetails/610125/rimmel-london-insta-fix-go-primer-setting-spray",
        "imgName": "610125.jpg",
        "imgSrc": "https://cdn0.woolworths.media/content/wowproductimages/medium/610125.jpg",
        "name": "Rimmel London Insta Fix & Go Primer & Setting Spray 100ml",
        "price": 14,
        "unitPrice": "$14.00 / 100ML"
    },
    {
        "category": "health-beauty",
        "href": "https://www.woolworths.com.au/shop/productdetails/733564/nicorette-quit-smoking-quick-mistspray",
        "imgName": "733564.jpg",
        "imgSrc": "https://cdn0.woolworths.media/content/wowproductimages/medium/733564.jpg",
        "name": "Nicorette Quit Smoking Quick Mistspray 13.2ml",
        "price": 40,
        "unitPrice": "$40.00 / 1EA"
    },
    {
        "category": "health-beauty",
        "href": "https://www.woolworths.com.au/shop/productdetails/720380/elastoplast-bandage-conforming-unstretched-7-5cm-x-1-5m",
        "imgName": "720380.jpg",
        "imgSrc": "https://cdn0.woolworths.media/content/wowproductimages/medium/720380.jpg",
        "name": "Elastoplast Bandage Conforming Unstretched 7.5cm X 1.5m 1pk",
        "price": 4.25,
        "unitPrice": "$4.25 / 1EA"
    },
    {
        "category": "health-beauty",
        "href": "https://www.woolworths.com.au/shop/productdetails/728221/woolworths-select-incontinence-extra-plus-pads",
        "imgName": "728221.jpg",
        "imgSrc": "https://cdn0.woolworths.media/content/wowproductimages/medium/728221.jpg",
        "name": "Woolworths Select Incontinence Extra Plus Pads 12pk",
        "price": 4.49,
        "unitPrice": "$0.37 / 1EA"
    },
    {
        "category": "health-beauty",
        "href": "https://www.woolworths.com.au/shop/productdetails/748331/rexona-women-antiperspirant-deodorant-spray-invisible-dry-aqua",
        "imgName": "748331.jpg",
        "imgSrc": "https://cdn0.woolworths.media/content/wowproductimages/medium/748331.jpg",
        "name": "Rexona Women Antiperspirant Deodorant Spray Invisible Dry Aqua 150ml",
        "price": 5,
        "unitPrice": "$3.33 / 100ML"
    },
    {
        "category": "health-beauty",
        "href": "https://www.woolworths.com.au/shop/productdetails/707775/hairy-lemon-effervescent-tablets",
        "imgName": "707775.jpg",
        "imgSrc": "https://cdn0.woolworths.media/content/wowproductimages/medium/707775.jpg",
        "name": "Hairy Lemon Effervescent Tablets 40pk",
        "price": 14,
        "unitPrice": "$35.00 / 100EA"
    },
    {
        "category": "health-beauty",
        "href": "https://www.woolworths.com.au/shop/productdetails/740552/poise-pads-regular",
        "imgName": "740552.jpg",
        "imgSrc": "https://cdn0.woolworths.media/content/wowproductimages/medium/740552.jpg",
        "name": "Poise Pads Regular 16pk",
        "price": 6,
        "unitPrice": "$0.38 / 1EA"
    },
    {
        "category": "health-beauty",
        "href": "https://www.woolworths.com.au/shop/productdetails/754728/brut-body-wash-endurance",
        "imgName": "754728.jpg",
        "imgSrc": "https://cdn0.woolworths.media/content/wowproductimages/medium/754728.jpg",
        "name": "Brut Body Wash Endurance 400ml",
        "price": 6.3,
        "unitPrice": "$1.58 / 100ML"
    },
    {
        "category": "health-beauty",
        "href": "https://www.woolworths.com.au/shop/productdetails/755870/eureka-oil-eucalyptus-solution",
        "imgName": "755870.jpg",
        "imgSrc": "https://cdn0.woolworths.media/content/wowproductimages/medium/755870.jpg",
        "name": "Eureka Oil Eucalyptus Solution 500ml",
        "price": 11.5,
        "unitPrice": "$2.30 / 100ML"
    },
    {
        "category": "health-beauty",
        "href": "https://www.woolworths.com.au/shop/productdetails/780010/centrum-for-men-50-",
        "imgName": "780010.jpg",
        "imgSrc": "https://cdn0.woolworths.media/content/wowproductimages/medium/780010.jpg",
        "name": "Centrum For Men 50+  60pk",
        "price": 20,
        "unitPrice": "$33.33 / 100EA"
    },
    {
        "category": "health-beauty",
        "href": "https://www.woolworths.com.au/shop/productdetails/749467/nivea-for-men-deodorant-aerosol-silver-protect",
        "imgName": "749467.jpg",
        "imgSrc": "https://cdn0.woolworths.media/content/wowproductimages/medium/749467.jpg",
        "name": "Nivea For Men Deodorant Aerosol Silver Protect 153g",
        "price": 6.5,
        "unitPrice": "$2.60 / 100ML"
    },
    {
        "category": "health-beauty",
        "href": "https://www.woolworths.com.au/shop/productdetails/771915/blackmores-horseradish-garlic-plus",
        "imgName": "771915.jpg",
        "imgSrc": "https://cdn0.woolworths.media/content/wowproductimages/medium/771915.jpg",
        "name": "Blackmores Horseradish Garlic Plus  50pk",
        "price": 17.5,
        "unitPrice": "$35.00 / 100EA"
    },
    {
        "category": "health-beauty",
        "href": "https://www.woolworths.com.au/shop/productdetails/780668/vitaustralia-bio-magnesium-600mg",
        "imgName": "780668.jpg",
        "imgSrc": "https://cdn0.woolworths.media/content/wowproductimages/medium/780668.jpg",
        "name": "Vitaustralia Bio Magnesium 600mg 90 capsules",
        "price": 10,
        "unitPrice": "$11.11 / 100EA"
    },
    {
        "category": "health-beauty",
        "href": "https://www.woolworths.com.au/shop/productdetails/789105/modelco-eye-liner-define-crayon",
        "imgName": "789105.jpg",
        "imgSrc": "https://cdn0.woolworths.media/content/wowproductimages/medium/789105.jpg",
        "name": "Modelco Eye Liner Define Crayon each",
        "price": 12.95,
        "unitPrice": "$518.00 / 10G"
    },
    {
        "category": "health-beauty",
        "href": "https://www.woolworths.com.au/shop/productdetails/934950/star-wars-squirt-loofah-assorted",
        "imgName": "934950.jpg",
        "imgSrc": "https://cdn0.woolworths.media/content/wowproductimages/medium/934950.jpg",
        "name": "Star Wars Squirt Loofah Assorted each",
        "price": 2.99
    },
    {
        "category": "health-beauty",
        "href": "https://www.woolworths.com.au/shop/productdetails/942010/nature-s-way-adult-vita-gummies-hair-skin-nails",
        "imgName": "942010.jpg",
        "imgSrc": "https://cdn0.woolworths.media/content/wowproductimages/medium/942010.jpg",
        "name": "Nature's Way Adult Vita Gummies Hair Skin & Nails 60ea",
        "price": 20,
        "unitPrice": "$33.33 / 100EA"
    },
    {
        "category": "health-beauty",
        "href": "https://www.woolworths.com.au/shop/productdetails/637743/hello-kitty-3d-bow-ties",
        "imgName": "637743.jpg",
        "imgSrc": "https://cdn0.woolworths.media/content/wowproductimages/medium/637743.jpg",
        "name": "Hello Kitty 3d Bow Ties  6pk",
        "price": 8
    },
    {
        "category": "health-beauty",
        "href": "https://www.woolworths.com.au/shop/productdetails/505902/balnea-pumice-stone-rubber-grip",
        "imgName": "505902.jpg",
        "imgSrc": "https://cdn0.woolworths.media/content/wowproductimages/medium/505902.jpg",
        "name": "Balnea Pumice Stone Rubber Grip 1pk",
        "price": 4,
        "unitPrice": "$4.00 / 1EA"
    },
    {
        "category": "health-beauty",
        "href": "https://www.woolworths.com.au/shop/productdetails/640256/nivea-men-deodorant-twin-pack-stress-protect",
        "imgName": "640256.jpg",
        "imgSrc": "https://cdn0.woolworths.media/content/wowproductimages/medium/640256.jpg",
        "name": "Nivea Men Deodorant Twin Pack Stress Protect 250ml",
        "price": 10,
        "unitPrice": "$4.00 / 100ML"
    },
    {
        "category": "health-beauty",
        "href": "https://www.woolworths.com.au/shop/productdetails/612648/sally-hansen-hard-as-nails-xtreme-wear-mauve-over",
        "imgName": "612648.jpg",
        "imgSrc": "https://cdn0.woolworths.media/content/wowproductimages/medium/612648.jpg",
        "name": "Sally Hansen Hard As Nails Xtreme Wear Mauve Over 11.8ml",
        "price": 6.95,
        "unitPrice": "$5.89 / 10ML"
    },
    {
        "category": "health-beauty",
        "href": "https://www.woolworths.com.au/shop/productdetails/601150/ogx-coconut-miracle-oil-conditioner",
        "imgName": "601150.jpg",
        "imgSrc": "https://cdn0.woolworths.media/content/wowproductimages/medium/601150.jpg",
        "name": "Ogx Coconut Miracle Oil Conditioner 385ml",
        "price": 18,
        "unitPrice": "$4.68 / 100ML"
    },
    {
        "category": "health-beauty",
        "href": "https://www.woolworths.com.au/shop/productdetails/505901/balnea-nail-brush-double-sided",
        "imgName": "505901.jpg",
        "imgSrc": "https://cdn0.woolworths.media/content/wowproductimages/medium/505901.jpg",
        "name": "Balnea Nail Brush Double Sided 1ea",
        "price": 2,
        "unitPrice": "$2.00 / 1EA"
    },
    {
        "category": "health-beauty",
        "href": "https://www.woolworths.com.au/shop/productdetails/661457/quitnits-head-lice-solution",
        "imgName": "661457.jpg",
        "imgSrc": "https://cdn0.woolworths.media/content/wowproductimages/medium/661457.jpg",
        "name": "Quitnits Head Lice Solution 125ml",
        "price": 23.5,
        "unitPrice": "$18.80 / 100ML"
    },
    {
        "category": "health-beauty",
        "href": "https://www.woolworths.com.au/shop/productdetails/505894/balnea-exfoliating-gloves",
        "imgName": "505894.jpg",
        "imgSrc": "https://cdn0.woolworths.media/content/wowproductimages/medium/505894.jpg",
        "name": "Balnea Exfoliating Gloves  1ea",
        "price": 3.8,
        "unitPrice": "$3.80 / 1EA"
    },
    {
        "category": "health-beauty",
        "href": "https://www.woolworths.com.au/shop/productdetails/630647/neutrogena-hydro-boost-cleanser-water-gel",
        "imgName": "630647.jpg",
        "imgSrc": "https://cdn0.woolworths.media/content/wowproductimages/medium/630647.jpg",
        "name": "Neutrogena Hydro Boost Cleanser Water Gel 145ml",
        "price": 16,
        "unitPrice": "$11.03 / 100ML"
    },
    {
        "category": "health-beauty",
        "href": "https://www.woolworths.com.au/shop/productdetails/639490/v-italia-body-spray-fresh",
        "imgName": "639490.jpg",
        "imgSrc": "https://cdn0.woolworths.media/content/wowproductimages/medium/639490.jpg",
        "name": "V Italia Body Spray Fresh 150ml",
        "price": 7,
        "unitPrice": "$4.67 / 100ML"
    },
    {
        "category": "health-beauty",
        "href": "https://www.woolworths.com.au/shop/productdetails/469226/extra-care-body-texture-hair-spray",
        "imgName": "469226.jpg",
        "imgSrc": "https://cdn0.woolworths.media/content/wowproductimages/medium/469226.jpg",
        "name": "Extra Care Body & Texture Hair Spray 250g",
        "price": 7,
        "unitPrice": "$2.80 / 100G"
    },
    {
        "category": "health-beauty",
        "href": "https://www.woolworths.com.au/shop/productdetails/798257/musashi-p8-mini-bar-choc-fudge",
        "imgName": "798257.jpg",
        "imgSrc": "https://cdn0.woolworths.media/content/wowproductimages/medium/798257.jpg",
        "name": "Musashi P8 Mini Bar Choc Fudge  30g",
        "price": 2.5,
        "unitPrice": "$8.33 / 100G"
    },
    {
        "category": "health-beauty",
        "href": "https://www.woolworths.com.au/shop/productdetails/584314/ecostore-eco-kids-3-in-1-pear",
        "imgName": "584314.jpg",
        "imgSrc": "https://cdn0.woolworths.media/content/wowproductimages/medium/584314.jpg",
        "name": "Ecostore Eco Kids 3 In 1 Pear 350ml",
        "price": 10,
        "unitPrice": "$2.86 / 100ML"
    },
    {
        "category": "health-beauty",
        "href": "https://www.woolworths.com.au/shop/productdetails/650328/herbal-essences-repair-argan-oil-shampoo",
        "imgName": "650328.jpg",
        "imgSrc": "https://cdn0.woolworths.media/content/wowproductimages/medium/650328.jpg",
        "name": "Herbal Essences Repair Argan Oil Shampoo 400ml",
        "price": 12,
        "unitPrice": "$3.00 / 100ML"
    },
    {
        "category": "health-beauty",
        "href": "https://www.woolworths.com.au/shop/productdetails/589539/extra-care-treatment-marrakesh-oil",
        "imgName": "589539.jpg",
        "imgSrc": "https://cdn0.woolworths.media/content/wowproductimages/medium/589539.jpg",
        "name": "Extra Care Treatment Marrakesh Oil 80ml",
        "price": 11,
        "unitPrice": "$13.75 / 100ML"
    },
    {
        "category": "health-beauty",
        "href": "https://www.woolworths.com.au/shop/productdetails/505886/balnea-hand-sanitiser",
        "imgName": "505886.jpg",
        "imgSrc": "https://cdn0.woolworths.media/content/wowproductimages/medium/505886.jpg",
        "name": "Balnea Hand Sanitiser  50ml",
        "price": 2,
        "unitPrice": "$2.00 / 50ML"
    },
    {
        "category": "health-beauty",
        "href": "https://www.woolworths.com.au/shop/productdetails/633789/le-tan-uber-dark-ash",
        "imgName": "633789.jpg",
        "imgSrc": "https://cdn0.woolworths.media/content/wowproductimages/medium/633789.jpg",
        "name": "Le Tan Uber Dark Ash 200ml",
        "price": 25,
        "unitPrice": "$12.50 / 100ML"
    },
    {
        "category": "health-beauty",
        "href": "https://www.woolworths.com.au/shop/productdetails/505895/balnea-bath-sponge",
        "imgName": "505895.jpg",
        "imgSrc": "https://cdn0.woolworths.media/content/wowproductimages/medium/505895.jpg",
        "name": "Balnea Bath Sponge  1ea",
        "price": 2.5,
        "unitPrice": "$2.50 / 1EA"
    },
    {
        "category": "health-beauty",
        "href": "https://www.woolworths.com.au/shop/productdetails/505848/balnea-exfoliating-coconut-body-wash",
        "imgName": "505848.jpg",
        "imgSrc": "https://cdn0.woolworths.media/content/wowproductimages/medium/505848.jpg",
        "name": "Balnea Exfoliating Coconut Body Wash 1l",
        "price": 4,
        "unitPrice": "$0.40 / 100ML"
    },
    {
        "category": "health-beauty",
        "href": "https://www.woolworths.com.au/shop/productdetails/608966/oscar-orsen-kids-polyband-assorted",
        "imgName": "608966.jpg",
        "imgSrc": "https://cdn0.woolworths.media/content/wowproductimages/medium/608966.jpg",
        "name": "Oscar Orsen Kids Polyband Assorted 60 pack",
        "price": 4.5
    },
    {
        "category": "health-beauty",
        "href": "https://www.woolworths.com.au/shop/productdetails/748322/rexona-women-antiperspirant-deodorant-spray-delicious",
        "imgName": "748322.jpg",
        "imgSrc": "https://cdn0.woolworths.media/content/wowproductimages/medium/748322.jpg",
        "name": "Rexona Women Antiperspirant Deodorant Spray Delicious 150ml",
        "price": 5,
        "unitPrice": "$3.33 / 100ML"
    },
    {
        "category": "health-beauty",
        "href": "https://www.woolworths.com.au/shop/productdetails/608940/oscar-orsen-mini-bobby-pins-blonde",
        "imgName": "608940.jpg",
        "imgSrc": "https://cdn0.woolworths.media/content/wowproductimages/medium/608940.jpg",
        "name": "Oscar Orsen Mini Bobby Pins Blonde 36 pack",
        "price": 3
    },
    {
        "category": "health-beauty",
        "href": "https://www.woolworths.com.au/shop/productdetails/626739/clif-bar-cool-mint-chocolate-energy-bar",
        "imgName": "626739.jpg",
        "imgSrc": "https://cdn0.woolworths.media/content/wowproductimages/medium/626739.jpg",
        "name": "Clif Bar Cool Mint Chocolate Energy Bar 68g",
        "price": 2.95,
        "unitPrice": "$4.34 / 100G"
    },
    {
        "category": "health-beauty",
        "href": "https://www.woolworths.com.au/shop/productdetails/601340/voeu-normal-combination-skin-moisturiser",
        "imgName": "601340.jpg",
        "imgSrc": "https://cdn0.woolworths.media/content/wowproductimages/medium/601340.jpg",
        "name": "Voeu Normal Combination Skin Moisturiser 150ml",
        "price": 4,
        "unitPrice": "$2.67 / 100ML"
    },
    {
        "category": "health-beauty",
        "href": "https://www.woolworths.com.au/shop/productdetails/598606/joico-kpak-intense-hydrator",
        "imgName": "598606.jpg",
        "imgSrc": "https://cdn0.woolworths.media/content/wowproductimages/medium/598606.jpg",
        "name": "Joico Kpak Intense Hydrator  250ml",
        "price": 20,
        "unitPrice": "$8.00 / 100ML"
    },
    {
        "category": "health-beauty",
        "href": "https://www.woolworths.com.au/shop/productdetails/631563/nivea-express-hydrating-primer-dry-skin",
        "imgName": "631563.jpg",
        "imgSrc": "https://cdn0.woolworths.media/content/wowproductimages/medium/631563.jpg",
        "name": "Nivea Express Hydrating Primer Dry Skin 50ml",
        "price": 13,
        "unitPrice": "$26.00 / 100ML"
    },
    {
        "category": "health-beauty",
        "href": "https://www.woolworths.com.au/shop/productdetails/581154/all-smiles-toothbrush-soft",
        "imgName": "581154.jpg",
        "imgSrc": "https://cdn0.woolworths.media/content/wowproductimages/medium/581154.jpg",
        "name": "All Smiles Toothbrush Soft 2pk",
        "price": 2,
        "unitPrice": "$1.00 / 1EA"
    },
    {
        "category": "health-beauty",
        "href": "https://www.woolworths.com.au/shop/productdetails/825576/sally-hansen-nail-polish-right-said-red",
        "imgName": "825576.jpg",
        "imgSrc": "https://cdn0.woolworths.media/content/wowproductimages/medium/825576.jpg",
        "name": "Sally Hansen Nail Polish Right Said Red each",
        "price": 14.95,
        "unitPrice": "$10.17 / 10ML"
    },
    {
        "category": "health-beauty",
        "href": "https://www.woolworths.com.au/shop/productdetails/606734/l-oreal-paris-detox-clay-mask",
        "imgName": "606734.jpg",
        "imgSrc": "https://cdn0.woolworths.media/content/wowproductimages/medium/606734.jpg",
        "name": "L'oreal Paris Detox Clay Mask  150ml",
        "price": 6,
        "unitPrice": "$4.00 / 100ML"
    },
    {
        "category": "health-beauty",
        "href": "https://www.woolworths.com.au/shop/productdetails/732907/primal-earth-moisturiser-spf15",
        "imgName": "732907.jpg",
        "imgSrc": "https://cdn0.woolworths.media/content/wowproductimages/medium/732907.jpg",
        "name": "Primal Earth Moisturiser Spf15 75ml",
        "price": 13,
        "unitPrice": "$17.33 / 100ML"
    },
    {
        "category": "health-beauty",
        "href": "https://www.woolworths.com.au/shop/productdetails/825573/sally-hansen-nail-polish-shall-we-dance",
        "imgName": "825573.jpg",
        "imgSrc": "https://cdn0.woolworths.media/content/wowproductimages/medium/825573.jpg",
        "name": "Sally Hansen Nail Polish Shall We Dance each",
        "price": 14.95,
        "unitPrice": "$10.17 / 10ML"
    },
    {
        "category": "health-beauty",
        "href": "https://www.woolworths.com.au/shop/productdetails/220006/swisspers-cotton-tips",
        "imgName": "220006.jpg",
        "imgSrc": "https://cdn0.woolworths.media/content/wowproductimages/medium/220006.jpg",
        "name": "Swisspers Cotton Tips  400pk",
        "price": 5.5,
        "unitPrice": "$1.38 / 100EA"
    },
    {
        "category": "health-beauty",
        "href": "https://www.woolworths.com.au/shop/productdetails/505849/balnea-hydrating-body-wash",
        "imgName": "505849.jpg",
        "imgSrc": "https://cdn0.woolworths.media/content/wowproductimages/medium/505849.jpg",
        "name": "Balnea Hydrating Body Wash  1l",
        "price": 4,
        "unitPrice": "$0.40 / 100ML"
    },
    {
        "category": "health-beauty",
        "href": "https://www.woolworths.com.au/shop/productdetails/581409/colgate-advanced-whitening-toothpaste",
        "imgName": "581409.jpg",
        "imgSrc": "https://cdn0.woolworths.media/content/wowproductimages/medium/581409.jpg",
        "name": "Colgate Advanced Whitening Toothpaste 190g",
        "price": 7,
        "unitPrice": "$3.68 / 100G"
    },
    {
        "category": "health-beauty",
        "href": "https://www.woolworths.com.au/shop/productdetails/720583/audiclean-ear-wash-ear-wax-remover",
        "imgName": "720583.jpg",
        "imgSrc": "https://cdn0.woolworths.media/content/wowproductimages/medium/720583.jpg",
        "name": "Audiclean Ear Wash Ear Wax Remover 12ml",
        "price": 10.15,
        "unitPrice": "$84.58 / 100ML"
    },
    {
        "category": "health-beauty",
        "href": "https://www.woolworths.com.au/shop/productdetails/615088/manicare-cuticle-nail-trimmer-381",
        "imgName": "615088.jpg",
        "imgSrc": "https://cdn0.woolworths.media/content/wowproductimages/medium/615088.jpg",
        "name": "Manicare Cuticle Nail Trimmer 381  each",
        "price": 30
    },
    {
        "category": "health-beauty",
        "href": "https://www.woolworths.com.au/shop/productdetails/600474/bsc-high-protein-low-carb-bar-rocky-road",
        "imgName": "600474.jpg",
        "imgSrc": "https://cdn0.woolworths.media/content/wowproductimages/medium/600474.jpg",
        "name": "Bsc High Protein Low Carb Bar Rocky Road 60g",
        "price": 4,
        "unitPrice": "$6.67 / 100G"
    },
    {
        "category": "health-beauty",
        "href": "https://www.woolworths.com.au/shop/productdetails/631242/body-trim-meal-replacement-shake-chocolate",
        "imgName": "631242.jpg",
        "imgSrc": "https://cdn0.woolworths.media/content/wowproductimages/medium/631242.jpg",
        "name": "Body Trim Meal Replacement Shake Chocolate 495g",
        "price": 20,
        "unitPrice": "$4.04 / 100G"
    },
    {
        "category": "health-beauty",
        "href": "https://www.woolworths.com.au/shop/productdetails/770104/oral-b-pro-health-anti-plaque-mouth-rinse-multi-protection-refreshing",
        "imgName": "770104.jpg",
        "imgSrc": "https://cdn0.woolworths.media/content/wowproductimages/medium/770104.jpg",
        "name": "Oral-b Pro Health Anti Plaque Mouth Rinse Multi Protection Refreshing 500ml",
        "price": 7.5,
        "unitPrice": "$1.50 / 100ML"
    },
    {
        "category": "health-beauty",
        "href": "https://www.woolworths.com.au/shop/productdetails/798017/fat-blaster-super-shake-vanilla",
        "imgName": "798017.jpg",
        "imgSrc": "https://cdn0.woolworths.media/content/wowproductimages/medium/798017.jpg",
        "name": "Fat Blaster Super Shake Vanilla 430g",
        "price": 20,
        "unitPrice": "$4.65 / 100G"
    },
    {
        "category": "health-beauty",
        "href": "https://www.woolworths.com.au/shop/productdetails/383350/nivea-sun-spf-30-sunscreen-light-feel",
        "imgName": "383350.jpg",
        "imgSrc": "https://cdn0.woolworths.media/content/wowproductimages/medium/383350.jpg",
        "name": "Nivea Sun Spf 30+ Sunscreen Light Feel 200ml",
        "price": 16,
        "unitPrice": "$8.00 / 100ML"
    },
    {
        "category": "health-beauty",
        "href": "https://www.woolworths.com.au/shop/productdetails/604448/pain-away-heat-plus-pain-relief-cream",
        "imgName": "604448.jpg",
        "imgSrc": "https://cdn0.woolworths.media/content/wowproductimages/medium/604448.jpg",
        "name": "Pain Away Heat Plus Pain Relief Cream 70g",
        "price": 20,
        "unitPrice": "$28.57 / 100G"
    },
    {
        "category": "health-beauty",
        "href": "https://www.woolworths.com.au/shop/productdetails/633728/neutrogena-sheer-zinc-face-lotion-spf-50",
        "imgName": "633728.jpg",
        "imgSrc": "https://cdn0.woolworths.media/content/wowproductimages/medium/633728.jpg",
        "name": "Neutrogena Sheer Zinc Face Lotion Spf 50 59ml",
        "price": 20,
        "unitPrice": "$33.90 / 100ML"
    },
    {
        "category": "health-beauty",
        "href": "https://www.woolworths.com.au/shop/productdetails/633837/le-tan-uber-dark-green",
        "imgName": "633837.jpg",
        "imgSrc": "https://cdn0.woolworths.media/content/wowproductimages/medium/633837.jpg",
        "name": "Le Tan Uber Dark Green 200ml",
        "price": 25,
        "unitPrice": "$12.50 / 100ML"
    },
    {
        "category": "health-beauty",
        "href": "https://www.woolworths.com.au/shop/productdetails/748057/oral-b-fluoride-toothpaste-fresh-mint-gel",
        "imgName": "748057.jpg",
        "imgSrc": "https://cdn0.woolworths.media/content/wowproductimages/medium/748057.jpg",
        "name": "Oral-b Fluoride Toothpaste Fresh Mint Gel 160g",
        "price": 3,
        "unitPrice": "$1.88 / 100G"
    },
    {
        "category": "health-beauty",
        "href": "https://www.woolworths.com.au/shop/productdetails/31435/johnson-johnson-plastic-strips-adhesive",
        "imgName": "031435.jpg",
        "imgSrc": "https://cdn0.woolworths.media/content/wowproductimages/medium/031435.jpg",
        "name": "Johnson & Johnson Plastic Strips Adhesive 100pk",
        "price": 7,
        "unitPrice": "$0.07 / 1EA"
    },
    {
        "category": "health-beauty",
        "href": "https://www.woolworths.com.au/shop/productdetails/363467/head-shoulders-clean-balanced-hair-scalp-care-anti-dandruff-conditioner",
        "imgName": "363467.jpg",
        "imgSrc": "https://cdn0.woolworths.media/content/wowproductimages/medium/363467.jpg",
        "name": "Head & Shoulders Clean & Balanced Hair Scalp Care Anti Dandruff Conditioner 400ml",
        "price": 12.5,
        "unitPrice": "$3.13 / 100ML"
    },
    {
        "category": "health-beauty",
        "href": "https://www.woolworths.com.au/shop/productdetails/720354/john-frieda-precision-foam-5n-medium-natural-brown",
        "imgName": "720354.jpg",
        "imgSrc": "https://cdn0.woolworths.media/content/wowproductimages/medium/720354.jpg",
        "name": "John Frieda Precision Foam 5n Medium Natural Brown each",
        "price": 23
    },
    {
        "category": "health-beauty",
        "href": "https://www.woolworths.com.au/shop/productdetails/650142/caltrate-bone-health-tablets-with-vitamin-d",
        "imgName": "650142.jpg",
        "imgSrc": "https://cdn0.woolworths.media/content/wowproductimages/medium/650142.jpg",
        "name": "Caltrate Bone Health Tablets With Vitamin D 60pk",
        "price": 9,
        "unitPrice": "$15.00 / 100EA"
    },
    {
        "category": "health-beauty",
        "href": "https://www.woolworths.com.au/shop/productdetails/631240/musashi-shred-burn-protein-bar-cookies-cream",
        "imgName": "631240.jpg",
        "imgSrc": "https://cdn0.woolworths.media/content/wowproductimages/medium/631240.jpg",
        "name": "Musashi Shred & Burn Protein Bar Cookies & Cream 60g",
        "price": 4.2,
        "unitPrice": "$7.00 / 100G"
    },
    {
        "category": "health-beauty",
        "href": "https://www.woolworths.com.au/shop/productdetails/355267/nads-hair-removal-wax-facial-strips",
        "imgName": "355267.jpg",
        "imgSrc": "https://cdn0.woolworths.media/content/wowproductimages/medium/355267.jpg",
        "name": "Nads Hair Removal Wax Facial Strips 16pk",
        "price": 8,
        "unitPrice": "$0.50 / 1EA"
    },
    {
        "category": "health-beauty",
        "href": "https://www.woolworths.com.au/shop/productdetails/661798/david-beckham-body-deodorant-spray",
        "imgName": "661798.jpg",
        "imgSrc": "https://cdn0.woolworths.media/content/wowproductimages/medium/661798.jpg",
        "name": "David Beckham Body Deodorant Spray 150ml",
        "price": 8,
        "unitPrice": "$5.33 / 100ML"
    },
    {
        "category": "health-beauty",
        "href": "https://www.woolworths.com.au/shop/productdetails/637698/toni-guy-geom-hair-barrette-rose-gold",
        "imgName": "637698.jpg",
        "imgSrc": "https://cdn0.woolworths.media/content/wowproductimages/medium/637698.jpg",
        "name": "Toni & Guy Geom Hair Barrette Rose Gold 2pk",
        "price": 7
    },
    {
        "category": "health-beauty",
        "href": "https://www.woolworths.com.au/shop/productdetails/637645/toni-guy-4mm-elastic-black",
        "imgName": "637645.jpg",
        "imgSrc": "https://cdn0.woolworths.media/content/wowproductimages/medium/637645.jpg",
        "name": "Toni&guy 4mm Elastic Black  10pc",
        "price": 7
    },
    {
        "category": "health-beauty",
        "href": "https://www.woolworths.com.au/shop/productdetails/561415/rimmel-magnifeyes-eyeshadow-palette-1",
        "imgName": "561415.jpg",
        "imgSrc": "https://cdn0.woolworths.media/content/wowproductimages/medium/561415.jpg",
        "name": "Rimmel Magnifeyes Eyeshadow Palette 1  7g",
        "price": 20,
        "unitPrice": "$28.57 / 10G"
    },
    {
        "category": "health-beauty",
        "href": "https://www.woolworths.com.au/shop/productdetails/34719/colgate-zig-zag-toothbrush-medium",
        "imgName": "034719.jpg",
        "imgSrc": "https://cdn0.woolworths.media/content/wowproductimages/medium/034719.jpg",
        "name": "Colgate Zig Zag Toothbrush Medium each",
        "price": 3,
        "unitPrice": "$3.00 / 1EA"
    },
    {
        "category": "health-beauty",
        "href": "https://www.woolworths.com.au/shop/productdetails/771712/thursday-plantation-tea-tree-face-cream",
        "imgName": "771712.jpg",
        "imgSrc": "https://cdn0.woolworths.media/content/wowproductimages/medium/771712.jpg",
        "name": "Thursday Plantation Tea Tree Face Cream",
        "price": 12,
        "unitPrice": "$18.46 / 100G"
    },
    {
        "category": "health-beauty",
        "href": "https://www.woolworths.com.au/shop/productdetails/884158/murine-clear-eyes-eye-mist",
        "imgName": "884158.jpg",
        "imgSrc": "https://cdn0.woolworths.media/content/wowproductimages/medium/884158.jpg",
        "name": "Murine Clear Eyes Eye Mist 15ml",
        "price": 16.95,
        "unitPrice": "$113.00 / 100ML"
    },
    {
        "category": "health-beauty",
        "href": "https://www.woolworths.com.au/shop/productdetails/778725/sally-hansen-nail-colour-big-shiny-top-coat",
        "imgName": "778725.jpg",
        "imgSrc": "https://cdn0.woolworths.media/content/wowproductimages/medium/778725.jpg",
        "name": "Sally Hansen Nail Colour Big Shiny Top Coat 12ml",
        "price": 12.95,
        "unitPrice": "$10.97 / 10ML"
    },
    {
        "category": "health-beauty",
        "href": "https://www.woolworths.com.au/shop/productdetails/567622/nivea-creme-tin",
        "imgName": "567622.jpg",
        "imgSrc": "https://cdn0.woolworths.media/content/wowproductimages/medium/567622.jpg",
        "name": "Nivea Creme Tin 150ml",
        "price": 8,
        "unitPrice": "$5.33 / 100ML"
    },
    {
        "category": "health-beauty",
        "href": "https://www.woolworths.com.au/shop/productdetails/841558/gaviscon-peppermint-liquid",
        "imgName": "841558.jpg",
        "imgSrc": "https://cdn0.woolworths.media/content/wowproductimages/medium/841558.jpg",
        "name": "Gaviscon Peppermint Liquid 600ml",
        "price": 13,
        "unitPrice": "$2.17 / 100ML"
    },
    {
        "category": "health-beauty",
        "href": "https://www.woolworths.com.au/shop/productdetails/329561/l-oreal-face-care-men-expert-24hr-moisturising",
        "imgName": "329561.jpg",
        "imgSrc": "https://cdn0.woolworths.media/content/wowproductimages/medium/329561.jpg",
        "name": "L'oreal Face Care Men Expert 24hr Moisturising 50ml",
        "price": 16,
        "unitPrice": "$32.00 / 100ML"
    },
    {
        "category": "health-beauty",
        "href": "https://www.woolworths.com.au/shop/productdetails/644439/cancer-council-work-sunscreen-pump-bottle-spf-50-plus",
        "imgName": "644439.jpg",
        "imgSrc": "https://cdn0.woolworths.media/content/wowproductimages/medium/644439.jpg",
        "name": "Cancer Council Work Sunscreen Pump Bottle Spf 50 Plus 200ml",
        "price": 16,
        "unitPrice": "$8.00 / 100ML"
    },
    {
        "category": "health-beauty",
        "href": "https://www.woolworths.com.au/shop/productdetails/603565/schwarzkopf-gem-collection-brilliance-01-fiery-topaz",
        "imgName": "603565.jpg",
        "imgSrc": "https://cdn0.woolworths.media/content/wowproductimages/medium/603565.jpg",
        "name": "Schwarzkopf Gem Collection - Brilliance 01 Fiery Topaz each",
        "price": 14.4
    },
    {
        "category": "health-beauty",
        "href": "https://www.woolworths.com.au/shop/productdetails/42534/nivea-cellular-day-cream",
        "imgName": "042534.jpg",
        "imgSrc": "https://cdn0.woolworths.media/content/wowproductimages/medium/042534.jpg",
        "name": "Nivea Cellular Day Cream 50ml",
        "price": 27.99,
        "unitPrice": "$55.98 / 100ML"
    },
    {
        "category": "health-beauty",
        "href": "https://www.woolworths.com.au/shop/productdetails/491925/sunsilk-shampoo-brilliant-shine",
        "imgName": "491925.jpg",
        "imgSrc": "https://cdn0.woolworths.media/content/wowproductimages/medium/491925.jpg",
        "name": "Sunsilk Shampoo Brilliant Shine 350ml",
        "price": 5.5,
        "unitPrice": "$1.57 / 100ML"
    },
    {
        "category": "health-beauty",
        "href": "https://www.woolworths.com.au/shop/productdetails/601366/d3-k6-0-kinesiology-tape",
        "imgName": "601366.jpg",
        "imgSrc": "https://cdn0.woolworths.media/content/wowproductimages/medium/601366.jpg",
        "name": "D3 K6.0 Kinesiology Tape  1pk",
        "price": 10,
        "unitPrice": "$10.00 / 1EA"
    },
    {
        "category": "health-beauty",
        "href": "https://www.woolworths.com.au/shop/productdetails/785329/ogx-conditioner-coconut-water-weightless-hydration",
        "imgName": "785329.jpg",
        "imgSrc": "https://cdn0.woolworths.media/content/wowproductimages/medium/785329.jpg",
        "name": "Ogx Conditioner Coconut Water Weightless Hydration 385ml",
        "price": 18,
        "unitPrice": "$4.68 / 100ML"
    },
    {
        "category": "health-beauty",
        "href": "https://www.woolworths.com.au/shop/productdetails/477683/scholl-athlete-s-foot-pen-and-spray-kit",
        "imgName": "477683.jpg",
        "imgSrc": "https://cdn0.woolworths.media/content/wowproductimages/medium/477683.jpg",
        "name": "Scholl Athlete's Foot Pen And Spray Kit each",
        "price": 25,
        "unitPrice": "$2,500.00 / 100EA"
    },
    {
        "category": "health-beauty",
        "href": "https://www.woolworths.com.au/shop/productdetails/660881/herbal-essences-naked-moisture-rosemary-herbs-shampoo",
        "imgName": "660881.jpg",
        "imgSrc": "https://cdn0.woolworths.media/content/wowproductimages/medium/660881.jpg",
        "name": "Herbal Essences Naked Moisture Rosemary & Herbs Shampoo 400ml",
        "price": 12,
        "unitPrice": "$3.00 / 100ML"
    },
    {
        "category": "health-beauty",
        "href": "https://www.woolworths.com.au/shop/productdetails/477682/stpepsils-throat-lozenges-triple-action-blackcurrant",
        "imgName": "477682.jpg",
        "imgSrc": "https://cdn0.woolworths.media/content/wowproductimages/medium/477682.jpg",
        "name": "Stpepsils Throat Lozenges Triple Action Blackcurrant 24pk",
        "price": 13,
        "unitPrice": "$54.17 / 100EA"
    },
    {
        "category": "health-beauty",
        "href": "https://www.woolworths.com.au/shop/productdetails/281270/bounce-chia-almond-natural-energy-ball",
        "imgName": "281270.jpg",
        "imgSrc": "https://cdn0.woolworths.media/content/wowproductimages/medium/281270.jpg",
        "name": "Bounce Chia Almond Natural Energy Ball 42g",
        "price": 3,
        "unitPrice": "$7.14 / 100G"
    },
    {
        "category": "health-beauty",
        "href": "https://www.woolworths.com.au/shop/productdetails/600810/vicks-vapodrops-cough-lozenges-honey-lemon-menthol",
        "imgName": "600810.jpg",
        "imgSrc": "https://cdn0.woolworths.media/content/wowproductimages/medium/600810.jpg",
        "name": "Vicks Vapodrops +cough Lozenges Honey Lemon Menthol 16pk",
        "price": 6,
        "unitPrice": "$0.38 / 1EA"
    },
    {
        "category": "health-beauty",
        "href": "https://www.woolworths.com.au/shop/productdetails/795919/bondi-sands-tanning-mitt-tanning-mitt",
        "imgName": "795919.jpg",
        "imgSrc": "https://cdn0.woolworths.media/content/wowproductimages/medium/795919.jpg",
        "name": "Bondi Sands Tanning Mitt Tanning Mitt each",
        "price": 10
    },
    {
        "category": "health-beauty",
        "href": "https://www.woolworths.com.au/shop/productdetails/363466/head-shoulders-clean-balanced-conditioner",
        "imgName": "363466.jpg",
        "imgSrc": "https://cdn0.woolworths.media/content/wowproductimages/medium/363466.jpg",
        "name": "Head & Shoulders Clean & Balanced Conditioner 200ml",
        "price": 6.4,
        "unitPrice": "$3.20 / 100ML"
    },
    {
        "category": "health-beauty",
        "href": "https://www.woolworths.com.au/shop/productdetails/634276/nivea-sun-lotion-roll-on-spf-50",
        "imgName": "634276.jpg",
        "imgSrc": "https://cdn0.woolworths.media/content/wowproductimages/medium/634276.jpg",
        "name": "Nivea Sun Lotion Roll On Spf 50 65ml",
        "price": 11,
        "unitPrice": "$16.92 / 100ML"
    },
    {
        "category": "health-beauty",
        "href": "https://www.woolworths.com.au/shop/productdetails/642581/stayzon-skin-anti-bacterial-foam",
        "imgName": "642581.jpg",
        "imgSrc": "https://cdn0.woolworths.media/content/wowproductimages/medium/642581.jpg",
        "name": "Stayzon Skin Anti Bacterial Foam 200ml",
        "price": 13,
        "unitPrice": "$6.50 / 100ML"
    },
    {
        "category": "health-beauty",
        "href": "https://www.woolworths.com.au/shop/productdetails/720638/scholl-clear-gel-foot-care-blister-plaster",
        "imgName": "720638.jpg",
        "imgSrc": "https://cdn0.woolworths.media/content/wowproductimages/medium/720638.jpg",
        "name": "Scholl Clear Gel Foot Care Blister Plaster 5pk",
        "price": 10,
        "unitPrice": "$2.00 / 1EA"
    },
    {
        "category": "health-beauty",
        "href": "https://www.woolworths.com.au/shop/productdetails/610129/rimmel-brow-this-way-3-in-1-ultra-soft-powder-medium-brown",
        "imgName": "610129.jpg",
        "imgSrc": "https://cdn0.woolworths.media/content/wowproductimages/medium/610129.jpg",
        "name": "Rimmel Brow This Way 3-in-1 Ultra Soft Powder Medium Brown 7g",
        "price": 15,
        "unitPrice": "$21.43 / 10G"
    },
    {
        "category": "health-beauty",
        "href": "https://www.woolworths.com.au/shop/productdetails/788636/rimmel-wonder-full-mascara",
        "imgName": "788636.jpg",
        "imgSrc": "https://cdn0.woolworths.media/content/wowproductimages/medium/788636.jpg",
        "name": "Rimmel Wonder'full Mascara  11ml",
        "price": 18.95,
        "unitPrice": "$17.23 / 10ML"
    },
    {
        "category": "health-beauty",
        "href": "https://www.woolworths.com.au/shop/productdetails/724274/palmolive-soap-bar-chamomile",
        "imgName": "724274.jpg",
        "imgSrc": "https://cdn0.woolworths.media/content/wowproductimages/medium/724274.jpg",
        "name": "Palmolive Soap Bar Chamomile 4pk",
        "price": 2.85,
        "unitPrice": "$0.79 / 100G"
    },
    {
        "category": "health-beauty",
        "href": "https://www.woolworths.com.au/shop/productdetails/841186/betadine-sore-throat-lozenges-menthol-eucalyptus",
        "imgName": "841186.jpg",
        "imgSrc": "https://cdn0.woolworths.media/content/wowproductimages/medium/841186.jpg",
        "name": "Betadine Sore Throat Lozenges Menthol & Eucalyptus 16pk",
        "price": 6.5,
        "unitPrice": "$0.41 / 1EA"
    },
    {
        "category": "health-beauty",
        "href": "https://www.woolworths.com.au/shop/productdetails/473254/band-aid-waterproof-kids-strips-frozen",
        "imgName": "473254.jpg",
        "imgSrc": "https://cdn0.woolworths.media/content/wowproductimages/medium/473254.jpg",
        "name": "Band-aid Waterproof Kids Strips Frozen 15pk",
        "price": 2.5,
        "unitPrice": "$16.67 / 100EA"
    },
    {
        "category": "health-beauty",
        "href": "https://www.woolworths.com.au/shop/productdetails/639418/v-italia-body-spray-signature",
        "imgName": "639418.jpg",
        "imgSrc": "https://cdn0.woolworths.media/content/wowproductimages/medium/639418.jpg",
        "name": "V Italia Body Spray Signature 150ml",
        "price": 7,
        "unitPrice": "$4.67 / 100ML"
    },
    {
        "category": "health-beauty",
        "href": "https://www.woolworths.com.au/shop/productdetails/427866/modelco-blush-2-in-1-cheek-powder",
        "imgName": "427866.jpg",
        "imgSrc": "https://cdn0.woolworths.media/content/wowproductimages/medium/427866.jpg",
        "name": "Modelco Blush 2 In 1 Cheek Powder 10g",
        "price": 22.95,
        "unitPrice": "$22.95 / 10G"
    },
    {
        "category": "health-beauty",
        "href": "https://www.woolworths.com.au/shop/productdetails/486433/sunsilk-biotin-shampoo-longer-stronger",
        "imgName": "486433.jpg",
        "imgSrc": "https://cdn0.woolworths.media/content/wowproductimages/medium/486433.jpg",
        "name": "Sunsilk Biotin Shampoo Longer & Stronger 350ml",
        "price": 5.5,
        "unitPrice": "$1.57 / 100ML"
    },
    {
        "category": "health-beauty",
        "href": "https://www.woolworths.com.au/shop/productdetails/825580/rimmel-mascara-wonder-full-extreme-black",
        "imgName": "825580.jpg",
        "imgSrc": "https://cdn0.woolworths.media/content/wowproductimages/medium/825580.jpg",
        "name": "Rimmel Mascara Wonder'full Extreme Black each",
        "price": 18.95,
        "unitPrice": "$17.23 / 10ML"
    },
    {
        "category": "health-beauty",
        "href": "https://www.woolworths.com.au/shop/productdetails/661630/elastoplast-be-happy-plasters",
        "imgName": "661630.jpg",
        "imgSrc": "https://cdn0.woolworths.media/content/wowproductimages/medium/661630.jpg",
        "name": "Elastoplast Be Happy Plasters 16pk",
        "price": 2.6,
        "unitPrice": "$0.16 / 1EA"
    },
    {
        "category": "health-beauty",
        "href": "https://www.woolworths.com.au/shop/productdetails/642031/headgear-rush-hour-all-in-one-head-body-wash",
        "imgName": "642031.jpg",
        "imgSrc": "https://cdn0.woolworths.media/content/wowproductimages/medium/642031.jpg",
        "name": "Headgear Rush Hour All In One Head & Body Wash 300ml",
        "price": 5,
        "unitPrice": "$1.67 / 100ML"
    },
    {
        "category": "health-beauty",
        "href": "https://www.woolworths.com.au/shop/productdetails/431184/v05-refresh-me-quick-dry-shampoo",
        "imgName": "431184.jpg",
        "imgSrc": "https://cdn0.woolworths.media/content/wowproductimages/medium/431184.jpg",
        "name": "V05 Refresh Me Quick Dry Shampoo 250ml",
        "price": 6.8,
        "unitPrice": "$2.72 / 100ML"
    },
    {
        "category": "health-beauty",
        "href": "https://www.woolworths.com.au/shop/productdetails/637641/toni-guy-hot-radial-brush-large",
        "imgName": "637641.jpg",
        "imgSrc": "https://cdn0.woolworths.media/content/wowproductimages/medium/637641.jpg",
        "name": "Toni & Guy Hot Radial Brush Large each",
        "price": 20
    },
    {
        "category": "health-beauty",
        "href": "https://www.woolworths.com.au/shop/productdetails/608964/oscar-orsen-bambino-kids-small-thin-elastics",
        "imgName": "608964.jpg",
        "imgSrc": "https://cdn0.woolworths.media/content/wowproductimages/medium/608964.jpg",
        "name": "Oscar Orsen Bambino Kids Small Thin Elastics 30 pack",
        "price": 4.3
    },
    {
        "category": "health-beauty",
        "href": "https://www.woolworths.com.au/shop/productdetails/780407/oral-b-3d-white-luxe-toothpaste-brilliant-mint",
        "imgName": "780407.jpg",
        "imgSrc": "https://cdn0.woolworths.media/content/wowproductimages/medium/780407.jpg",
        "name": "Oral-b 3d White Luxe Toothpaste Brilliant Mint 130g",
        "price": 9.95,
        "unitPrice": "$7.65 / 100G"
    },
    {
        "category": "health-beauty",
        "href": "https://www.woolworths.com.au/shop/productdetails/878/dove-sensitive-beauty-bar-hypo-allergenic",
        "imgName": "000878.jpg",
        "imgSrc": "https://cdn0.woolworths.media/content/wowproductimages/medium/000878.jpg",
        "name": "Dove Sensitive Beauty Bar Hypo-allergenic 2pk",
        "price": 3.8,
        "unitPrice": "$1.90 / 100G"
    },
    {
        "category": "health-beauty",
        "href": "https://www.woolworths.com.au/shop/productdetails/518743/band-aid-waterproof-strips-star-wars",
        "imgName": "518743.jpg",
        "imgSrc": "https://cdn0.woolworths.media/content/wowproductimages/medium/518743.jpg",
        "name": "Band-aid Waterproof Strips Star Wars 15pk",
        "price": 2.5,
        "unitPrice": "$41.67 / 100EA"
    },
    {
        "category": "health-beauty",
        "href": "https://www.woolworths.com.au/shop/productdetails/324667/aussie-bodies-protein-fx-lo-carb-bar-chocolate-fudge",
        "imgName": "324667.jpg",
        "imgSrc": "https://cdn0.woolworths.media/content/wowproductimages/medium/324667.jpg",
        "name": "Aussie Bodies Protein Fx Lo Carb Bar Chocolate Fudge 60g",
        "price": 4,
        "unitPrice": "$6.67 / 100G"
    },
    {
        "category": "health-beauty",
        "href": "https://www.woolworths.com.au/shop/productdetails/370625/norsca-deodorant-aerosol-clear-passion-flower",
        "imgName": "370625.jpg",
        "imgSrc": "https://cdn0.woolworths.media/content/wowproductimages/medium/370625.jpg",
        "name": "Norsca Deodorant Aerosol Clear Passion Flower 150g",
        "price": 6,
        "unitPrice": "$2.45 / 100ML"
    },
    {
        "category": "health-beauty",
        "href": "https://www.woolworths.com.au/shop/productdetails/601364/batiste-hold-me-hair-spray",
        "imgName": "601364.jpg",
        "imgSrc": "https://cdn0.woolworths.media/content/wowproductimages/medium/601364.jpg",
        "name": "Batiste Hold Me Hair Spray 300ml",
        "price": 13,
        "unitPrice": "$4.33 / 100ML"
    },
    {
        "category": "health-beauty",
        "href": "https://www.woolworths.com.au/shop/productdetails/90000286/aussie-bodies-protein-fx-lo-carb-bar-chocolate-fudge-60g-x12-bundle",
        "imgName": "90000286.jpg",
        "imgSrc": "https://cdn0.woolworths.media/content/wowproductimages/medium/90000286.jpg",
        "name": "Aussie Bodies Protein Fx Lo Carb Bar Chocolate Fudge 60g X12 Bundle",
        "price": 36,
        "unitPrice": "$5.00 / 100G"
    },
    {
        "category": "health-beauty",
        "href": "https://www.woolworths.com.au/shop/productdetails/175738/organic-care-shampoo-colour-shield",
        "imgName": "175738.jpg",
        "imgSrc": "https://cdn0.woolworths.media/content/wowproductimages/medium/175738.jpg",
        "name": "Organic Care Shampoo Colour Shield 400ml",
        "price": 3.5,
        "unitPrice": "$0.88 / 100ML"
    },
    {
        "category": "health-beauty",
        "href": "https://www.woolworths.com.au/shop/productdetails/571675/swisse-kids-vitamin-c-zinc-chewable-tablets",
        "imgName": "571675.jpg",
        "imgSrc": "https://cdn0.woolworths.media/content/wowproductimages/medium/571675.jpg",
        "name": "Swisse Kids Vitamin C+zinc Chewable Tablets 50pk",
        "price": 25,
        "unitPrice": "$50.00 / 100EA"
    },
    {
        "category": "health-beauty",
        "href": "https://www.woolworths.com.au/shop/productdetails/642034/blackmores-superkids-multi-gummies",
        "imgName": "642034.jpg",
        "imgSrc": "https://cdn0.woolworths.media/content/wowproductimages/medium/642034.jpg",
        "name": "Blackmores Superkids Multi Gummies 60pk",
        "price": 15,
        "unitPrice": "$25.00 / 100EA"
    },
    {
        "category": "health-beauty",
        "href": "https://www.woolworths.com.au/shop/productdetails/657014/swisse-curcumin-tumeric-tablets",
        "imgName": "657014.jpg",
        "imgSrc": "https://cdn0.woolworths.media/content/wowproductimages/medium/657014.jpg",
        "name": "Swisse Curcumin Tumeric Tablets 30pk",
        "price": 25,
        "unitPrice": "$83.33 / 100EA"
    },
    {
        "category": "health-beauty",
        "href": "https://www.woolworths.com.au/shop/productdetails/580718/kleenex-facial-tissue-soft-pack",
        "imgName": "580718.jpg",
        "imgSrc": "https://cdn0.woolworths.media/content/wowproductimages/medium/580718.jpg",
        "name": "Kleenex Facial Tissue Soft Pack 60pk",
        "price": 1.5,
        "unitPrice": "$2.50 / 100SS"
    },
    {
        "category": "health-beauty",
        "href": "https://www.woolworths.com.au/shop/productdetails/571656/swisse-kids-multi-chewable-tablets",
        "imgName": "571656.jpg",
        "imgSrc": "https://cdn0.woolworths.media/content/wowproductimages/medium/571656.jpg",
        "name": "Swisse Kids Multi Chewable Tablets 50pk",
        "price": 25,
        "unitPrice": "$50.00 / 100EA"
    },
    {
        "category": "health-beauty",
        "href": "https://www.woolworths.com.au/shop/productdetails/601354/batiste-heat-shine-spray",
        "imgName": "601354.jpg",
        "imgSrc": "https://cdn0.woolworths.media/content/wowproductimages/medium/601354.jpg",
        "name": "Batiste Heat & Shine Spray 200ml",
        "price": 13,
        "unitPrice": "$6.50 / 100ML"
    },
    {
        "category": "health-beauty",
        "href": "https://www.woolworths.com.au/shop/productdetails/779018/vaseline-intensive-care-spray-body-lotion-deep-restore",
        "imgName": "779018.jpg",
        "imgSrc": "https://cdn0.woolworths.media/content/wowproductimages/medium/779018.jpg",
        "name": "Vaseline Intensive Care Spray Body Lotion Deep Restore 190g",
        "price": 9.99,
        "unitPrice": "$5.26 / 100G"
    },
    {
        "category": "health-beauty",
        "href": "https://www.woolworths.com.au/shop/productdetails/466098/libra-ultra-thins-sanitary-pads-goodnights-with-wings",
        "imgName": "466098.jpg",
        "imgSrc": "https://cdn0.woolworths.media/content/wowproductimages/medium/466098.jpg",
        "name": "Libra Ultra Thins Sanitary Pads Goodnights With Wings 20pk",
        "price": 8.9,
        "unitPrice": "$0.45 / 1EA"
    },
    {
        "category": "health-beauty",
        "href": "https://www.woolworths.com.au/shop/productdetails/601363/batiste-frizz-tamer-spray",
        "imgName": "601363.jpg",
        "imgSrc": "https://cdn0.woolworths.media/content/wowproductimages/medium/601363.jpg",
        "name": "Batiste Frizz Tamer Spray 200ml",
        "price": 13,
        "unitPrice": "$6.50 / 100ML"
    },
    {
        "category": "health-beauty",
        "href": "https://www.woolworths.com.au/shop/productdetails/760181/tresemme-hair-treatment-keratin-smooth",
        "imgName": "760181.jpg",
        "imgSrc": "https://cdn0.woolworths.media/content/wowproductimages/medium/760181.jpg",
        "name": "Tresemme Hair Treatment Keratin Smooth 236ml",
        "price": 10.5,
        "unitPrice": "$4.45 / 100ML"
    },
    {
        "category": "health-beauty",
        "href": "https://www.woolworths.com.au/shop/productdetails/940576/berocca-fizzy-melts-berry-burst",
        "imgName": "940576.jpg",
        "imgSrc": "https://cdn0.woolworths.media/content/wowproductimages/medium/940576.jpg",
        "name": "Berocca Fizzy Melts Berry Burst 14pk",
        "price": 10,
        "unitPrice": "$71.43 / 100EA"
    },
    {
        "category": "health-beauty",
        "href": "https://www.woolworths.com.au/shop/productdetails/730346/simple-regeneration-day-cream-spf-15-age-resisting",
        "imgName": "730346.jpg",
        "imgSrc": "https://cdn0.woolworths.media/content/wowproductimages/medium/730346.jpg",
        "name": "Simple Regeneration Day Cream Spf 15 Age Resisting 50ml",
        "price": 18.99,
        "unitPrice": "$37.98 / 100ML"
    },
    {
        "category": "health-beauty",
        "href": "https://www.woolworths.com.au/shop/productdetails/379973/palmolive-antibacterial-liquid-hand-wash-refill",
        "imgName": "379973.jpg",
        "imgSrc": "https://cdn0.woolworths.media/content/wowproductimages/medium/379973.jpg",
        "name": "Palmolive Antibacterial Liquid Hand Wash Refill 1l",
        "price": 6.5,
        "unitPrice": "$0.65 / 100ML"
    },
    {
        "category": "health-beauty",
        "href": "https://www.woolworths.com.au/shop/productdetails/92089/ky-lubricants-personal",
        "imgName": "092089.jpg",
        "imgSrc": "https://cdn0.woolworths.media/content/wowproductimages/medium/092089.jpg",
        "name": "Ky Lubricants Personal 100g",
        "price": 10,
        "unitPrice": "$10.00 / 100G"
    },
    {
        "category": "health-beauty",
        "href": "https://www.woolworths.com.au/shop/productdetails/6571/blackmores-bio-c-tablets-1000mg",
        "imgName": "006571.jpg",
        "imgSrc": "https://cdn0.woolworths.media/content/wowproductimages/medium/006571.jpg",
        "name": "Blackmores Bio C Tablets 1000mg 62pk",
        "price": 18.4,
        "unitPrice": "$29.68 / 100EA"
    },
    {
        "category": "health-beauty",
        "href": "https://www.woolworths.com.au/shop/productdetails/755759/sudafed-pe-sinus-anti-inflammatory-double-action",
        "imgName": "755759.jpg",
        "imgSrc": "https://cdn0.woolworths.media/content/wowproductimages/medium/755759.jpg",
        "name": "Sudafed Pe Sinus & Anti Inflammatory Double Action 20pk",
        "price": 15.5,
        "unitPrice": "$0.78 / 1EA"
    },
    {
        "category": "health-beauty",
        "href": "https://www.woolworths.com.au/shop/productdetails/726127/woolworths-select-facial-tissues-white-hypo-allergenic-3ply",
        "imgName": "726127.jpg",
        "imgSrc": "https://cdn0.woolworths.media/content/wowproductimages/medium/726127.jpg",
        "name": "Woolworths Select Facial Tissues White Hypo Allergenic 3ply 6pk",
        "price": 1.5,
        "unitPrice": "$2.78 / 100SS"
    },
    {
        "category": "health-beauty",
        "href": "https://www.woolworths.com.au/shop/productdetails/765320/cancer-council-spf-50-sunscreen-ultra",
        "imgName": "765320.jpg",
        "imgSrc": "https://cdn0.woolworths.media/content/wowproductimages/medium/765320.jpg",
        "name": "Cancer Council Spf 50+ Sunscreen Ultra 75ml",
        "price": 10.49,
        "unitPrice": "$13.99 / 100ML"
    },
    {
        "category": "health-beauty",
        "href": "https://www.woolworths.com.au/shop/productdetails/283022/benefiber-laxatives-dietry-powder-fibre",
        "imgName": "283022.jpg",
        "imgSrc": "https://cdn0.woolworths.media/content/wowproductimages/medium/283022.jpg",
        "name": "Benefiber Laxatives Dietry Powder Fibre 155g",
        "price": 11.95,
        "unitPrice": "$7.71 / 100G"
    },
    {
        "category": "health-beauty",
        "href": "https://www.woolworths.com.au/shop/productdetails/275903/palmer-s-cocoa-butter-body-lotion",
        "imgName": "275903.jpg",
        "imgSrc": "https://cdn0.woolworths.media/content/wowproductimages/medium/275903.jpg",
        "name": "Palmer's Cocoa Butter Body Lotion 250ml",
        "price": 7.4,
        "unitPrice": "$2.96 / 100ML"
    },
    {
        "category": "health-beauty",
        "href": "https://www.woolworths.com.au/shop/productdetails/370954/lemsip-powder-hot-drink-relief",
        "imgName": "370954.jpg",
        "imgSrc": "https://cdn0.woolworths.media/content/wowproductimages/medium/370954.jpg",
        "name": "Lemsip Powder Hot Drink Relief 10pk",
        "price": 15,
        "unitPrice": "$1.50 / 1EA"
    },
    {
        "category": "health-beauty",
        "href": "https://www.woolworths.com.au/shop/productdetails/842521/herbal-essences-conditioner-moroccan-my-shine",
        "imgName": "842521.jpg",
        "imgSrc": "https://cdn0.woolworths.media/content/wowproductimages/medium/842521.jpg",
        "name": "Herbal Essences Conditioner Moroccan My Shine 350ml",
        "price": 5.5,
        "unitPrice": "$1.83 / 100ML"
    },
    {
        "category": "health-beauty",
        "href": "https://www.woolworths.com.au/shop/productdetails/567596/nivea-anti-age-cellular-pearls",
        "imgName": "567596.jpg",
        "imgSrc": "https://cdn0.woolworths.media/content/wowproductimages/medium/567596.jpg",
        "name": "Nivea Anti-age Cellular Pearls 30ml",
        "price": 33,
        "unitPrice": "$110.00 / 100ML"
    },
    {
        "category": "health-beauty",
        "href": "https://www.woolworths.com.au/shop/productdetails/748336/l-oreal-face-wash-men-expert-gel",
        "imgName": "748336.jpg",
        "imgSrc": "https://cdn0.woolworths.media/content/wowproductimages/medium/748336.jpg",
        "name": "L'oreal Face Wash Men Expert Gel 100ml",
        "price": 8.5,
        "unitPrice": "$8.50 / 100ML"
    },
    {
        "category": "health-beauty",
        "href": "https://www.woolworths.com.au/shop/productdetails/572424/blackmores-probiotics-immunity-defence",
        "imgName": "572424.jpg",
        "imgSrc": "https://cdn0.woolworths.media/content/wowproductimages/medium/572424.jpg",
        "name": "Blackmores Probiotics+ Immunity Defence  30pk",
        "price": 30,
        "unitPrice": "$100.00 / 100EA"
    },
    {
        "category": "health-beauty",
        "href": "https://www.woolworths.com.au/shop/productdetails/840278/l-oreal-excellence-age-perfect-very-light-blonde-10-13",
        "imgName": "840278.jpg",
        "imgSrc": "https://cdn0.woolworths.media/content/wowproductimages/medium/840278.jpg",
        "name": "L'oreal Excellence Age Perfect Very Light Blonde 10.13 each",
        "price": 20
    },
    {
        "category": "health-beauty",
        "href": "https://www.woolworths.com.au/shop/productdetails/231161/oscar-orsen-kids-one-touch-hair-clip-assorted",
        "imgName": "231161.jpg",
        "imgSrc": "https://cdn0.woolworths.media/content/wowproductimages/medium/231161.jpg",
        "name": "Oscar Orsen Kids One Touch Hair Clip Assorted 10 pack",
        "price": 4.5
    },
    {
        "category": "health-beauty",
        "href": "https://www.woolworths.com.au/shop/productdetails/347915/pantene-pro-v-daily-moisture-renewal-intensive-hair-masque",
        "imgName": "347915.jpg",
        "imgSrc": "https://cdn0.woolworths.media/content/wowproductimages/medium/347915.jpg",
        "name": "Pantene Pro-v Daily Moisture Renewal Intensive Hair Masque 300ml",
        "price": 10.5,
        "unitPrice": "$3.50 / 100ML"
    },
    {
        "category": "health-beauty",
        "href": "https://www.woolworths.com.au/shop/productdetails/780252/colgate-optic-white-toothpaste-enamel",
        "imgName": "780252.jpg",
        "imgSrc": "https://cdn0.woolworths.media/content/wowproductimages/medium/780252.jpg",
        "name": "Colgate Optic White Toothpaste Enamel 140g",
        "price": 10.49,
        "unitPrice": "$7.49 / 100G"
    },
    {
        "category": "health-beauty",
        "href": "https://www.woolworths.com.au/shop/productdetails/343374/clearasil-daily-clear-acne-treatment-vanishing-pimple-cream",
        "imgName": "343374.jpg",
        "imgSrc": "https://cdn0.woolworths.media/content/wowproductimages/medium/343374.jpg",
        "name": "Clearasil Daily Clear Acne Treatment Vanishing Pimple Cream 15g",
        "price": 10.49,
        "unitPrice": "$69.93 / 100G"
    },
    {
        "category": "health-beauty",
        "href": "https://www.woolworths.com.au/shop/productdetails/872797/smart-living-nutrition-love-me-low-carb-choc-caramel-bar",
        "imgName": "872797.jpg",
        "imgSrc": "https://cdn0.woolworths.media/content/wowproductimages/medium/872797.jpg",
        "name": "Smart Living Nutrition Love Me Low Carb Choc Caramel Bar 30g",
        "price": 2.4,
        "unitPrice": "$8.00 / 100G"
    },
    {
        "category": "health-beauty",
        "href": "https://www.woolworths.com.au/shop/productdetails/779244/vaseline-intensive-care-spray-body-lotion-cocoa-glow",
        "imgName": "779244.jpg",
        "imgSrc": "https://cdn0.woolworths.media/content/wowproductimages/medium/779244.jpg",
        "name": "Vaseline Intensive Care Spray Body Lotion Cocoa Glow 190g",
        "price": 9.99,
        "unitPrice": "$5.26 / 100G"
    },
    {
        "category": "health-beauty",
        "href": "https://www.woolworths.com.au/shop/productdetails/345766/synergy-natural-premium-super-greens-daily-green-superfoods-tablets",
        "imgName": "345766.jpg",
        "imgSrc": "https://cdn0.woolworths.media/content/wowproductimages/medium/345766.jpg",
        "name": "Synergy Natural Premium Super Greens Daily Green Superfoods Tablets 200pk",
        "price": 20.4,
        "unitPrice": "$10.20 / 100EA"
    },
    {
        "category": "health-beauty",
        "href": "https://www.woolworths.com.au/shop/productdetails/749341/rimmel-mtch-prfction-fdn-100",
        "imgName": "749341.jpg",
        "imgSrc": "https://cdn0.woolworths.media/content/wowproductimages/medium/749341.jpg",
        "name": "Rimmel Mtch Prfction Fdn 100 30ml",
        "price": 18.95,
        "unitPrice": "$6.32 / 10ML"
    },
    {
        "category": "health-beauty",
        "href": "https://www.woolworths.com.au/shop/productdetails/725607/ogx-penetrating-oil-renewing-argan-oil-of-morocco",
        "imgName": "725607.jpg",
        "imgSrc": "https://cdn0.woolworths.media/content/wowproductimages/medium/725607.jpg",
        "name": "Ogx Penetrating Oil Renewing Argan Oil Of Morocco 100ml",
        "price": 25.5,
        "unitPrice": "$25.50 / 100ML"
    },
    {
        "category": "health-beauty",
        "href": "https://www.woolworths.com.au/shop/productdetails/720812/scholl-party-feet-foot-care-invisible-heel-shields",
        "imgName": "720812.jpg",
        "imgSrc": "https://cdn0.woolworths.media/content/wowproductimages/medium/720812.jpg",
        "name": "Scholl Party Feet Foot Care Invisible Heel Shields 1pk",
        "price": 9.3,
        "unitPrice": "$9.30 / 1EA"
    },
    {
        "category": "health-beauty",
        "href": "https://www.woolworths.com.au/shop/productdetails/566501/nature-s-way-kids-smart-vita-gummies-vit-d",
        "imgName": "566501.jpg",
        "imgSrc": "https://cdn0.woolworths.media/content/wowproductimages/medium/566501.jpg",
        "name": "Nature's Way Kids Smart Vita Gummies Vit D 60pk",
        "price": 15,
        "unitPrice": "$25.00 / 100EA"
    },
    {
        "category": "health-beauty",
        "href": "https://www.woolworths.com.au/shop/productdetails/884336/betadine-sore-throat-lozenges-menthol-eucalyptus",
        "imgName": "884336.jpg",
        "imgSrc": "https://cdn0.woolworths.media/content/wowproductimages/medium/884336.jpg",
        "name": "Betadine Sore Throat Lozenges Menthol & Eucalyptus 36pk",
        "price": 10,
        "unitPrice": "$0.28 / 1EA"
    },
    {
        "category": "health-beauty",
        "href": "https://www.woolworths.com.au/shop/productdetails/575975/nivea-men-black-white-power-48hr",
        "imgName": "575975.jpg",
        "imgSrc": "https://cdn0.woolworths.media/content/wowproductimages/medium/575975.jpg",
        "name": "Nivea Men Black & White Power 48hr 150ml",
        "price": 4,
        "unitPrice": "$2.67 / 100ML"
    },
    {
        "category": "health-beauty",
        "href": "https://www.woolworths.com.au/shop/productdetails/841569/nyal-children-s-berry-cold-flu-medicine-plus-immunity-booster-2yrs-",
        "imgName": "841569.jpg",
        "imgSrc": "https://cdn0.woolworths.media/content/wowproductimages/medium/841569.jpg",
        "name": "Nyal Children's Berry Cold & Flu Medicine Plus Immunity Booster 2yrs+ 200ml",
        "price": 15,
        "unitPrice": "$7.50 / 100ML"
    },
    {
        "category": "health-beauty",
        "href": "https://www.woolworths.com.au/shop/productdetails/427850/modelco-instant-brows-pencil-light-to-medium",
        "imgName": "427850.jpg",
        "imgSrc": "https://cdn0.woolworths.media/content/wowproductimages/medium/427850.jpg",
        "name": "Modelco Instant Brows Pencil Light To Medium 1.5g",
        "price": 14.95,
        "unitPrice": "$99.67 / 10G"
    },
    {
        "category": "health-beauty",
        "href": "https://www.woolworths.com.au/shop/productdetails/201985/sally-hansen-nail-double-duty-base-coat",
        "imgName": "201985.jpg",
        "imgSrc": "https://cdn0.woolworths.media/content/wowproductimages/medium/201985.jpg",
        "name": "Sally Hansen Nail Double Duty Base Coat 13.3ml",
        "price": 15.25,
        "unitPrice": "$11.47 / 10ML"
    },
    {
        "category": "health-beauty",
        "href": "https://www.woolworths.com.au/shop/productdetails/730292/nivea-daily-essentials-2-in-1-wash-scrub-combination-oily-skin",
        "imgName": "730292.jpg",
        "imgSrc": "https://cdn0.woolworths.media/content/wowproductimages/medium/730292.jpg",
        "name": "Nivea Daily Essentials 2 In 1 Wash & Scrub Combination & Oily Skin 150ml",
        "price": 10.29,
        "unitPrice": "$6.86 / 100ML"
    },
    {
        "category": "health-beauty",
        "href": "https://www.woolworths.com.au/shop/productdetails/633632/just-for-men-moustache-beard-black",
        "imgName": "633632.jpg",
        "imgSrc": "https://cdn0.woolworths.media/content/wowproductimages/medium/633632.jpg",
        "name": "Just For Men Moustache & Beard Black 70g",
        "price": 13,
        "unitPrice": "$18.57 / 100G"
    },
    {
        "category": "health-beauty",
        "href": "https://www.woolworths.com.au/shop/productdetails/412969/bondi-sands-self-tanning-dry-oil-liquid-gold-coconut-scent",
        "imgName": "412969.jpg",
        "imgSrc": "https://cdn0.woolworths.media/content/wowproductimages/medium/412969.jpg",
        "name": "Bondi Sands Self Tanning Dry-oil Liquid Gold Coconut Scent 150ml",
        "price": 20,
        "unitPrice": "$13.33 / 100ML"
    },
    {
        "category": "health-beauty",
        "href": "https://www.woolworths.com.au/shop/productdetails/41283/vig-high-potency-guarana-ginseng-gingko-endurance-tablets",
        "imgName": "041283.jpg",
        "imgSrc": "https://cdn0.woolworths.media/content/wowproductimages/medium/041283.jpg",
        "name": "Vig High Potency Guarana Ginseng Gingko Endurance Tablets 30pk",
        "price": 11.99,
        "unitPrice": "$39.97 / 100EA"
    },
    {
        "category": "health-beauty",
        "href": "https://www.woolworths.com.au/shop/productdetails/517830/voeu-exfoliating-scrub",
        "imgName": "517830.jpg",
        "imgSrc": "https://cdn0.woolworths.media/content/wowproductimages/medium/517830.jpg",
        "name": "Voeu Exfoliating Scrub  150ml",
        "price": 4,
        "unitPrice": "$2.67 / 100ML"
    },
    {
        "category": "health-beauty",
        "href": "https://www.woolworths.com.au/shop/productdetails/503286/skin-therapy-dragon-s-blood-spf15-day-lotion",
        "imgName": "503286.jpg",
        "imgSrc": "https://cdn0.woolworths.media/content/wowproductimages/medium/503286.jpg",
        "name": "Skin Therapy Dragon's Blood Spf15 Day Lotion 50ml",
        "price": 30,
        "unitPrice": "$60.00 / 100ML"
    },
    {
        "category": "health-beauty",
        "href": "https://www.woolworths.com.au/shop/productdetails/502887/le-tan-tanning-foam-coconut-water",
        "imgName": "502887.jpg",
        "imgSrc": "https://cdn0.woolworths.media/content/wowproductimages/medium/502887.jpg",
        "name": "Le Tan Tanning Foam Coconut Water 200ml",
        "price": 20,
        "unitPrice": "$10.00 / 100ML"
    },
    {
        "category": "health-beauty",
        "href": "https://www.woolworths.com.au/shop/productdetails/556530/modelco-invisible-matte-pressed-powder-nude-beige",
        "imgName": "556530.jpg",
        "imgSrc": "https://cdn0.woolworths.media/content/wowproductimages/medium/556530.jpg",
        "name": "Modelco Invisible Matte Pressed Powder Nude Beige 14.5g",
        "price": 12,
        "unitPrice": "$8.28 / 10G"
    },
    {
        "category": "health-beauty",
        "href": "https://www.woolworths.com.au/shop/productdetails/840342/l-oreal-excellence-age-perfect-very-light-blonde-7-32",
        "imgName": "840342.jpg",
        "imgSrc": "https://cdn0.woolworths.media/content/wowproductimages/medium/840342.jpg",
        "name": "L'oreal Excellence Age Perfect Very Light Blonde 7.32 each",
        "price": 20
    },
    {
        "category": "health-beauty",
        "href": "https://www.woolworths.com.au/shop/productdetails/248711/blackmores-healthy-joints-glucosamine-fish-oil",
        "imgName": "248711.jpg",
        "imgSrc": "https://cdn0.woolworths.media/content/wowproductimages/medium/248711.jpg",
        "name": "Blackmores Healthy Joints Glucosamine + Fish Oil capsules 90pk",
        "price": 22.5,
        "unitPrice": "$25.00 / 100EA"
    },
    {
        "category": "health-beauty",
        "href": "https://www.woolworths.com.au/shop/productdetails/490184/dubble-trubble-2-in-1-shampoo-body-wash-cherry-bomb-6-months",
        "imgName": "490184.jpg",
        "imgSrc": "https://cdn0.woolworths.media/content/wowproductimages/medium/490184.jpg",
        "name": "Dubble Trubble 2 In 1 Shampoo & Body Wash Cherry Bomb 6+ Months 200ml",
        "price": 6,
        "unitPrice": "$3.00 / 100ML"
    },
    {
        "category": "health-beauty",
        "href": "https://www.woolworths.com.au/shop/productdetails/225622/nature-s-way-fish-oil-1000mg",
        "imgName": "225622.jpg",
        "imgSrc": "https://cdn0.woolworths.media/content/wowproductimages/medium/225622.jpg",
        "name": "Nature's Way Fish Oil 1000mg 400pk",
        "price": 30,
        "unitPrice": "$7.50 / 100EA"
    },
    {
        "category": "health-beauty",
        "href": "https://www.woolworths.com.au/shop/productdetails/781789/australian-botanical-soap-frangipani",
        "imgName": "781789.jpg",
        "imgSrc": "https://cdn0.woolworths.media/content/wowproductimages/medium/781789.jpg",
        "name": "Australian Botanical Soap Frangipani each",
        "price": 4,
        "unitPrice": "$2.00 / 100G"
    },
    {
        "category": "health-beauty",
        "href": "https://www.woolworths.com.au/shop/productdetails/575976/nivea-cool-kick-48hr",
        "imgName": "575976.jpg",
        "imgSrc": "https://cdn0.woolworths.media/content/wowproductimages/medium/575976.jpg",
        "name": "Nivea Cool Kick 48hr  150ml",
        "price": 4,
        "unitPrice": "$2.67 / 100ML"
    },
    {
        "category": "health-beauty",
        "href": "https://www.woolworths.com.au/shop/productdetails/31674/gamophen-soap-bar-medicated",
        "imgName": "031674.jpg",
        "imgSrc": "https://cdn0.woolworths.media/content/wowproductimages/medium/031674.jpg",
        "name": "Gamophen Soap Bar Medicated 100g",
        "price": 1.7,
        "unitPrice": "$1.70 / 100G"
    },
    {
        "category": "health-beauty",
        "href": "https://www.woolworths.com.au/shop/productdetails/575098/beckham-body-spray-beyond",
        "imgName": "575098.jpg",
        "imgSrc": "https://cdn0.woolworths.media/content/wowproductimages/medium/575098.jpg",
        "name": "Beckham Body Spray Beyond 150ml",
        "price": 8,
        "unitPrice": "$5.33 / 100ML"
    },
    {
        "category": "health-beauty",
        "href": "https://www.woolworths.com.au/shop/productdetails/389/nyal-tablets-chesty-non-drowsy",
        "imgName": "000389.jpg",
        "imgSrc": "https://cdn0.woolworths.media/content/wowproductimages/medium/000389.jpg",
        "name": "Nyal Tablets Chesty Non Drowsy 200ml",
        "price": 8.5,
        "unitPrice": "$4.25 / 100ML"
    },
    {
        "category": "health-beauty",
        "href": "https://www.woolworths.com.au/shop/productdetails/369602/sally-hansen-xtreme-wear-nail-polish-black-out",
        "imgName": "369602.jpg",
        "imgSrc": "https://cdn0.woolworths.media/content/wowproductimages/medium/369602.jpg",
        "name": "Sally Hansen Xtreme Wear Nail Polish Black Out 12ml",
        "price": 6.95,
        "unitPrice": "$5.89 / 10ML"
    },
    {
        "category": "health-beauty",
        "href": "https://www.woolworths.com.au/shop/productdetails/310108/gillette-venus-disposable-shaving-razor-sensitive-skin",
        "imgName": "310108.jpg",
        "imgSrc": "https://cdn0.woolworths.media/content/wowproductimages/medium/310108.jpg",
        "name": "Gillette Venus Disposable Shaving Razor Sensitive Skin 3pk",
        "price": 10,
        "unitPrice": "$3.33 / 1EA"
    },
    {
        "category": "health-beauty",
        "href": "https://www.woolworths.com.au/shop/productdetails/77556/anusol-haemorrhoidal-suppositories",
        "imgName": "077556.jpg",
        "imgSrc": "https://cdn0.woolworths.media/content/wowproductimages/medium/077556.jpg",
        "name": "Anusol Haemorrhoidal Suppositories 12pk",
        "price": 8,
        "unitPrice": "$0.67 / 1EA"
    },
    {
        "category": "health-beauty",
        "href": "https://www.woolworths.com.au/shop/productdetails/726006/pantene-pro-v-intense-smoothening-leave-on-creme",
        "imgName": "726006.jpg",
        "imgSrc": "https://cdn0.woolworths.media/content/wowproductimages/medium/726006.jpg",
        "name": "Pantene Pro-v Intense Smoothening Leave On Creme 250ml",
        "price": 7.5,
        "unitPrice": "$3.00 / 100ML"
    },
    {
        "category": "health-beauty",
        "href": "https://www.woolworths.com.au/shop/productdetails/237133/neutrogena-t-gel-anti-dandruff-conditioner",
        "imgName": "237133.jpg",
        "imgSrc": "https://cdn0.woolworths.media/content/wowproductimages/medium/237133.jpg",
        "name": "Neutrogena T Gel Anti Dandruff Conditioner 130ml",
        "price": 8.5,
        "unitPrice": "$6.54 / 100ML"
    },
    {
        "category": "health-beauty",
        "href": "https://www.woolworths.com.au/shop/productdetails/179518/le-tan-deep-bronze-self-tan-foaming-mousse",
        "imgName": "179518.jpg",
        "imgSrc": "https://cdn0.woolworths.media/content/wowproductimages/medium/179518.jpg",
        "name": "Le Tan Deep Bronze Self Tan Foaming Mousse 110ml",
        "price": 13.99,
        "unitPrice": "$12.72 / 100ML"
    },
    {
        "category": "health-beauty",
        "href": "https://www.woolworths.com.au/shop/productdetails/90000311/smart-living-nutrition-love-me-low-carb-choc-caramel-30g-x6-bundle",
        "imgName": "90000311.jpg",
        "imgSrc": "https://cdn0.woolworths.media/content/wowproductimages/medium/90000311.jpg",
        "name": "Smart Living Nutrition Love Me Low Carb Choc Caramel 30g X6 Bundle",
        "price": 11,
        "unitPrice": "$6.11 / 100G"
    },
    {
        "category": "health-beauty",
        "href": "https://www.woolworths.com.au/shop/productdetails/90000671/l-oreal-magic-retouch-regrowth-concealer-spray-blonde-x3-bundle",
        "imgName": "90000671.jpg",
        "imgSrc": "https://cdn0.woolworths.media/content/wowproductimages/medium/90000671.jpg",
        "name": "L'oreal Magic Retouch Regrowth Concealer Spray Blonde X3 Bundle",
        "price": 40,
        "unitPrice": "$17.78 / 100ML"
    },
    {
        "category": "health-beauty",
        "href": "https://www.woolworths.com.au/shop/productdetails/436503/redwin-coconut-body-oil",
        "imgName": "436503.jpg",
        "imgSrc": "https://cdn0.woolworths.media/content/wowproductimages/medium/436503.jpg",
        "name": "Redwin Coconut Body Oil  125ml",
        "price": 12.99,
        "unitPrice": "$10.39 / 100ML"
    },
    {
        "category": "health-beauty",
        "href": "https://www.woolworths.com.au/shop/productdetails/600801/vicks-vapodrops-cough-lozenges-berry-menthol",
        "imgName": "600801.jpg",
        "imgSrc": "https://cdn0.woolworths.media/content/wowproductimages/medium/600801.jpg",
        "name": "Vicks Vapodrops +cough Lozenges Berry Menthol 36pk",
        "price": 9,
        "unitPrice": "$0.25 / 1EA"
    },
    {
        "category": "health-beauty",
        "href": "https://www.woolworths.com.au/shop/productdetails/508616/bodytrim-diet-slice-apple-cinnamon",
        "imgName": "508616.jpg",
        "imgSrc": "https://cdn0.woolworths.media/content/wowproductimages/medium/508616.jpg",
        "name": "Bodytrim Diet Slice Apple & Cinnamon 55g",
        "price": 4,
        "unitPrice": "$7.27 / 100G"
    },
    {
        "category": "health-beauty",
        "href": "https://www.woolworths.com.au/shop/productdetails/571677/swisse-ultiboost-glucosamine-sulfate-tablets",
        "imgName": "571677.jpg",
        "imgSrc": "https://cdn0.woolworths.media/content/wowproductimages/medium/571677.jpg",
        "name": "Swisse Ultiboost Glucosamine Sulfate Tablets 210pk",
        "price": 50,
        "unitPrice": "$23.81 / 100EA"
    },
    {
        "category": "health-beauty",
        "href": "https://www.woolworths.com.au/shop/productdetails/755767/ansell-lifestyles-condoms-skyn-large",
        "imgName": "755767.jpg",
        "imgSrc": "https://cdn0.woolworths.media/content/wowproductimages/medium/755767.jpg",
        "name": "Ansell Lifestyles Condoms Skyn Large 10pk",
        "price": 10,
        "unitPrice": "$1.00 / 1EA"
    },
    {
        "category": "health-beauty",
        "href": "https://www.woolworths.com.au/shop/productdetails/756568/rimmel-scandaleyes-mascara-lycra-flex",
        "imgName": "756568.jpg",
        "imgSrc": "https://cdn0.woolworths.media/content/wowproductimages/medium/756568.jpg",
        "name": "Rimmel Scandaleyes Mascara Lycra Flex 12ml",
        "price": 16.95,
        "unitPrice": "$14.13 / 10ML"
    },
    {
        "category": "health-beauty",
        "href": "https://www.woolworths.com.au/shop/productdetails/756729/astrix-aspirin-low-dose",
        "imgName": "756729.jpg",
        "imgSrc": "https://cdn0.woolworths.media/content/wowproductimages/medium/756729.jpg",
        "name": "Astrix Aspirin Low Dose 84pk",
        "price": 9,
        "unitPrice": "$0.11 / 1EA"
    },
    {
        "category": "health-beauty",
        "href": "https://www.woolworths.com.au/shop/productdetails/5554/libra-invisible-regular-pads-with-wings",
        "imgName": "005554.jpg",
        "imgSrc": "https://cdn0.woolworths.media/content/wowproductimages/medium/005554.jpg",
        "name": "Libra Invisible Regular Pads With Wings 14pk",
        "price": 5.9,
        "unitPrice": "$0.42 / 1EA"
    },
    {
        "category": "health-beauty",
        "href": "https://www.woolworths.com.au/shop/productdetails/8749/nivea-lip-peach",
        "imgName": "008749.jpg",
        "imgSrc": "https://cdn0.woolworths.media/content/wowproductimages/medium/008749.jpg",
        "name": "Nivea Lip Peach 4.8g",
        "price": 4,
        "unitPrice": "$8.33 / 10G"
    },
    {
        "category": "health-beauty",
        "href": "https://www.woolworths.com.au/shop/productdetails/230026/l-oreal-face-care-men-expert-moisturiser",
        "imgName": "230026.jpg",
        "imgSrc": "https://cdn0.woolworths.media/content/wowproductimages/medium/230026.jpg",
        "name": "L'oreal Face Care Men Expert Moisturiser 50ml",
        "price": 17,
        "unitPrice": "$34.00 / 100ML"
    },
    {
        "category": "health-beauty",
        "href": "https://www.woolworths.com.au/shop/productdetails/503708/neutrogena-hydroboost-water-gel-cream-hydroboost",
        "imgName": "503708.jpg",
        "imgSrc": "https://cdn0.woolworths.media/content/wowproductimages/medium/503708.jpg",
        "name": "Neutrogena Hydroboost Water Gel Cream Hydroboost 50g",
        "price": 25,
        "unitPrice": "$50.00 / 100G"
    },
    {
        "category": "health-beauty",
        "href": "https://www.woolworths.com.au/shop/productdetails/518430/voeu-age-regenerate-anti-ageing-eye-cream",
        "imgName": "518430.jpg",
        "imgSrc": "https://cdn0.woolworths.media/content/wowproductimages/medium/518430.jpg",
        "name": "Voeu Age Regenerate Anti-ageing Eye Cream 15ml",
        "price": 8,
        "unitPrice": "$53.33 / 100ML"
    },
    {
        "category": "health-beauty",
        "href": "https://www.woolworths.com.au/shop/productdetails/715359/codral-relief-decongestant",
        "imgName": "715359.jpg",
        "imgSrc": "https://cdn0.woolworths.media/content/wowproductimages/medium/715359.jpg",
        "name": "Codral Relief Decongestant 20pk",
        "price": 14.29,
        "unitPrice": "$14.29 / 1EA"
    },
    {
        "category": "health-beauty",
        "href": "https://www.woolworths.com.au/shop/productdetails/743829/woolworths-select-cosmetic-foundation-brush",
        "imgName": "743829.jpg",
        "imgSrc": "https://cdn0.woolworths.media/content/wowproductimages/medium/743829.jpg",
        "name": "Woolworths Select Cosmetic Foundation Brush each",
        "price": 10.99,
        "unitPrice": "$10.99 / 1EA"
    },
    {
        "category": "health-beauty",
        "href": "https://www.woolworths.com.au/shop/productdetails/343437/carmex-lip-care-classic-moisturising-balm",
        "imgName": "343437.jpg",
        "imgSrc": "https://cdn0.woolworths.media/content/wowproductimages/medium/343437.jpg",
        "name": "Carmex Lip Care Classic Moisturising Balm 10g",
        "price": 4.99,
        "unitPrice": "$49.90 / 100G"
    },
    {
        "category": "health-beauty",
        "href": "https://www.woolworths.com.au/shop/productdetails/642324/nature-s-way-beauty-collagen-tablets",
        "imgName": "642324.jpg",
        "imgSrc": "https://cdn0.woolworths.media/content/wowproductimages/medium/642324.jpg",
        "name": "Nature's Way Beauty Collagen Tablets  60pk",
        "price": 30,
        "unitPrice": "$50.00 / 100EA"
    },
    {
        "category": "health-beauty",
        "href": "https://www.woolworths.com.au/shop/productdetails/109794/eureka-eucalyptus-oil-20-",
        "imgName": "109794.jpg",
        "imgSrc": "https://cdn0.woolworths.media/content/wowproductimages/medium/109794.jpg",
        "name": "Eureka Eucalyptus Oil 20% 200ml",
        "price": 5.2,
        "unitPrice": "$2.60 / 100ML"
    },
    {
        "category": "health-beauty",
        "href": "https://www.woolworths.com.au/shop/productdetails/192546/nature-s-way-complete-daily-multivitamin-tablets",
        "imgName": "192546.jpg",
        "imgSrc": "https://cdn0.woolworths.media/content/wowproductimages/medium/192546.jpg",
        "name": "Nature's Way Complete Daily Multivitamin Tablets 200pk",
        "price": 15,
        "unitPrice": "$7.50 / 100EA"
    },
    {
        "category": "health-beauty",
        "href": "https://www.woolworths.com.au/shop/productdetails/192702/blackmores-stress-relief-executive-b-tablets",
        "imgName": "192702.jpg",
        "imgSrc": "https://cdn0.woolworths.media/content/wowproductimages/medium/192702.jpg",
        "name": "Blackmores Stress Relief Executive B Tablets 125pk",
        "price": 33.9,
        "unitPrice": "$27.12 / 100EA"
    },
    {
        "category": "health-beauty",
        "href": "https://www.woolworths.com.au/shop/productdetails/426200/oral-b-3d-white-luxe-whitening-treatments-advanced-seal",
        "imgName": "426200.jpg",
        "imgSrc": "https://cdn0.woolworths.media/content/wowproductimages/medium/426200.jpg",
        "name": "Oral-b 3d White Luxe Whitening Treatments Advanced Seal each",
        "price": 34.99,
        "unitPrice": "$34.99 / 1EA"
    },
    {
        "category": "health-beauty",
        "href": "https://www.woolworths.com.au/shop/productdetails/826884/natures-way-vitagummies-mens-multivitamin",
        "imgName": "826884.jpg",
        "imgSrc": "https://cdn0.woolworths.media/content/wowproductimages/medium/826884.jpg",
        "name": "Natures Way Vitagummies Mens Multivitamin  100pk",
        "price": 20,
        "unitPrice": "$20.00 / 100EA"
    },
    {
        "category": "health-beauty",
        "href": "https://www.woolworths.com.au/shop/productdetails/827250/vitaustralia-grape-seed-12000mg-capsules",
        "imgName": "827250.jpg",
        "imgSrc": "https://cdn0.woolworths.media/content/wowproductimages/medium/827250.jpg",
        "name": "Vitaustralia Grape Seed 12000mg Capsules 300pk",
        "price": 25.99,
        "unitPrice": "$8.66 / 100EA"
    },
    {
        "category": "health-beauty",
        "href": "https://www.woolworths.com.au/shop/productdetails/479938/solvo-soap-bar",
        "imgName": "479938.jpg",
        "imgSrc": "https://cdn0.woolworths.media/content/wowproductimages/medium/479938.jpg",
        "name": "Solvo Soap Bar  100g",
        "price": 2,
        "unitPrice": "$2.00 / 100G"
    },
    {
        "category": "health-beauty",
        "href": "https://www.woolworths.com.au/shop/productdetails/773400/astroglide-natural-personal-lubricant",
        "imgName": "773400.jpg",
        "imgSrc": "https://cdn0.woolworths.media/content/wowproductimages/medium/773400.jpg",
        "name": "Astroglide Natural Personal Lubricant  74ml",
        "price": 12.6,
        "unitPrice": "$17.03 / 100ML"
    },
    {
        "category": "health-beauty",
        "href": "https://www.woolworths.com.au/shop/productdetails/878738/rimmel-wake-me-up-mascara-black",
        "imgName": "878738.jpg",
        "imgSrc": "https://cdn0.woolworths.media/content/wowproductimages/medium/878738.jpg",
        "name": "Rimmel Wake Me Up Mascara Black 11ml",
        "price": 18.95,
        "unitPrice": "$17.23 / 10ML"
    },
    {
        "category": "health-beauty",
        "href": "https://www.woolworths.com.au/shop/productdetails/341232/dencorub-gels-pain-relief-heat-patch",
        "imgName": "341232.jpg",
        "imgSrc": "https://cdn0.woolworths.media/content/wowproductimages/medium/341232.jpg",
        "name": "Dencorub Gels Pain Relief Heat Patch 3pk",
        "price": 10,
        "unitPrice": "$3.33 / 1EA"
    },
    {
        "category": "health-beauty",
        "href": "https://www.woolworths.com.au/shop/productdetails/930114/sally-hansen-miracle-gel-duo-pack-birthday-suit",
        "imgName": "930114.jpg",
        "imgSrc": "https://cdn0.woolworths.media/content/wowproductimages/medium/930114.jpg",
        "name": "Sally Hansen Miracle Gel Duo Pack Birthday Suit 29.4ml",
        "price": 24.95,
        "unitPrice": "$8.49 / 10ML"
    },
    {
        "category": "health-beauty",
        "href": "https://www.woolworths.com.au/shop/productdetails/90000686/garnier-fructis-shampoo-oily-roots-dry-ends-250ml-x3-bundle",
        "imgName": "90000686.jpg",
        "imgSrc": "https://cdn0.woolworths.media/content/wowproductimages/medium/90000686.jpg",
        "name": "Garnier Fructis Shampoo Oily Roots Dry Ends 250ml X3 Bundle",
        "price": 15,
        "unitPrice": "$2.00 / 100ML"
    },
    {
        "category": "health-beauty",
        "href": "https://www.woolworths.com.au/shop/productdetails/729109/dove-women-antiperspirant-roll-on-deodorant-invisible-dry",
        "imgName": "729109.jpg",
        "imgSrc": "https://cdn0.woolworths.media/content/wowproductimages/medium/729109.jpg",
        "name": "Dove Women Antiperspirant Roll On Deodorant Invisible Dry 50ml",
        "price": 4,
        "unitPrice": "$8.00 / 100ML"
    },
    {
        "category": "health-beauty",
        "href": "https://www.woolworths.com.au/shop/productdetails/90000675/l-oreal-magic-retouch-regrowth-concealer-spray-black-x3-bundle",
        "imgName": "90000675.jpg",
        "imgSrc": "https://cdn0.woolworths.media/content/wowproductimages/medium/90000675.jpg",
        "name": "L'oreal Magic Retouch Regrowth Concealer Spray Black X3 Bundle",
        "price": 40,
        "unitPrice": "$17.78 / 100ML"
    },
    {
        "category": "health-beauty",
        "href": "https://www.woolworths.com.au/shop/productdetails/90000667/garnier-nutrisse-5-0-chocolate-brown-hair-colour-x2-bundle",
        "imgName": "90000667.jpg",
        "imgSrc": "https://cdn0.woolworths.media/content/wowproductimages/medium/90000667.jpg",
        "name": "Garnier Nutrisse 5.0 Chocolate Brown Hair Colour X2 Bundle",
        "price": 25,
        "unitPrice": "$12.50 / 1EA"
    },
    {
        "category": "health-beauty",
        "href": "https://www.woolworths.com.au/shop/productdetails/90000697/garnier-nutrisse-5-0-chocolate-brown-hair-colour-x3-bundle",
        "imgName": "90000697.jpg",
        "imgSrc": "https://cdn0.woolworths.media/content/wowproductimages/medium/90000697.jpg",
        "name": "Garnier Nutrisse 5.0 Chocolate Brown Hair Colour X3 Bundle",
        "price": 35,
        "unitPrice": "$11.67 / 1EA"
    },
    {
        "category": "health-beauty",
        "href": "https://www.woolworths.com.au/shop/productdetails/90000269/schick-intuition-blade-refill-3pk-x2-bundle",
        "imgName": "90000269.jpg",
        "imgSrc": "https://cdn0.woolworths.media/content/wowproductimages/medium/90000269.jpg",
        "name": "Schick Intuition Blade Refill 3pk X2 Bundle",
        "price": 20,
        "unitPrice": "$3.33 / 1EA"
    },
    {
        "category": "health-beauty",
        "href": "https://www.woolworths.com.au/shop/productdetails/90000722/simple-kind-to-skin-cleansing-facial-wipes-50-wipes-2pk-x2-bundle",
        "imgName": "90000722.jpg",
        "imgSrc": "https://cdn0.woolworths.media/content/wowproductimages/medium/90000722.jpg",
        "name": "Simple Kind To Skin Cleansing Facial Wipes 50 Wipes 2pk X2 Bundle",
        "price": 20,
        "unitPrice": "$0.20 / 1EA"
    },
    {
        "category": "health-beauty",
        "href": "https://www.woolworths.com.au/shop/productdetails/90000644/l-oreal-magic-retouch-regrowth-concealer-spray-light-brown-x2-bundle",
        "imgName": "90000644.jpg",
        "imgSrc": "https://cdn0.woolworths.media/content/wowproductimages/medium/90000644.jpg",
        "name": "L'oreal Magic Retouch Regrowth Concealer Spray Light Brown X2 Bundle",
        "price": 30,
        "unitPrice": "$20.00 / 100ML"
    },
    {
        "category": "health-beauty",
        "href": "https://www.woolworths.com.au/shop/productdetails/503638/nivea-men-aerosol-deodorant-protect-care",
        "imgName": "503638.jpg",
        "imgSrc": "https://cdn0.woolworths.media/content/wowproductimages/medium/503638.jpg",
        "name": "Nivea Men Aerosol Deodorant Protect & Care 250ml",
        "price": 6.5,
        "unitPrice": "$2.60 / 100ML"
    },
    {
        "category": "health-beauty",
        "href": "https://www.woolworths.com.au/shop/productdetails/46666/rexona-women-antiperspirant-deodorant-clincial-stress-control",
        "imgName": "046666.jpg",
        "imgSrc": "https://cdn0.woolworths.media/content/wowproductimages/medium/046666.jpg",
        "name": "Rexona Women Antiperspirant Deodorant Clincial Stress Control 45ml",
        "price": 15,
        "unitPrice": "$33.33 / 100ML"
    },
    {
        "category": "health-beauty",
        "href": "https://www.woolworths.com.au/shop/productdetails/30996/savlon-antiseptic-cream",
        "imgName": "030996.jpg",
        "imgSrc": "https://cdn0.woolworths.media/content/wowproductimages/medium/030996.jpg",
        "name": "Savlon Antiseptic Cream 75g",
        "price": 7,
        "unitPrice": "$9.33 / 100G"
    },
    {
        "category": "health-beauty",
        "href": "https://www.woolworths.com.au/shop/productdetails/6259/blackmores-executive-b-stress-formula-tablets",
        "imgName": "006259.jpg",
        "imgSrc": "https://cdn0.woolworths.media/content/wowproductimages/medium/006259.jpg",
        "name": "Blackmores Executive B Stress Formula Tablets 28pk",
        "price": 11.5,
        "unitPrice": "$41.07 / 100EA"
    },
    {
        "category": "health-beauty",
        "href": "https://www.woolworths.com.au/shop/productdetails/98689/schwarzkopf-nordic-blonde-l1-extreme-lightening",
        "imgName": "098689.jpg",
        "imgSrc": "https://cdn0.woolworths.media/content/wowproductimages/medium/098689.jpg",
        "name": "Schwarzkopf Nordic Blonde L1+ Extreme Lightening 1pk",
        "price": 11.55,
        "unitPrice": "$11.55 / 1EA"
    },
    {
        "category": "health-beauty",
        "href": "https://www.woolworths.com.au/shop/productdetails/96387/organic-care-anti-dandruff-2-in-1-gingkosil",
        "imgName": "096387.jpg",
        "imgSrc": "https://cdn0.woolworths.media/content/wowproductimages/medium/096387.jpg",
        "name": "Organic Care Anti Dandruff 2 In 1 Gingkosil 400ml",
        "price": 3.5,
        "unitPrice": "$0.88 / 100ML"
    },
    {
        "category": "health-beauty",
        "href": "https://www.woolworths.com.au/shop/productdetails/201432/garnier-fructis-conditioner-oily-roots-dry-ends",
        "imgName": "201432.jpg",
        "imgSrc": "https://cdn0.woolworths.media/content/wowproductimages/medium/201432.jpg",
        "name": "Garnier Fructis Conditioner Oily Roots Dry Ends 250ml",
        "price": 5.45,
        "unitPrice": "$2.18 / 100ML"
    },
    {
        "category": "health-beauty",
        "href": "https://www.woolworths.com.au/shop/productdetails/232635/clairol-nice-n-easy-root-touch-up-5-medium-brown",
        "imgName": "232635.jpg",
        "imgSrc": "https://cdn0.woolworths.media/content/wowproductimages/medium/232635.jpg",
        "name": "Clairol Nice N Easy Root Touch-up 5 Medium Brown each",
        "price": 13
    },
    {
        "category": "health-beauty",
        "href": "https://www.woolworths.com.au/shop/productdetails/253606/neutrogena-deep-clean-invigirating-scrub",
        "imgName": "253606.jpg",
        "imgSrc": "https://cdn0.woolworths.media/content/wowproductimages/medium/253606.jpg",
        "name": "Neutrogena Deep Clean Invigirating Scrub 125ml",
        "price": 14.49,
        "unitPrice": "$11.59 / 100ML"
    },
    {
        "category": "health-beauty",
        "href": "https://www.woolworths.com.au/shop/productdetails/235581/pears-handwash-liquid",
        "imgName": "235581.jpg",
        "imgSrc": "https://cdn0.woolworths.media/content/wowproductimages/medium/235581.jpg",
        "name": "Pears Handwash Liquid 237ml",
        "price": 3.49,
        "unitPrice": "$1.47 / 100ML"
    },
    {
        "category": "health-beauty",
        "href": "https://www.woolworths.com.au/shop/productdetails/249250/nicabate-quit-smoking-patches-clear-step-1",
        "imgName": "249250.jpg",
        "imgSrc": "https://cdn0.woolworths.media/content/wowproductimages/medium/249250.jpg",
        "name": "Nicabate Quit Smoking Patches Clear Step 1 7pk",
        "price": 35,
        "unitPrice": "$5.00 / 1EA"
    },
    {
        "category": "health-beauty",
        "href": "https://www.woolworths.com.au/shop/productdetails/248013/nivea-for-men-shave-gel-moisturising",
        "imgName": "248013.jpg",
        "imgSrc": "https://cdn0.woolworths.media/content/wowproductimages/medium/248013.jpg",
        "name": "Nivea For Men Shave Gel Moisturising 200ml",
        "price": 6,
        "unitPrice": "$3.00 / 100ML"
    },
    {
        "category": "health-beauty",
        "href": "https://www.woolworths.com.au/shop/productdetails/320413/braun-mobile-shave-shaver-m-30",
        "imgName": "320413.jpg",
        "imgSrc": "https://cdn0.woolworths.media/content/wowproductimages/medium/320413.jpg",
        "name": "Braun Mobile Shave Shaver M-30 1pk",
        "price": 30,
        "unitPrice": "$30.00 / 1EA"
    },
    {
        "category": "health-beauty",
        "href": "https://www.woolworths.com.au/shop/productdetails/511539/beckham-body-spray-instinct",
        "imgName": "511539.jpg",
        "imgSrc": "https://cdn0.woolworths.media/content/wowproductimages/medium/511539.jpg",
        "name": "Beckham Body Spray Instinct 150ml",
        "price": 8,
        "unitPrice": "$5.33 / 100ML"
    },
    {
        "category": "health-beauty",
        "href": "https://www.woolworths.com.au/shop/productdetails/365912/rimmel-soft-kohl-kajal-eye-pencil-011-sable-brown",
        "imgName": "365912.jpg",
        "imgSrc": "https://cdn0.woolworths.media/content/wowproductimages/medium/365912.jpg",
        "name": "Rimmel Soft Kohl Kajal Eye Pencil 011 Sable Brown 1.2g",
        "price": 8.95,
        "unitPrice": "$74.58 / 10G"
    },
    {
        "category": "health-beauty",
        "href": "https://www.woolworths.com.au/shop/productdetails/375897/joico-moisture-recovery-conditioner",
        "imgName": "375897.jpg",
        "imgSrc": "https://cdn0.woolworths.media/content/wowproductimages/medium/375897.jpg",
        "name": "Joico Moisture Recovery Conditioner  300ml",
        "price": 20,
        "unitPrice": "$6.67 / 100ML"
    },
    {
        "category": "health-beauty",
        "href": "https://www.woolworths.com.au/shop/productdetails/571676/swisse-vitamin-c-manuka-honey",
        "imgName": "571676.jpg",
        "imgSrc": "https://cdn0.woolworths.media/content/wowproductimages/medium/571676.jpg",
        "name": "Swisse Vitamin C + Manuka Honey  120 tab",
        "price": 30,
        "unitPrice": "$25.00 / 100EA"
    },
    {
        "category": "health-beauty",
        "href": "https://www.woolworths.com.au/shop/productdetails/324645/atkins-advantage-bar-chocolate-brownie",
        "imgName": "324645.jpg",
        "imgSrc": "https://cdn0.woolworths.media/content/wowproductimages/medium/324645.jpg",
        "name": "Atkins Advantage Bar Chocolate Brownie 60g",
        "price": 4.5,
        "unitPrice": "$7.50 / 100G"
    },
    {
        "category": "health-beauty",
        "href": "https://www.woolworths.com.au/shop/productdetails/436924/clearasil-ultra-5-in-1-scrub",
        "imgName": "436924.jpg",
        "imgSrc": "https://cdn0.woolworths.media/content/wowproductimages/medium/436924.jpg",
        "name": "Clearasil Ultra 5 In 1 Scrub  150ml",
        "price": 14.99,
        "unitPrice": "$9.99 / 100ML"
    },
    {
        "category": "health-beauty",
        "href": "https://www.woolworths.com.au/shop/productdetails/365870/rimmel-100-waterproof-mascara-black",
        "imgName": "365870.jpg",
        "imgSrc": "https://cdn0.woolworths.media/content/wowproductimages/medium/365870.jpg",
        "name": "Rimmel 100% Waterproof Mascara Black 8ml",
        "price": 12.95,
        "unitPrice": "$16.19 / 10ML"
    },
    {
        "category": "health-beauty",
        "href": "https://www.woolworths.com.au/shop/productdetails/324685/nature-s-way-joint-restore-glucosamine-chondrotitin-msm",
        "imgName": "324685.jpg",
        "imgSrc": "https://cdn0.woolworths.media/content/wowproductimages/medium/324685.jpg",
        "name": "Nature's Way Joint Restore Glucosamine Chondrotitin Msm 60pk",
        "price": 27.5,
        "unitPrice": "$45.83 / 100EA"
    },
    {
        "category": "health-beauty",
        "href": "https://www.woolworths.com.au/shop/productdetails/711581/nature-s-way-restore-daily-probiotic-chocballs",
        "imgName": "711581.jpg",
        "imgSrc": "https://cdn0.woolworths.media/content/wowproductimages/medium/711581.jpg",
        "name": "Nature's Way Restore Daily Probiotic Chocballs 60pk",
        "price": 20,
        "unitPrice": "$33.33 / 100EA"
    },
    {
        "category": "health-beauty",
        "href": "https://www.woolworths.com.au/shop/productdetails/749749/l-oreal-revitalift-eye-cream-laser",
        "imgName": "749749.jpg",
        "imgSrc": "https://cdn0.woolworths.media/content/wowproductimages/medium/749749.jpg",
        "name": "L'oreal Revitalift  Eye Cream Laser 15ml",
        "price": 49.99,
        "unitPrice": "$333.27 / 100ML"
    },
    {
        "category": "health-beauty",
        "href": "https://www.woolworths.com.au/shop/productdetails/567556/neutrogena-wrinkle-repair-eyecream",
        "imgName": "567556.jpg",
        "imgSrc": "https://cdn0.woolworths.media/content/wowproductimages/medium/567556.jpg",
        "name": "Neutrogena Wrinkle Repair Eyecream 14ml",
        "price": 35,
        "unitPrice": "$250.00 / 100ML"
    },
    {
        "category": "health-beauty",
        "href": "https://www.woolworths.com.au/shop/productdetails/404245/clif-bar-crunchy-peanut-butter",
        "imgName": "404245.jpg",
        "imgSrc": "https://cdn0.woolworths.media/content/wowproductimages/medium/404245.jpg",
        "name": "Clif Bar Crunchy Peanut Butter  68g",
        "price": 2.95,
        "unitPrice": "$4.34 / 100G"
    },
    {
        "category": "health-beauty",
        "href": "https://www.woolworths.com.au/shop/productdetails/381577/l-oreal-age-perfect-face-cream-day-intense-nutrition",
        "imgName": "381577.jpg",
        "imgSrc": "https://cdn0.woolworths.media/content/wowproductimages/medium/381577.jpg",
        "name": "L'oreal Age Perfect Face Cream Day Intense Nutrition 50ml",
        "price": 35.55,
        "unitPrice": "$71.10 / 100ML"
    },
    {
        "category": "health-beauty",
        "href": "https://www.woolworths.com.au/shop/productdetails/569286/cenovis-fish-oil-1500mg",
        "imgName": "569286.jpg",
        "imgSrc": "https://cdn0.woolworths.media/content/wowproductimages/medium/569286.jpg",
        "name": "Cenovis Fish Oil 1500mg 200pk",
        "price": 16,
        "unitPrice": "$8.00 / 100EA"
    },
    {
        "category": "health-beauty",
        "href": "https://www.woolworths.com.au/shop/productdetails/780065/nature-s-way-restore-probiotic-30-billion",
        "imgName": "780065.jpg",
        "imgSrc": "https://cdn0.woolworths.media/content/wowproductimages/medium/780065.jpg",
        "name": "Nature's Way Restore Probiotic 30 Billion 30pk",
        "price": 28,
        "unitPrice": "$93.33 / 100EA"
    },
    {
        "category": "health-beauty",
        "href": "https://www.woolworths.com.au/shop/productdetails/711547/nature-s-way-vitagummies-for-adults-multi-vitamin",
        "imgName": "711547.jpg",
        "imgSrc": "https://cdn0.woolworths.media/content/wowproductimages/medium/711547.jpg",
        "name": "Nature's Way Vitagummies For Adults Multi-vitamin 120pk",
        "price": 20,
        "unitPrice": "$16.67 / 100EA"
    },
    {
        "category": "health-beauty",
        "href": "https://www.woolworths.com.au/shop/productdetails/627674/fat-blaster-vanilla-shake",
        "imgName": "627674.jpg",
        "imgSrc": "https://cdn0.woolworths.media/content/wowproductimages/medium/627674.jpg",
        "name": "Fat Blaster Vanilla Shake 430g",
        "price": 20,
        "unitPrice": "$4.65 / 100G"
    },
    {
        "category": "health-beauty",
        "href": "https://www.woolworths.com.au/shop/productdetails/725754/ogx-conditioner-renewing-argan-oil-of-morocco",
        "imgName": "725754.jpg",
        "imgSrc": "https://cdn0.woolworths.media/content/wowproductimages/medium/725754.jpg",
        "name": "Ogx Conditioner Renewing Argan Oil Of Morocco 385ml",
        "price": 18,
        "unitPrice": "$4.68 / 100ML"
    },
    {
        "category": "health-beauty",
        "href": "https://www.woolworths.com.au/shop/productdetails/725119/swisse-ultiboost-zinc-tabs",
        "imgName": "725119.jpg",
        "imgSrc": "https://cdn0.woolworths.media/content/wowproductimages/medium/725119.jpg",
        "name": "Swisse Ultiboost Zinc+ Tabs 60",
        "price": 16.2,
        "unitPrice": "$27.00 / 100EA"
    },
    {
        "category": "health-beauty",
        "href": "https://www.woolworths.com.au/shop/productdetails/793452/neutrogena-spf-50-sunscreen-ultra-mist",
        "imgName": "793452.jpg",
        "imgSrc": "https://cdn0.woolworths.media/content/wowproductimages/medium/793452.jpg",
        "name": "Neutrogena Spf 50+ Sunscreen Ultra Mist 140g",
        "price": 15,
        "unitPrice": "$10.71 / 100G"
    },
    {
        "category": "health-beauty",
        "href": "https://www.woolworths.com.au/shop/productdetails/794758/gillette-mach-3-shaving-razor",
        "imgName": "794758.jpg",
        "imgSrc": "https://cdn0.woolworths.media/content/wowproductimages/medium/794758.jpg",
        "name": "Gillette Mach 3 Shaving Razor  each",
        "price": 9.5
    },
    {
        "category": "health-beauty",
        "href": "https://www.woolworths.com.au/shop/productdetails/720166/l-oreal-face-wash-men-expert-charcoal",
        "imgName": "720166.jpg",
        "imgSrc": "https://cdn0.woolworths.media/content/wowproductimages/medium/720166.jpg",
        "name": "L'oreal Face Wash Men Expert Charcoal 150ml",
        "price": 13,
        "unitPrice": "$8.67 / 100ML"
    },
    {
        "category": "health-beauty",
        "href": "https://www.woolworths.com.au/shop/productdetails/748286/rexona-women-antiperspirant-deodorant-spray-sexy-bouquet",
        "imgName": "748286.jpg",
        "imgSrc": "https://cdn0.woolworths.media/content/wowproductimages/medium/748286.jpg",
        "name": "Rexona Women Antiperspirant Deodorant Spray Sexy Bouquet 90g/150ml",
        "price": 5,
        "unitPrice": "$3.33 / 100ML"
    },
    {
        "category": "health-beauty",
        "href": "https://www.woolworths.com.au/shop/productdetails/841550/strepsils-sugar-free-lemon-lozenges",
        "imgName": "841550.jpg",
        "imgSrc": "https://cdn0.woolworths.media/content/wowproductimages/medium/841550.jpg",
        "name": "Strepsils Sugar Free Lemon Lozenges 36pk",
        "price": 10,
        "unitPrice": "$0.28 / 1EA"
    },
    {
        "category": "health-beauty",
        "href": "https://www.woolworths.com.au/shop/productdetails/764346/nivea-sun-kids-spf-50-sunscreen-roll-on",
        "imgName": "764346.jpg",
        "imgSrc": "https://cdn0.woolworths.media/content/wowproductimages/medium/764346.jpg",
        "name": "Nivea Sun Kids Spf 50+ Sunscreen Roll On 65ml",
        "price": 11,
        "unitPrice": "$16.92 / 100ML"
    },
    {
        "category": "health-beauty",
        "href": "https://www.woolworths.com.au/shop/productdetails/798333/atkins-endulge-3-bar-chocolate-break",
        "imgName": "798333.jpg",
        "imgSrc": "https://cdn0.woolworths.media/content/wowproductimages/medium/798333.jpg",
        "name": "Atkins Endulge 3 Bar Chocolate Break 64.5g",
        "price": 7,
        "unitPrice": "$10.85 / 100G"
    },
    {
        "category": "health-beauty",
        "href": "https://www.woolworths.com.au/shop/productdetails/731372/listerine-tooth-care-mouth-wash",
        "imgName": "731372.jpg",
        "imgSrc": "https://cdn0.woolworths.media/content/wowproductimages/medium/731372.jpg",
        "name": "Listerine Tooth Care Mouth Wash 80ml",
        "price": 2.5,
        "unitPrice": "$3.13 / 100ML"
    },
    {
        "category": "health-beauty",
        "href": "https://www.woolworths.com.au/shop/productdetails/89573/clairol-nice-n-easy-4-5rb-natural-reddish-brown",
        "imgName": "089573.jpg",
        "imgSrc": "https://cdn0.woolworths.media/content/wowproductimages/medium/089573.jpg",
        "name": "Clairol Nice N Easy 4.5rb Natural Reddish Brown each",
        "price": 13
    },
    {
        "category": "health-beauty",
        "href": "https://www.woolworths.com.au/shop/productdetails/175808/zovirax-cold-sore-cream-tube",
        "imgName": "175808.jpg",
        "imgSrc": "https://cdn0.woolworths.media/content/wowproductimages/medium/175808.jpg",
        "name": "Zovirax Cold Sore Cream Tube 2g",
        "price": 15,
        "unitPrice": "$75.00 / 10G"
    },
    {
        "category": "health-beauty",
        "href": "https://www.woolworths.com.au/shop/productdetails/199089/metamucil-orange-smooth-fibre-72-doses",
        "imgName": "199089.jpg",
        "imgSrc": "https://cdn0.woolworths.media/content/wowproductimages/medium/199089.jpg",
        "name": "Metamucil Orange Smooth Fibre 72 Doses 425g",
        "price": 18.9,
        "unitPrice": "$4.45 / 100G"
    },
    {
        "category": "health-beauty",
        "href": "https://www.woolworths.com.au/shop/productdetails/221577/cancer-council-kids-spf-50-sunscreen",
        "imgName": "221577.jpg",
        "imgSrc": "https://cdn0.woolworths.media/content/wowproductimages/medium/221577.jpg",
        "name": "Cancer Council Kids Spf 50+ Sunscreen 110ml",
        "price": 12,
        "unitPrice": "$10.91 / 100ML"
    },
    {
        "category": "health-beauty",
        "href": "https://www.woolworths.com.au/shop/productdetails/370940/sambucol-cough-syrups-cold-flu-liquid",
        "imgName": "370940.jpg",
        "imgSrc": "https://cdn0.woolworths.media/content/wowproductimages/medium/370940.jpg",
        "name": "Sambucol Cough Syrups Cold & Flu Liquid 120ml",
        "price": 18,
        "unitPrice": "$15.00 / 100ML"
    },
    {
        "category": "health-beauty",
        "href": "https://www.woolworths.com.au/shop/productdetails/452051/l-oreal-paris-magic-retouch-hair-colour-1-black",
        "imgName": "452051.jpg",
        "imgSrc": "https://cdn0.woolworths.media/content/wowproductimages/medium/452051.jpg",
        "name": "L'oreal Paris Magic Retouch Hair Colour 1 Black each",
        "price": 15.95,
        "unitPrice": "$21.27 / 100ML"
    },
    {
        "category": "health-beauty",
        "href": "https://www.woolworths.com.au/shop/productdetails/298905/l-oreal-face-care-men-expert-moisturiser-spf15",
        "imgName": "298905.jpg",
        "imgSrc": "https://cdn0.woolworths.media/content/wowproductimages/medium/298905.jpg",
        "name": "L'oreal Face Care Men Expert Moisturiser Spf15 50ml",
        "price": 16,
        "unitPrice": "$32.00 / 100ML"
    },
    {
        "category": "health-beauty",
        "href": "https://www.woolworths.com.au/shop/productdetails/939964/head-shoulders-damage-rescue-anti-dandruff-shampoo",
        "imgName": "939964.jpg",
        "imgSrc": "https://cdn0.woolworths.media/content/wowproductimages/medium/939964.jpg",
        "name": "Head & Shoulders Damage Rescue Anti-dandruff Shampoo 350ml",
        "price": 12.5,
        "unitPrice": "$3.57 / 100ML"
    },
    {
        "category": "health-beauty",
        "href": "https://www.woolworths.com.au/shop/productdetails/331379/clearasil-ultra-acne-treatment-4hr-rapid-action-pimple-cream",
        "imgName": "331379.jpg",
        "imgSrc": "https://cdn0.woolworths.media/content/wowproductimages/medium/331379.jpg",
        "name": "Clearasil Ultra Acne Treatment 4hr Rapid Action Pimple Cream 15g",
        "price": 14.79,
        "unitPrice": "$98.60 / 100ML"
    },
    {
        "category": "health-beauty",
        "href": "https://www.woolworths.com.au/shop/productdetails/738686/klorane-gentle-dry-shampoo",
        "imgName": "738686.jpg",
        "imgSrc": "https://cdn0.woolworths.media/content/wowproductimages/medium/738686.jpg",
        "name": "Klorane Gentle Dry Shampoo  150ml",
        "price": 13,
        "unitPrice": "$8.67 / 100ML"
    },
    {
        "category": "health-beauty",
        "href": "https://www.woolworths.com.au/shop/productdetails/232257/elastoplast-strappings-heavy-crepe-bandage",
        "imgName": "232257.jpg",
        "imgSrc": "https://cdn0.woolworths.media/content/wowproductimages/medium/232257.jpg",
        "name": "Elastoplast Strappings Heavy Crepe Bandage 4.5m",
        "price": 9.95,
        "unitPrice": "$4.33 / 1M"
    },
    {
        "category": "health-beauty",
        "href": "https://www.woolworths.com.au/shop/productdetails/232258/elastoplast-weight-crepe-bandage-unstretched-medium",
        "imgName": "232258.jpg",
        "imgSrc": "https://cdn0.woolworths.media/content/wowproductimages/medium/232258.jpg",
        "name": "Elastoplast Weight Crepe Bandage Unstretched Medium 7.5cm x 1.6m",
        "price": 8.5,
        "unitPrice": "$5.31 / 1M"
    },
    {
        "category": "health-beauty",
        "href": "https://www.woolworths.com.au/shop/productdetails/233495/stayfree-ultra-thins-pads-wings-light",
        "imgName": "233495.jpg",
        "imgSrc": "https://cdn0.woolworths.media/content/wowproductimages/medium/233495.jpg",
        "name": "Stayfree Ultra Thins Pads Wings Light 16pk",
        "price": 5,
        "unitPrice": "$0.31 / 1EA"
    },
    {
        "category": "health-beauty",
        "href": "https://www.woolworths.com.au/shop/productdetails/422305/atkins-advantage-cookies-cream",
        "imgName": "422305.jpg",
        "imgSrc": "https://cdn0.woolworths.media/content/wowproductimages/medium/422305.jpg",
        "name": "Atkins Advantage Cookies & Cream  5x30g",
        "price": 13,
        "unitPrice": "$8.67 / 100G"
    },
    {
        "category": "health-beauty",
        "href": "https://www.woolworths.com.au/shop/productdetails/503790/neutrogena-sunscreen-ultrasheer-fluid-spf50",
        "imgName": "503790.jpg",
        "imgSrc": "https://cdn0.woolworths.media/content/wowproductimages/medium/503790.jpg",
        "name": "Neutrogena Sunscreen Ultrasheer Fluid Spf50 40ml",
        "price": 20,
        "unitPrice": "$50.00 / 100ML"
    },
    {
        "category": "health-beauty",
        "href": "https://www.woolworths.com.au/shop/productdetails/706734/telfast-hay-fever-tablets-120mg",
        "imgName": "706734.jpg",
        "imgSrc": "https://cdn0.woolworths.media/content/wowproductimages/medium/706734.jpg",
        "name": "Telfast Hay Fever Tablets 120mg 5pk",
        "price": 7,
        "unitPrice": "$1.40 / 1EA"
    },
    {
        "category": "health-beauty",
        "href": "https://www.woolworths.com.au/shop/productdetails/371111/milk-face-care-moisturiser-sunscreen",
        "imgName": "371111.jpg",
        "imgSrc": "https://cdn0.woolworths.media/content/wowproductimages/medium/371111.jpg",
        "name": "Milk Face Care Moisturiser & Sunscreen 150ml",
        "price": 15,
        "unitPrice": "$10.00 / 100ML"
    },
    {
        "category": "health-beauty",
        "href": "https://www.woolworths.com.au/shop/productdetails/825624/rimmel-london-lip-colour-kiss-me-you-fool",
        "imgName": "825624.jpg",
        "imgSrc": "https://cdn0.woolworths.media/content/wowproductimages/medium/825624.jpg",
        "name": "Rimmel London Lip Colour Kiss Me You Fool 7ml",
        "price": 18.95,
        "unitPrice": "$27.07 / 10ML"
    },
    {
        "category": "health-beauty",
        "href": "https://www.woolworths.com.au/shop/productdetails/7523/just-for-men-hair-colour-real-black",
        "imgName": "007523.jpg",
        "imgSrc": "https://cdn0.woolworths.media/content/wowproductimages/medium/007523.jpg",
        "name": "Just For Men Hair Colour Real Black 100g",
        "price": 13,
        "unitPrice": "$13.00 / 100G"
    },
    {
        "category": "health-beauty",
        "href": "https://www.woolworths.com.au/shop/productdetails/316823/shockwaves-gel-extreme-hold",
        "imgName": "316823.jpg",
        "imgSrc": "https://cdn0.woolworths.media/content/wowproductimages/medium/316823.jpg",
        "name": "Shockwaves Gel Extreme Hold 250ml",
        "price": 5,
        "unitPrice": "$2.00 / 100ML"
    },
    {
        "category": "health-beauty",
        "href": "https://www.woolworths.com.au/shop/productdetails/507559/hydralyte-sports-drink-berry",
        "imgName": "507559.jpg",
        "imgSrc": "https://cdn0.woolworths.media/content/wowproductimages/medium/507559.jpg",
        "name": "Hydralyte Sports Drink Berry 600ml",
        "price": 4,
        "unitPrice": "$0.67 / 100ML"
    },
    {
        "category": "health-beauty",
        "href": "https://www.woolworths.com.au/shop/productdetails/566747/manicare-grooming-set-manicure-pedicure",
        "imgName": "566747.jpg",
        "imgSrc": "https://cdn0.woolworths.media/content/wowproductimages/medium/566747.jpg",
        "name": "Manicare Grooming Set Manicure & Pedicure 4pk",
        "price": 16
    },
    {
        "category": "health-beauty",
        "href": "https://www.woolworths.com.au/shop/productdetails/708348/oscar-orsen-decorated-sectioning-clip",
        "imgName": "708348.jpg",
        "imgSrc": "https://cdn0.woolworths.media/content/wowproductimages/medium/708348.jpg",
        "name": "Oscar Orsen Decorated Sectioning Clip each",
        "price": 5
    },
    {
        "category": "health-beauty",
        "href": "https://www.woolworths.com.au/shop/productdetails/425953/ecotools-enhancing-eye-set",
        "imgName": "425953.jpg",
        "imgSrc": "https://cdn0.woolworths.media/content/wowproductimages/medium/425953.jpg",
        "name": "Ecotools Enhancing Eye Set  each",
        "price": 17.99
    },
    {
        "category": "health-beauty",
        "href": "https://www.woolworths.com.au/shop/productdetails/14260/rimmel-exaggerate-auto-waterproof-eye-definer-noir",
        "imgName": "014260.jpg",
        "imgSrc": "https://cdn0.woolworths.media/content/wowproductimages/medium/014260.jpg",
        "name": "Rimmel Exaggerate Auto Waterproof Eye Definer Noir each",
        "price": 12.95
    },
    {
        "category": "health-beauty",
        "href": "https://www.woolworths.com.au/shop/productdetails/14610/pantene-pro-v-creme-for-hair-ultimate-10-bb",
        "imgName": "014610.jpg",
        "imgSrc": "https://cdn0.woolworths.media/content/wowproductimages/medium/014610.jpg",
        "name": "Pantene Pro-v Creme For Hair Ultimate 10 Bb 135ml",
        "price": 11,
        "unitPrice": "$8.15 / 100ML"
    },
    {
        "category": "health-beauty",
        "href": "https://www.woolworths.com.au/shop/productdetails/173123/scholl-gel-finger-toe-foot-care-protector",
        "imgName": "173123.jpg",
        "imgSrc": "https://cdn0.woolworths.media/content/wowproductimages/medium/173123.jpg",
        "name": "Scholl Gel Finger & Toe Foot Care Protector 1pk",
        "price": 13,
        "unitPrice": "$13.00 / 1EA"
    },
    {
        "category": "health-beauty",
        "href": "https://www.woolworths.com.au/shop/productdetails/724493/opti-free-contact-solution-pure-moist",
        "imgName": "724493.jpg",
        "imgSrc": "https://cdn0.woolworths.media/content/wowproductimages/medium/724493.jpg",
        "name": "Opti Free Contact Solution Pure Moist 90ml",
        "price": 8,
        "unitPrice": "$8.89 / 100ML"
    },
    {
        "category": "health-beauty",
        "href": "https://www.woolworths.com.au/shop/productdetails/793575/schick-intuition-razor-pure-nourish-cartridges",
        "imgName": "793575.jpg",
        "imgSrc": "https://cdn0.woolworths.media/content/wowproductimages/medium/793575.jpg",
        "name": "Schick Intuition Razor Pure Nourish Cartridges 3pk",
        "price": 12.7,
        "unitPrice": "$4.23 / 1EA"
    },
    {
        "category": "health-beauty",
        "href": "https://www.woolworths.com.au/shop/productdetails/769042/swisse-ultiboost-probiotic-shelf-stable-35b-caps",
        "imgName": "769042.jpg",
        "imgSrc": "https://cdn0.woolworths.media/content/wowproductimages/medium/769042.jpg",
        "name": "Swisse Ultiboost Probiotic Shelf Stable 35b Caps 30pk",
        "price": 37,
        "unitPrice": "$123.33 / 100EA"
    },
    {
        "category": "health-beauty",
        "href": "https://www.woolworths.com.au/shop/productdetails/378526/atkins-day-break-bar-chocolate-chip-crisp",
        "imgName": "378526.jpg",
        "imgSrc": "https://cdn0.woolworths.media/content/wowproductimages/medium/378526.jpg",
        "name": "Atkins Day Break Bar Chocolate Chip Crisp 5x37g"
    },
    {
        "category": "health-beauty",
        "href": "https://www.woolworths.com.au/shop/productdetails/486539/ogx-shampoo-strength-body-bamboo-fiber-full",
        "imgName": "486539.jpg",
        "imgSrc": "https://cdn0.woolworths.media/content/wowproductimages/medium/486539.jpg",
        "name": "Ogx Shampoo Strength & Body Bamboo Fiber-full 385ml",
        "price": 18,
        "unitPrice": "$4.68 / 100ML"
    },
    {
        "category": "health-beauty",
        "href": "https://www.woolworths.com.au/shop/productdetails/755601/codral-relief-6-signs-capsules",
        "imgName": "755601.jpg",
        "imgSrc": "https://cdn0.woolworths.media/content/wowproductimages/medium/755601.jpg",
        "name": "Codral Relief 6 Signs Capsules 16pk",
        "price": 15.5,
        "unitPrice": "$0.97 / 1EA"
    },
    {
        "category": "health-beauty",
        "href": "https://www.woolworths.com.au/shop/productdetails/5897/schick-razor-blades-ultra-plus",
        "imgName": "005897.jpg",
        "imgSrc": "https://cdn0.woolworths.media/content/wowproductimages/medium/005897.jpg",
        "name": "Schick Razor Blades Ultra Plus 5pk",
        "price": 9,
        "unitPrice": "$1.80 / 1EA"
    },
    {
        "category": "health-beauty",
        "href": "https://www.woolworths.com.au/shop/productdetails/224197/atkins-endulge-bar-milk-chocolate",
        "imgName": "224197.jpg",
        "imgSrc": "https://cdn0.woolworths.media/content/wowproductimages/medium/224197.jpg",
        "name": "Atkins Endulge Bar Milk Chocolate 30g",
        "price": 3,
        "unitPrice": "$10.00 / 100G"
    },
    {
        "category": "health-beauty",
        "href": "https://www.woolworths.com.au/shop/productdetails/609209/dove-dry-shampoo-refresh-care",
        "imgName": "609209.jpg",
        "imgSrc": "https://cdn0.woolworths.media/content/wowproductimages/medium/609209.jpg",
        "name": "Dove Dry Shampoo Refresh & Care 250ml",
        "price": 10,
        "unitPrice": "$4.00 / 100ML"
    },
    {
        "category": "health-beauty",
        "href": "https://www.woolworths.com.au/shop/productdetails/612289/telfast-hay-fever-tablets-60mg",
        "imgName": "612289.jpg",
        "imgSrc": "https://cdn0.woolworths.media/content/wowproductimages/medium/612289.jpg",
        "name": "Telfast Hay Fever Tablets 60mg 20pk",
        "price": 12,
        "unitPrice": "$0.60 / 1EA"
    },
    {
        "category": "health-beauty",
        "href": "https://www.woolworths.com.au/shop/productdetails/248761/neutrogena-fresh-foaming-cleanser",
        "imgName": "248761.jpg",
        "imgSrc": "https://cdn0.woolworths.media/content/wowproductimages/medium/248761.jpg",
        "name": "Neutrogena Fresh Foaming Cleanser  200ml",
        "price": 12.79,
        "unitPrice": "$6.40 / 100ML"
    },
    {
        "category": "health-beauty",
        "href": "https://www.woolworths.com.au/shop/productdetails/715669/neutrogena-make-up-remover-wipes",
        "imgName": "715669.jpg",
        "imgSrc": "https://cdn0.woolworths.media/content/wowproductimages/medium/715669.jpg",
        "name": "Neutrogena Make Up Remover Wipes 25pk",
        "price": 8.49,
        "unitPrice": "$0.34 / 1EA"
    },
    {
        "category": "health-beauty",
        "href": "https://www.woolworths.com.au/shop/productdetails/762851/nicortte-patch-invisipatch",
        "imgName": "762851.jpg",
        "imgSrc": "https://cdn0.woolworths.media/content/wowproductimages/medium/762851.jpg",
        "name": "Nicortte Patch Invisipatch 25mg 7",
        "price": 35,
        "unitPrice": "$5.00 / 1EA"
    },
    {
        "category": "health-beauty",
        "href": "https://www.woolworths.com.au/shop/productdetails/826657/steradent-sensitive-fixative-denture-care",
        "imgName": "826657.jpg",
        "imgSrc": "https://cdn0.woolworths.media/content/wowproductimages/medium/826657.jpg",
        "name": "Steradent Sensitive Fixative Denture Care 40g",
        "price": 8.99,
        "unitPrice": "$22.48 / 100G"
    },
    {
        "category": "health-beauty",
        "href": "https://www.woolworths.com.au/shop/productdetails/706904/telfast-hay-fever-tablets-60mg",
        "imgName": "706904.jpg",
        "imgSrc": "https://cdn0.woolworths.media/content/wowproductimages/medium/706904.jpg",
        "name": "Telfast Hay Fever Tablets 60mg 10pk",
        "price": 7,
        "unitPrice": "$0.70 / 1EA"
    },
    {
        "category": "health-beauty",
        "href": "https://www.woolworths.com.au/shop/productdetails/941361/blackmores-muscle-magnesium",
        "imgName": "941361.jpg",
        "imgSrc": "https://cdn0.woolworths.media/content/wowproductimages/medium/941361.jpg",
        "name": "Blackmores Muscle Magnesium  150g",
        "price": 29,
        "unitPrice": "$19.33 / 100G"
    },
    {
        "category": "health-beauty",
        "href": "https://www.woolworths.com.au/shop/productdetails/92811/vaseline-intensive-care-hand-cream-healthy-hands-stronger-nails",
        "imgName": "092811.jpg",
        "imgSrc": "https://cdn0.woolworths.media/content/wowproductimages/medium/092811.jpg",
        "name": "Vaseline Intensive Care Hand Cream Healthy Hands Stronger Nails 75ml",
        "price": 5.5,
        "unitPrice": "$7.33 / 100ML"
    },
    {
        "category": "health-beauty",
        "href": "https://www.woolworths.com.au/shop/productdetails/95127/synergy-natural-spirulina-tablets",
        "imgName": "095127.jpg",
        "imgSrc": "https://cdn0.woolworths.media/content/wowproductimages/medium/095127.jpg",
        "name": "Synergy Natural Spirulina Tablets 200pk",
        "price": 21.5,
        "unitPrice": "$10.75 / 100EA"
    },
    {
        "category": "health-beauty",
        "href": "https://www.woolworths.com.au/shop/productdetails/237747/band-aid-gel-strip-blister-block-healing",
        "imgName": "237747.jpg",
        "imgSrc": "https://cdn0.woolworths.media/content/wowproductimages/medium/237747.jpg",
        "name": "Band-aid Gel Strip Blister Block Healing 4pk",
        "price": 7,
        "unitPrice": "$1.75 / 1EA"
    },
    {
        "category": "health-beauty",
        "href": "https://www.woolworths.com.au/shop/productdetails/533683/l-oreal-paris-pure-clay-detoxifing-brightening-charcoal-mask",
        "imgName": "533683.jpg",
        "imgSrc": "https://cdn0.woolworths.media/content/wowproductimages/medium/533683.jpg",
        "name": "L'oreal Paris Pure Clay Detoxifing & Brightening Charcoal Mask 50ml",
        "price": 20,
        "unitPrice": "$40.00 / 100ML"
    },
    {
        "category": "health-beauty",
        "href": "https://www.woolworths.com.au/shop/productdetails/758245/dove-men-shampoo-2in1-daily-deep-clean",
        "imgName": "758245.jpg",
        "imgSrc": "https://cdn0.woolworths.media/content/wowproductimages/medium/758245.jpg",
        "name": "Dove Men Shampoo 2in1 Daily Deep Clean 300ml",
        "price": 6.75,
        "unitPrice": "$2.25 / 100ML"
    },
    {
        "category": "health-beauty",
        "href": "https://www.woolworths.com.au/shop/productdetails/731185/celebrity-slim-low-carb-shake-mix-chocolate-sachet",
        "imgName": "731185.jpg",
        "imgSrc": "https://cdn0.woolworths.media/content/wowproductimages/medium/731185.jpg",
        "name": "Celebrity Slim Low Carb Shake Mix Chocolate Sachet 55g",
        "price": 3.5,
        "unitPrice": "$6.36 / 100G"
    },
    {
        "category": "health-beauty",
        "href": "https://www.woolworths.com.au/shop/productdetails/740162/rimmel-bb-cream-001-light",
        "imgName": "740162.jpg",
        "imgSrc": "https://cdn0.woolworths.media/content/wowproductimages/medium/740162.jpg",
        "name": "Rimmel Bb Cream 001 Light 30ml",
        "price": 13.95,
        "unitPrice": "$4.65 / 10ML"
    },
    {
        "category": "health-beauty",
        "href": "https://www.woolworths.com.au/shop/productdetails/90000321/nivea-men-cool-kick-aerosol-deodorant-moisturising-shave-gel-bundle",
        "imgName": "90000321.jpg",
        "imgSrc": "https://cdn0.woolworths.media/content/wowproductimages/medium/90000321.jpg",
        "name": "Nivea Men Cool Kick Aerosol Deodorant & Moisturising Shave Gel Bundle",
        "price": 9
    },
    {
        "category": "health-beauty",
        "href": "https://www.woolworths.com.au/shop/productdetails/90000731/sunsilk-shampoo-conditioner-with-vo5-heat-protect-bundle",
        "imgName": "90000731.jpg",
        "imgSrc": "https://cdn0.woolworths.media/content/wowproductimages/medium/90000731.jpg",
        "name": "Sunsilk Shampoo & Conditioner With & Vo5 Heat Protect Bundle",
        "price": 15
    },
    {
        "category": "health-beauty",
        "href": "https://www.woolworths.com.au/shop/productdetails/567546/skin-therapy-eternal-jellyfish-complex-dna-miracle-cr-me",
        "imgName": "567546.jpg",
        "imgSrc": "https://cdn0.woolworths.media/content/wowproductimages/medium/567546.jpg",
        "name": "Skin Therapy Eternal Jellyfish Complex Dna Miracle Cr\u00e8me 50ml",
        "price": 30,
        "unitPrice": "$60.00 / 100ML"
    },
    {
        "category": "health-beauty",
        "href": "https://www.woolworths.com.au/shop/productdetails/756824/physiologic-thermometer-5-second",
        "imgName": "756824.jpg",
        "imgSrc": "https://cdn0.woolworths.media/content/wowproductimages/medium/756824.jpg",
        "name": "Physiologic Thermometer 5 Second each",
        "price": 13.99,
        "unitPrice": "$13.99 / 1EA"
    },
    {
        "category": "health-beauty",
        "href": "https://www.woolworths.com.au/shop/productdetails/1666/mitchum-men-s-deodorant-roll-on-sport",
        "imgName": "001666.jpg",
        "imgSrc": "https://cdn0.woolworths.media/content/wowproductimages/medium/001666.jpg",
        "name": "Mitchum Men's Deodorant Roll On Sport 50ml",
        "price": 3.8,
        "unitPrice": "$7.60 / 100ML"
    },
    {
        "category": "health-beauty",
        "href": "https://www.woolworths.com.au/shop/productdetails/31193/schwarzkopf-extra-care-mousse-strong-hold",
        "imgName": "031193.jpg",
        "imgSrc": "https://cdn0.woolworths.media/content/wowproductimages/medium/031193.jpg",
        "name": "Schwarzkopf Extra Care Mousse Strong Hold 150g",
        "price": 5.1,
        "unitPrice": "$3.40 / 100G"
    },
    {
        "category": "health-beauty",
        "href": "https://www.woolworths.com.au/shop/productdetails/41420/mitchum-men-s-deodorant-roll-on-unscented",
        "imgName": "041420.jpg",
        "imgSrc": "https://cdn0.woolworths.media/content/wowproductimages/medium/041420.jpg",
        "name": "Mitchum Men's Deodorant Roll On Unscented 50ml",
        "price": 3.8,
        "unitPrice": "$7.60 / 100ML"
    },
    {
        "category": "health-beauty",
        "href": "https://www.woolworths.com.au/shop/productdetails/55926/just-for-men-moustache-beard-medium-brown",
        "imgName": "055926.jpg",
        "imgSrc": "https://cdn0.woolworths.media/content/wowproductimages/medium/055926.jpg",
        "name": "Just For Men Moustache & Beard Medium Brown 70g",
        "price": 13,
        "unitPrice": "$18.57 / 100G"
    },
    {
        "category": "health-beauty",
        "href": "https://www.woolworths.com.au/shop/productdetails/134174/blackmores-vitamin-e-1000iu-capsules",
        "imgName": "134174.jpg",
        "imgSrc": "https://cdn0.woolworths.media/content/wowproductimages/medium/134174.jpg",
        "name": "Blackmores Vitamin E 1000iu Capsules 30pk",
        "price": 15.5,
        "unitPrice": "$51.67 / 100EA"
    },
    {
        "category": "health-beauty",
        "href": "https://www.woolworths.com.au/shop/productdetails/142893/blistex-lip-care-ultra-spf-30-balm",
        "imgName": "142893.jpg",
        "imgSrc": "https://cdn0.woolworths.media/content/wowproductimages/medium/142893.jpg",
        "name": "Blistex Lip Care Ultra Spf 30+ Balm 4.25g",
        "price": 3.99,
        "unitPrice": "$93.88 / 100G"
    },
    {
        "category": "health-beauty",
        "href": "https://www.woolworths.com.au/shop/productdetails/194460/elastoplast-fabric-strips-dressing-fabric",
        "imgName": "194460.jpg",
        "imgSrc": "https://cdn0.woolworths.media/content/wowproductimages/medium/194460.jpg",
        "name": "Elastoplast Fabric Strips Dressing Fabric 10pk",
        "price": 5.65,
        "unitPrice": "$0.57 / 1EA"
    },
    {
        "category": "health-beauty",
        "href": "https://www.woolworths.com.au/shop/productdetails/147299/band-aid-gel-strip-advanced-healing-regular",
        "imgName": "147299.jpg",
        "imgSrc": "https://cdn0.woolworths.media/content/wowproductimages/medium/147299.jpg",
        "name": "Band-aid Gel Strip Advanced Healing Regular 10pk",
        "price": 7.69,
        "unitPrice": "$0.77 / 1EA"
    },
    {
        "category": "health-beauty",
        "href": "https://www.woolworths.com.au/shop/productdetails/146376/nature-s-way-true-odourless-fish-oil-capsules-1000mg",
        "imgName": "146376.jpg",
        "imgSrc": "https://cdn0.woolworths.media/content/wowproductimages/medium/146376.jpg",
        "name": "Nature's Way True Odourless Fish Oil Capsules 1000mg 200pk",
        "price": 15,
        "unitPrice": "$7.50 / 100EA"
    },
    {
        "category": "health-beauty",
        "href": "https://www.woolworths.com.au/shop/productdetails/192635/natures-way-protein-powder-vanilla",
        "imgName": "192635.jpg",
        "imgSrc": "https://cdn0.woolworths.media/content/wowproductimages/medium/192635.jpg",
        "name": "Natures Way Protein Powder Vanilla 375g",
        "price": 21,
        "unitPrice": "$5.60 / 100G"
    },
    {
        "category": "health-beauty",
        "href": "https://www.woolworths.com.au/shop/productdetails/225621/band-aid-tough-strips-regular",
        "imgName": "225621.jpg",
        "imgSrc": "https://cdn0.woolworths.media/content/wowproductimages/medium/225621.jpg",
        "name": "Band-aid Tough Strips Regular 20pk",
        "price": 3,
        "unitPrice": "$0.15 / 1EA"
    },
    {
        "category": "health-beauty",
        "href": "https://www.woolworths.com.au/shop/productdetails/273110/nivea-lip-care-balm-hydro-care",
        "imgName": "273110.jpg",
        "imgSrc": "https://cdn0.woolworths.media/content/wowproductimages/medium/273110.jpg",
        "name": "Nivea Lip Care Balm Hydro Care 4.8g",
        "price": 4,
        "unitPrice": "$83.33 / 100G"
    },
    {
        "category": "health-beauty",
        "href": "https://www.woolworths.com.au/shop/productdetails/370388/just-for-men-moustache-beard-dark-brown",
        "imgName": "370388.jpg",
        "imgSrc": "https://cdn0.woolworths.media/content/wowproductimages/medium/370388.jpg",
        "name": "Just For Men Moustache & Beard Dark Brown 70g",
        "price": 13,
        "unitPrice": "$18.57 / 100G"
    },
    {
        "category": "health-beauty",
        "href": "https://www.woolworths.com.au/shop/productdetails/329273/nailene-ultra-quick-nail-glue",
        "imgName": "329273.jpg",
        "imgSrc": "https://cdn0.woolworths.media/content/wowproductimages/medium/329273.jpg",
        "name": "Nailene Ultra Quick Nail Glue 3g",
        "price": 6.99,
        "unitPrice": "$23.30 / 10G"
    },
    {
        "category": "health-beauty",
        "href": "https://www.woolworths.com.au/shop/productdetails/329314/nivea-body-moisturiser-q10-firming-body-lotion",
        "imgName": "329314.jpg",
        "imgSrc": "https://cdn0.woolworths.media/content/wowproductimages/medium/329314.jpg",
        "name": "Nivea Body Moisturiser Q10 Firming Body Lotion 250ml",
        "price": 5.99,
        "unitPrice": "$2.40 / 100ML"
    },
    {
        "category": "health-beauty",
        "href": "https://www.woolworths.com.au/shop/productdetails/370899/st-ives-naturally-clear-scrub-green-tea",
        "imgName": "370899.jpg",
        "imgSrc": "https://cdn0.woolworths.media/content/wowproductimages/medium/370899.jpg",
        "name": "St Ives Naturally Clear Scrub Green Tea 150ml",
        "price": 10,
        "unitPrice": "$6.67 / 100ML"
    },
    {
        "category": "health-beauty",
        "href": "https://www.woolworths.com.au/shop/productdetails/518433/voeu-age-regenerate-anti-ageing-night-moisturiser",
        "imgName": "518433.jpg",
        "imgSrc": "https://cdn0.woolworths.media/content/wowproductimages/medium/518433.jpg",
        "name": "Voeu Age Regenerate Anti-ageing Night Moisturiser 50ml",
        "price": 8,
        "unitPrice": "$16.00 / 100ML"
    },
    {
        "category": "health-beauty",
        "href": "https://www.woolworths.com.au/shop/productdetails/480489/centrum-centrum-gummies-adult-multi-s",
        "imgName": "480489.jpg",
        "imgSrc": "https://cdn0.woolworths.media/content/wowproductimages/medium/480489.jpg",
        "name": "Centrum Centrum Gummies Adult Multi's  70ea",
        "price": 13,
        "unitPrice": "$18.57 / 100EA"
    },
    {
        "category": "health-beauty",
        "href": "https://www.woolworths.com.au/shop/productdetails/575818/gillette-fusion-proshield-chill-cartridges",
        "imgName": "575818.jpg",
        "imgSrc": "https://cdn0.woolworths.media/content/wowproductimages/medium/575818.jpg",
        "name": "Gillette Fusion Proshield Chill Cartridges 8pk",
        "price": 52,
        "unitPrice": "$6.50 / 1EA"
    },
    {
        "category": "health-beauty",
        "href": "https://www.woolworths.com.au/shop/productdetails/566520/nature-s-way-activated-curcumin-turmeric-concentrate-joint-ease",
        "imgName": "566520.jpg",
        "imgSrc": "https://cdn0.woolworths.media/content/wowproductimages/medium/566520.jpg",
        "name": "Nature's Way Activated Curcumin Turmeric Concentrate Joint Ease 50pk",
        "price": 36,
        "unitPrice": "$72.00 / 100EA"
    },
    {
        "category": "health-beauty",
        "href": "https://www.woolworths.com.au/shop/productdetails/741010/poise-hourglass-pads-extra",
        "imgName": "741010.jpg",
        "imgSrc": "https://cdn0.woolworths.media/content/wowproductimages/medium/741010.jpg",
        "name": "Poise Hourglass Pads Extra 12pk",
        "price": 6,
        "unitPrice": "$0.50 / 1EA"
    },
    {
        "category": "health-beauty",
        "href": "https://www.woolworths.com.au/shop/productdetails/716988/oscar-orsen-metal-tail-comb",
        "imgName": "716988.jpg",
        "imgSrc": "https://cdn0.woolworths.media/content/wowproductimages/medium/716988.jpg",
        "name": "Oscar Orsen Metal Tail Comb each",
        "price": 3
    },
    {
        "category": "health-beauty",
        "href": "https://www.woolworths.com.au/shop/productdetails/723015/opti-free-replenish",
        "imgName": "723015.jpg",
        "imgSrc": "https://cdn0.woolworths.media/content/wowproductimages/medium/723015.jpg",
        "name": "Opti Free Replenish  300ml",
        "price": 17.3,
        "unitPrice": "$5.77 / 100ML"
    },
    {
        "category": "health-beauty",
        "href": "https://www.woolworths.com.au/shop/productdetails/716931/blistex-lip-care-medicated-relief",
        "imgName": "716931.jpg",
        "imgSrc": "https://cdn0.woolworths.media/content/wowproductimages/medium/716931.jpg",
        "name": "Blistex Lip Care Medicated Relief 6g",
        "price": 4.99,
        "unitPrice": "$83.17 / 100G"
    },
    {
        "category": "health-beauty",
        "href": "https://www.woolworths.com.au/shop/productdetails/705837/nature-s-way-kids-smart-vita-gummies-multivitamin",
        "imgName": "705837.jpg",
        "imgSrc": "https://cdn0.woolworths.media/content/wowproductimages/medium/705837.jpg",
        "name": "Nature's Way Kids Smart Vita-gummies Multivitamin 120pk",
        "price": 26,
        "unitPrice": "$21.67 / 100EA"
    },
    {
        "category": "health-beauty",
        "href": "https://www.woolworths.com.au/shop/productdetails/707405/sensodyne-total-care-toothbrush",
        "imgName": "707405.jpg",
        "imgSrc": "https://cdn0.woolworths.media/content/wowproductimages/medium/707405.jpg",
        "name": "Sensodyne Total Care Toothbrush  3pk",
        "price": 10.5,
        "unitPrice": "$3.50 / 1EA"
    },
    {
        "category": "health-beauty",
        "href": "https://www.woolworths.com.au/shop/productdetails/740153/swisspers-cotton-large-make-up-pads",
        "imgName": "740153.jpg",
        "imgSrc": "https://cdn0.woolworths.media/content/wowproductimages/medium/740153.jpg",
        "name": "Swisspers Cotton Large Make Up Pads 50pk",
        "price": 3.75,
        "unitPrice": "$3.75 / 1EA"
    },
    {
        "category": "health-beauty",
        "href": "https://www.woolworths.com.au/shop/productdetails/712408/rexona-men-clinical-protection-antiperspirant-deodorant-sport",
        "imgName": "712408.jpg",
        "imgSrc": "https://cdn0.woolworths.media/content/wowproductimages/medium/712408.jpg",
        "name": "Rexona Men Clinical Protection Antiperspirant Deodorant Sport 45ml",
        "price": 15,
        "unitPrice": "$33.33 / 100ML"
    },
    {
        "category": "health-beauty",
        "href": "https://www.woolworths.com.au/shop/productdetails/795910/bondi-sands-self-tan-foam-dark",
        "imgName": "795910.jpg",
        "imgSrc": "https://cdn0.woolworths.media/content/wowproductimages/medium/795910.jpg",
        "name": "Bondi Sands Self Tan Foam Dark 200ml",
        "price": 20,
        "unitPrice": "$10.00 / 100ML"
    },
    {
        "category": "health-beauty",
        "href": "https://www.woolworths.com.au/shop/productdetails/825623/rimmel-london-lip-colour-i-ll-call-you",
        "imgName": "825623.jpg",
        "imgSrc": "https://cdn0.woolworths.media/content/wowproductimages/medium/825623.jpg",
        "name": "Rimmel London Lip Colour I'll Call You",
        "price": 18.95,
        "unitPrice": "$15.79 / 10ML"
    },
    {
        "category": "health-beauty",
        "href": "https://www.woolworths.com.au/shop/productdetails/841542/rexona-women-antiperspirant-deodorant-stick-shower-fresh",
        "imgName": "841542.jpg",
        "imgSrc": "https://cdn0.woolworths.media/content/wowproductimages/medium/841542.jpg",
        "name": "Rexona Women Antiperspirant Deodorant Stick Shower Fresh 42ml",
        "price": 5,
        "unitPrice": "$11.90 / 100G"
    },
    {
        "category": "health-beauty",
        "href": "https://www.woolworths.com.au/shop/productdetails/321623/swisse-ultivite-women-s-multivitamin-tablets",
        "imgName": "321623.jpg",
        "imgSrc": "https://cdn0.woolworths.media/content/wowproductimages/medium/321623.jpg",
        "name": "Swisse Ultivite Women's Multivitamin Tablets 120",
        "price": 57,
        "unitPrice": "$47.50 / 100EA"
    },
    {
        "category": "health-beauty",
        "href": "https://www.woolworths.com.au/shop/productdetails/828831/gillette-mach-3-shaving-blade-refill",
        "imgName": "828831.jpg",
        "imgSrc": "https://cdn0.woolworths.media/content/wowproductimages/medium/828831.jpg",
        "name": "Gillette Mach 3 Shaving Blade Refill  5pk",
        "price": 16.5,
        "unitPrice": "$3.30 / 1EA"
    },
    {
        "category": "health-beauty",
        "href": "https://www.woolworths.com.au/shop/productdetails/1597/dove-women-deodorant-original-clean-alcohol-free",
        "imgName": "001597.jpg",
        "imgSrc": "https://cdn0.woolworths.media/content/wowproductimages/medium/001597.jpg",
        "name": "Dove Women Deodorant Original Clean Alcohol Free 45ml",
        "price": 4,
        "unitPrice": "$8.00 / 100ML"
    },
    {
        "category": "health-beauty",
        "href": "https://www.woolworths.com.au/shop/productdetails/7384/just-for-men-hair-colour-light-brown",
        "imgName": "007384.jpg",
        "imgSrc": "https://cdn0.woolworths.media/content/wowproductimages/medium/007384.jpg",
        "name": "Just For Men Hair Colour Light Brown 100g",
        "price": 13,
        "unitPrice": "$13.00 / 100G"
    },
    {
        "category": "health-beauty",
        "href": "https://www.woolworths.com.au/shop/productdetails/27053/nivea-soft-body-moisturiser-with-jojoba-vitamin-e",
        "imgName": "027053.jpg",
        "imgSrc": "https://cdn0.woolworths.media/content/wowproductimages/medium/027053.jpg",
        "name": "Nivea Soft Body Moisturiser With Jojoba & Vitamin E 75ml",
        "price": 5.49,
        "unitPrice": "$7.32 / 100ML"
    },
    {
        "category": "health-beauty",
        "href": "https://www.woolworths.com.au/shop/productdetails/96246/mentholatum-ice-gel-therapy",
        "imgName": "096246.jpg",
        "imgSrc": "https://cdn0.woolworths.media/content/wowproductimages/medium/096246.jpg",
        "name": "Mentholatum Ice Gel Therapy 100g",
        "price": 5,
        "unitPrice": "$5.00 / 100G"
    },
    {
        "category": "health-beauty",
        "href": "https://www.woolworths.com.au/shop/productdetails/200718/blackmores-evening-primrose-oil",
        "imgName": "200718.jpg",
        "imgSrc": "https://cdn0.woolworths.media/content/wowproductimages/medium/200718.jpg",
        "name": "Blackmores Evening Primrose Oil  125 capsules",
        "price": 20,
        "unitPrice": "$16.00 / 100EA"
    },
    {
        "category": "health-beauty",
        "href": "https://www.woolworths.com.au/shop/productdetails/258417/neutrogena-oil-free-acne-scrub",
        "imgName": "258417.jpg",
        "imgSrc": "https://cdn0.woolworths.media/content/wowproductimages/medium/258417.jpg",
        "name": "Neutrogena Oil Free Acne Scrub  125ml",
        "price": 14.49,
        "unitPrice": "$11.59 / 100ML"
    },
    {
        "category": "health-beauty",
        "href": "https://www.woolworths.com.au/shop/productdetails/441071/australian-pure-cleansing-wipes",
        "imgName": "441071.jpg",
        "imgSrc": "https://cdn0.woolworths.media/content/wowproductimages/medium/441071.jpg",
        "name": "Australian Pure Cleansing Wipes  25pk",
        "price": 5.99,
        "unitPrice": "$0.24 / 1EA"
    },
    {
        "category": "health-beauty",
        "href": "https://www.woolworths.com.au/shop/productdetails/330553/gillette-venus-shaving-blade-refill-spa-breeze",
        "imgName": "330553.jpg",
        "imgSrc": "https://cdn0.woolworths.media/content/wowproductimages/medium/330553.jpg",
        "name": "Gillette Venus Shaving Blade Refill Spa Breeze 4pk",
        "price": 20,
        "unitPrice": "$5.00 / 1EA"
    },
    {
        "category": "health-beauty",
        "href": "https://www.woolworths.com.au/shop/productdetails/340574/king-of-shaves-shave-gel-alphagel-cooling-menthol",
        "imgName": "340574.jpg",
        "imgSrc": "https://cdn0.woolworths.media/content/wowproductimages/medium/340574.jpg",
        "name": "King Of Shaves Shave Gel Alphagel Cooling Menthol 150ml",
        "price": 9,
        "unitPrice": "$6.00 / 100ML"
    },
    {
        "category": "health-beauty",
        "href": "https://www.woolworths.com.au/shop/productdetails/262311/woolworths-select-tweezers-slant-tip",
        "imgName": "262311.jpg",
        "imgSrc": "https://cdn0.woolworths.media/content/wowproductimages/medium/262311.jpg",
        "name": "Woolworths Select Tweezers Slant Tip each",
        "price": 3.99
    },
    {
        "category": "health-beauty",
        "href": "https://www.woolworths.com.au/shop/productdetails/452064/l-oreal-paris-magic-retouch-hair-colour-2-dark-brown",
        "imgName": "452064.jpg",
        "imgSrc": "https://cdn0.woolworths.media/content/wowproductimages/medium/452064.jpg",
        "name": "L'oreal Paris Magic Retouch Hair Colour 2 Dark Brown each",
        "price": 15.95,
        "unitPrice": "$21.27 / 100ML"
    },
    {
        "category": "health-beauty",
        "href": "https://www.woolworths.com.au/shop/productdetails/571823/blackmores-bio-magnesium",
        "imgName": "571823.jpg",
        "imgSrc": "https://cdn0.woolworths.media/content/wowproductimages/medium/571823.jpg",
        "name": "Blackmores Bio Magnesium  150pk",
        "price": 37,
        "unitPrice": "$24.67 / 100EA"
    },
    {
        "category": "health-beauty",
        "href": "https://www.woolworths.com.au/shop/productdetails/304076/metamucil-daily-fibre-supplement-wild-berry-smooth-72-doses",
        "imgName": "304076.jpg",
        "imgSrc": "https://cdn0.woolworths.media/content/wowproductimages/medium/304076.jpg",
        "name": "Metamucil Daily Fibre Supplement Wild Berry Smooth 72 Doses 425g",
        "price": 18.9,
        "unitPrice": "$4.45 / 100G"
    },
    {
        "category": "health-beauty",
        "href": "https://www.woolworths.com.au/shop/productdetails/495447/vitaustralia-lanolin-oil-cream",
        "imgName": "495447.jpg",
        "imgSrc": "https://cdn0.woolworths.media/content/wowproductimages/medium/495447.jpg",
        "name": "Vitaustralia Lanolin Oil Cream  250g",
        "price": 3.49,
        "unitPrice": "$1.40 / 100G"
    },
    {
        "category": "health-beauty",
        "href": "https://www.woolworths.com.au/shop/productdetails/724284/palmolive-soap-bar-gold",
        "imgName": "724284.jpg",
        "imgSrc": "https://cdn0.woolworths.media/content/wowproductimages/medium/724284.jpg",
        "name": "Palmolive Soap Bar Gold 4pk",
        "price": 2.85,
        "unitPrice": "$0.79 / 100G"
    },
    {
        "category": "health-beauty",
        "href": "https://www.woolworths.com.au/shop/productdetails/642322/nature-s-way-magnesium-chelate-tablets-1000mg",
        "imgName": "642322.jpg",
        "imgSrc": "https://cdn0.woolworths.media/content/wowproductimages/medium/642322.jpg",
        "name": "Nature's Way Magnesium Chelate Tablets 1000mg 100pk",
        "price": 25,
        "unitPrice": "$25.00 / 100EA"
    },
    {
        "category": "health-beauty",
        "href": "https://www.woolworths.com.au/shop/productdetails/743828/woolworths-select-cosmetic-eyeshadow-brush",
        "imgName": "743828.jpg",
        "imgSrc": "https://cdn0.woolworths.media/content/wowproductimages/medium/743828.jpg",
        "name": "Woolworths Select Cosmetic Eyeshadow Brush each",
        "price": 5.99,
        "unitPrice": "$5.99 / 1EA"
    },
    {
        "category": "health-beauty",
        "href": "https://www.woolworths.com.au/shop/productdetails/741308/eylure-eyelashes-ready-to-wear-117",
        "imgName": "741308.jpg",
        "imgSrc": "https://cdn0.woolworths.media/content/wowproductimages/medium/741308.jpg",
        "name": "Eylure Eyelashes Ready To     Wear  117 each",
        "price": 10.48
    },
    {
        "category": "health-beauty",
        "href": "https://www.woolworths.com.au/shop/productdetails/757557/joico-k-pak-shampoo-color-therapy",
        "imgName": "757557.jpg",
        "imgSrc": "https://cdn0.woolworths.media/content/wowproductimages/medium/757557.jpg",
        "name": "Joico K-pak Shampoo Color Therapy 300ml",
        "price": 20,
        "unitPrice": "$6.67 / 100ML"
    },
    {
        "category": "health-beauty",
        "href": "https://www.woolworths.com.au/shop/productdetails/452053/l-oreal-paris-magic-retouch-hair-colour-3-brown",
        "imgName": "452053.jpg",
        "imgSrc": "https://cdn0.woolworths.media/content/wowproductimages/medium/452053.jpg",
        "name": "L'oreal Paris Magic Retouch Hair Colour 3 Brown each",
        "price": 15.95,
        "unitPrice": "$21.27 / 100ML"
    },
    {
        "category": "health-beauty",
        "href": "https://www.woolworths.com.au/shop/productdetails/731194/celebrity-slim-rapid-phase-shake-mix-chocolate",
        "imgName": "731194.jpg",
        "imgSrc": "https://cdn0.woolworths.media/content/wowproductimages/medium/731194.jpg",
        "name": "Celebrity Slim Rapid Phase Shake Mix Chocolate 840g",
        "price": 35.5,
        "unitPrice": "$4.23 / 100G"
    },
    {
        "category": "health-beauty",
        "href": "https://www.woolworths.com.au/shop/productdetails/725036/pears-body-wash-gel",
        "imgName": "725036.jpg",
        "imgSrc": "https://cdn0.woolworths.media/content/wowproductimages/medium/725036.jpg",
        "name": "Pears Body Wash Gel 250ml",
        "price": 3.49,
        "unitPrice": "$1.40 / 100ML"
    },
    {
        "category": "health-beauty",
        "href": "https://www.woolworths.com.au/shop/productdetails/755055/tampax-regular-tampons-light-flow-with-applicator",
        "imgName": "755055.jpg",
        "imgSrc": "https://cdn0.woolworths.media/content/wowproductimages/medium/755055.jpg",
        "name": "Tampax Regular Tampons Light Flow With Applicator 20pk",
        "price": 6.5,
        "unitPrice": "$0.33 / 1EA"
    },
    {
        "category": "health-beauty",
        "href": "https://www.woolworths.com.au/shop/productdetails/631241/muscle-milk-protein-shake-strawberry",
        "imgName": "631241.jpg",
        "imgSrc": "https://cdn0.woolworths.media/content/wowproductimages/medium/631241.jpg",
        "name": "Muscle Milk Protein Shake Strawberry 414ml",
        "price": 4.65,
        "unitPrice": "$1.12 / 100ML"
    },
    {
        "category": "health-beauty",
        "href": "https://www.woolworths.com.au/shop/productdetails/750756/homebrand-paracetamol-caps-500g",
        "imgName": "750756.jpg",
        "imgSrc": "https://cdn0.woolworths.media/content/wowproductimages/medium/750756.jpg",
        "name": "Homebrand Paracetamol Caps 500g 20pk",
        "price": 1.1,
        "unitPrice": "$0.06 / 1EA"
    },
    {
        "category": "health-beauty",
        "href": "https://www.woolworths.com.au/shop/productdetails/794446/l-oreal-mens-face-wash-pure-power-charcoal",
        "imgName": "794446.jpg",
        "imgSrc": "https://cdn0.woolworths.media/content/wowproductimages/medium/794446.jpg",
        "name": "L'oreal Mens Face Wash Pure Power Charcoal 150ml",
        "price": 13,
        "unitPrice": "$8.67 / 100ML"
    },
    {
        "category": "health-beauty",
        "href": "https://www.woolworths.com.au/shop/productdetails/823940/stayfree-pads-with-wings-super",
        "imgName": "823940.jpg",
        "imgSrc": "https://cdn0.woolworths.media/content/wowproductimages/medium/823940.jpg",
        "name": "Stayfree Pads With Wings Super 18pk",
        "price": 5,
        "unitPrice": "$5.00 / 1EA"
    },
    {
        "category": "health-beauty",
        "href": "https://www.woolworths.com.au/shop/productdetails/728339/schick-hydro-silk-razor-blades",
        "imgName": "728339.jpg",
        "imgSrc": "https://cdn0.woolworths.media/content/wowproductimages/medium/728339.jpg",
        "name": "Schick Hydro Silk Razor Blades  4pk",
        "price": 19.5,
        "unitPrice": "$4.88 / 1EA"
    },
    {
        "category": "health-beauty",
        "href": "https://www.woolworths.com.au/shop/productdetails/503709/neutrogena-micellar-gel-to-foam-dry-oily",
        "imgName": "503709.jpg",
        "imgSrc": "https://cdn0.woolworths.media/content/wowproductimages/medium/503709.jpg",
        "name": "Neutrogena Micellar Gel To Foam Dry Oily 142ml",
        "price": 17,
        "unitPrice": "$11.97 / 100ML"
    },
    {
        "category": "health-beauty",
        "href": "https://www.woolworths.com.au/shop/productdetails/505870/balnea-moisturising-body-wash",
        "imgName": "505870.jpg",
        "imgSrc": "https://cdn0.woolworths.media/content/wowproductimages/medium/505870.jpg",
        "name": "Balnea Moisturising Body Wash 1l",
        "price": 4,
        "unitPrice": "$0.40 / 100ML"
    },
    {
        "category": "health-beauty",
        "href": "https://www.woolworths.com.au/shop/productdetails/869169/musashi-high-protein-milk-choc-brownie-bar",
        "imgName": "869169.jpg",
        "imgSrc": "https://cdn0.woolworths.media/content/wowproductimages/medium/869169.jpg",
        "name": "Musashi High Protein Milk Choc Brownie Bar 90g",
        "price": 5,
        "unitPrice": "$5.56 / 100G"
    },
    {
        "category": "health-beauty",
        "href": "https://www.woolworths.com.au/shop/productdetails/231263/oscar-orsen-hair-claw-grip-value-pack",
        "imgName": "231263.jpg",
        "imgSrc": "https://cdn0.woolworths.media/content/wowproductimages/medium/231263.jpg",
        "name": "Oscar Orsen Hair Claw Grip Value Pack 2 pack",
        "price": 5
    },
    {
        "category": "health-beauty",
        "href": "https://www.woolworths.com.au/shop/productdetails/442168/nivea-for-men-facial-scrub-clear-effect-oil-control",
        "imgName": "442168.jpg",
        "imgSrc": "https://cdn0.woolworths.media/content/wowproductimages/medium/442168.jpg",
        "name": "Nivea For Men Facial Scrub Clear Effect Oil Control 100ml",
        "price": 9,
        "unitPrice": "$9.00 / 100ML"
    },
    {
        "category": "health-beauty",
        "href": "https://www.woolworths.com.au/shop/productdetails/609022/dove-conditioner-daily-care",
        "imgName": "609022.jpg",
        "imgSrc": "https://cdn0.woolworths.media/content/wowproductimages/medium/609022.jpg",
        "name": "Dove Conditioner Daily Care 640ml",
        "price": 12,
        "unitPrice": "$1.88 / 100ML"
    },
    {
        "category": "health-beauty",
        "href": "https://www.woolworths.com.au/shop/productdetails/730306/nivea-daily-essentials-day-cream-spf30-light",
        "imgName": "730306.jpg",
        "imgSrc": "https://cdn0.woolworths.media/content/wowproductimages/medium/730306.jpg",
        "name": "Nivea Daily Essentials Day Cream Spf30+ Light 50ml",
        "price": 13.49,
        "unitPrice": "$26.98 / 100ML"
    },
    {
        "category": "health-beauty",
        "href": "https://www.woolworths.com.au/shop/productdetails/884137/blackmores-super-magnesium",
        "imgName": "884137.jpg",
        "imgSrc": "https://cdn0.woolworths.media/content/wowproductimages/medium/884137.jpg",
        "name": "Blackmores Super Magnesium  100pk",
        "price": 29,
        "unitPrice": "$29.00 / 100EA"
    },
    {
        "category": "health-beauty",
        "href": "https://www.woolworths.com.au/shop/productdetails/29411/sanofi-hydrogen-peroxide",
        "imgName": "029411.jpg",
        "imgSrc": "https://cdn0.woolworths.media/content/wowproductimages/medium/029411.jpg",
        "name": "Sanofi Hydrogen Peroxide  200ml"
    },
    {
        "category": "health-beauty",
        "href": "https://www.woolworths.com.au/shop/productdetails/31294/clairol-nice-n-easy-6a-natural-light-ash-brown",
        "imgName": "031294.jpg",
        "imgSrc": "https://cdn0.woolworths.media/content/wowproductimages/medium/031294.jpg",
        "name": "Clairol Nice N Easy 6a Natural Light Ash Brown each",
        "price": 13
    },
    {
        "category": "health-beauty",
        "href": "https://www.woolworths.com.au/shop/productdetails/31604/old-spice-deodorant-roll-on-stick-original",
        "imgName": "031604.jpg",
        "imgSrc": "https://cdn0.woolworths.media/content/wowproductimages/medium/031604.jpg",
        "name": "Old Spice Deodorant Roll On Stick Original 92g",
        "price": 6.5,
        "unitPrice": "$7.07 / 100G"
    },
    {
        "category": "health-beauty",
        "href": "https://www.woolworths.com.au/shop/productdetails/38698/chapstick-lip-care-balm-strawberry-sp-15",
        "imgName": "038698.jpg",
        "imgSrc": "https://cdn0.woolworths.media/content/wowproductimages/medium/038698.jpg",
        "name": "Chapstick Lip Care Balm Strawberry Sp 15 4.2g",
        "price": 4.5,
        "unitPrice": "$107.14 / 100G"
    },
    {
        "category": "health-beauty",
        "href": "https://www.woolworths.com.au/shop/productdetails/44307/eno-salts-fruit-lemon",
        "imgName": "044307.jpg",
        "imgSrc": "https://cdn0.woolworths.media/content/wowproductimages/medium/044307.jpg",
        "name": "Eno Salts Fruit Lemon 200g",
        "price": 10,
        "unitPrice": "$5.00 / 100G"
    },
    {
        "category": "health-beauty",
        "href": "https://www.woolworths.com.au/shop/productdetails/47057/bausch-and-lomb-renu-contact-lens-solution-multi-purpose",
        "imgName": "047057.jpg",
        "imgSrc": "https://cdn0.woolworths.media/content/wowproductimages/medium/047057.jpg",
        "name": "Bausch And Lomb Renu Contact Lens Solution Multi Purpose 355ml",
        "price": 15,
        "unitPrice": "$4.23 / 100ML"
    },
    {
        "category": "health-beauty",
        "href": "https://www.woolworths.com.au/shop/productdetails/64131/homebrand-hair-spray-regular-hold",
        "imgName": "064131.jpg",
        "imgSrc": "https://cdn0.woolworths.media/content/wowproductimages/medium/064131.jpg",
        "name": "Homebrand Hair Spray Regular Hold 250g",
        "price": 2.2,
        "unitPrice": "$0.88 / 100G"
    },
    {
        "category": "health-beauty",
        "href": "https://www.woolworths.com.au/shop/productdetails/66751/turning-point-2-in-1-shampoo-conditioner-normal",
        "imgName": "066751.jpg",
        "imgSrc": "https://cdn0.woolworths.media/content/wowproductimages/medium/066751.jpg",
        "name": "Turning Point 2 In 1 Shampoo & Conditioner Normal 400ml",
        "price": 2.85,
        "unitPrice": "$0.71 / 100ML"
    },
    {
        "category": "health-beauty",
        "href": "https://www.woolworths.com.au/shop/productdetails/44861/stayfree-ultra-thins-pads-wings-allnight",
        "imgName": "044861.jpg",
        "imgSrc": "https://cdn0.woolworths.media/content/wowproductimages/medium/044861.jpg",
        "name": "Stayfree Ultra Thins Pads Wings Allnight 10pk",
        "price": 5,
        "unitPrice": "$0.50 / 1EA"
    },
    {
        "category": "health-beauty",
        "href": "https://www.woolworths.com.au/shop/productdetails/117201/cutex-nail-polish-remover-strengthening",
        "imgName": "117201.jpg",
        "imgSrc": "https://cdn0.woolworths.media/content/wowproductimages/medium/117201.jpg",
        "name": "Cutex Nail Polish Remover Strengthening 100ml",
        "price": 5,
        "unitPrice": "$0.50 / 10ML"
    },
    {
        "category": "health-beauty",
        "href": "https://www.woolworths.com.au/shop/productdetails/142892/blistex-lip-care-conditioner-spf-15",
        "imgName": "142892.jpg",
        "imgSrc": "https://cdn0.woolworths.media/content/wowproductimages/medium/142892.jpg",
        "name": "Blistex Lip Care Conditioner Spf 15 7g",
        "price": 5.49,
        "unitPrice": "$78.43 / 100G"
    },
    {
        "category": "health-beauty",
        "href": "https://www.woolworths.com.au/shop/productdetails/104193/natures-organic-shampoo-normal-apple",
        "imgName": "104193.jpg",
        "imgSrc": "https://cdn0.woolworths.media/content/wowproductimages/medium/104193.jpg",
        "name": "Natures Organic Shampoo Normal Apple 500ml",
        "price": 1.9,
        "unitPrice": "$0.38 / 100ML"
    },
    {
        "category": "health-beauty",
        "href": "https://www.woolworths.com.au/shop/productdetails/177442/kleenex-facial-tissues-white-hypo-allergenic-cube",
        "imgName": "177442.jpg",
        "imgSrc": "https://cdn0.woolworths.media/content/wowproductimages/medium/177442.jpg",
        "name": "Kleenex Facial Tissues White Hypo Allergenic Cube 55pk",
        "price": 2.3,
        "unitPrice": "$4.18 / 100SS"
    },
    {
        "category": "health-beauty",
        "href": "https://www.woolworths.com.au/shop/productdetails/154691/schwarzkopf-extra-care-treatment-leave-in-conditioner-moist",
        "imgName": "154691.jpg",
        "imgSrc": "https://cdn0.woolworths.media/content/wowproductimages/medium/154691.jpg",
        "name": "Schwarzkopf Extra Care Treatment Leave In Conditioner Moist 200ml",
        "price": 6,
        "unitPrice": "$3.00 / 100ML"
    },
    {
        "category": "health-beauty",
        "href": "https://www.woolworths.com.au/shop/productdetails/200901/metamucil-daily-fibre-supplement-natural-granular-coarse-72-doses",
        "imgName": "200901.jpg",
        "imgSrc": "https://cdn0.woolworths.media/content/wowproductimages/medium/200901.jpg",
        "name": "Metamucil Daily Fibre Supplement Natural Granular Coarse 72 Doses 504g",
        "price": 18.9,
        "unitPrice": "$3.75 / 100G"
    },
    {
        "category": "health-beauty",
        "href": "https://www.woolworths.com.au/shop/productdetails/231379/oscar-orsen-scrunchy-scrunchie",
        "imgName": "231379.jpg",
        "imgSrc": "https://cdn0.woolworths.media/content/wowproductimages/medium/231379.jpg",
        "name": "Oscar Orsen Scrunchy Scrunchie each",
        "price": 3.69
    },
    {
        "category": "health-beauty",
        "href": "https://www.woolworths.com.au/shop/productdetails/211769/gillette-mach-3-turbo-shaving-razor-blade",
        "imgName": "211769.jpg",
        "imgSrc": "https://cdn0.woolworths.media/content/wowproductimages/medium/211769.jpg",
        "name": "Gillette Mach 3 Turbo Shaving Razor & Blade  each",
        "price": 13.5
    },
    {
        "category": "health-beauty",
        "href": "https://www.woolworths.com.au/shop/productdetails/251694/nailene-so-natural-nail-short-pink",
        "imgName": "251694.jpg",
        "imgSrc": "https://cdn0.woolworths.media/content/wowproductimages/medium/251694.jpg",
        "name": "Nailene So Natural Nail Short Pink 28pk",
        "price": 16.99,
        "unitPrice": "$0.61 / 1EA"
    },
    {
        "category": "health-beauty",
        "href": "https://www.woolworths.com.au/shop/productdetails/248792/du-it-hand-cream-intensive-repair",
        "imgName": "248792.jpg",
        "imgSrc": "https://cdn0.woolworths.media/content/wowproductimages/medium/248792.jpg",
        "name": "Du'it Hand Cream Intensive Repair 150g",
        "price": 10.49,
        "unitPrice": "$6.99 / 100G"
    },
    {
        "category": "health-beauty",
        "href": "https://www.woolworths.com.au/shop/productdetails/231151/oscar-orsen-bambino-soft-kids-hair-ponytailer",
        "imgName": "231151.jpg",
        "imgSrc": "https://cdn0.woolworths.media/content/wowproductimages/medium/231151.jpg",
        "name": "Oscar Orsen Bambino Soft Kids Hair Ponytailer 30 pack",
        "price": 4.5
    },
    {
        "category": "health-beauty",
        "href": "https://www.woolworths.com.au/shop/productdetails/261905/oscar-orsen-large-octopus-hair-clip",
        "imgName": "261905.jpg",
        "imgSrc": "https://cdn0.woolworths.media/content/wowproductimages/medium/261905.jpg",
        "name": "Oscar Orsen Large Octopus Hair Clip each",
        "price": 5.25
    },
    {
        "category": "health-beauty",
        "href": "https://www.woolworths.com.au/shop/productdetails/312358/l-oreal-age-perfect-cleansing-milk",
        "imgName": "312358.jpg",
        "imgSrc": "https://cdn0.woolworths.media/content/wowproductimages/medium/312358.jpg",
        "name": "L'oreal Age Perfect Cleansing Milk 200ml",
        "price": 14.99,
        "unitPrice": "$7.50 / 100ML"
    },
    {
        "category": "health-beauty",
        "href": "https://www.woolworths.com.au/shop/productdetails/330417/gillette-venus-shaving-razor-gel-bars-spa-breeze",
        "imgName": "330417.jpg",
        "imgSrc": "https://cdn0.woolworths.media/content/wowproductimages/medium/330417.jpg",
        "name": "Gillette Venus Shaving Razor & Gel Bars Spa Breeze 2pk",
        "price": 9,
        "unitPrice": "$4.50 / 1EA"
    },
    {
        "category": "health-beauty",
        "href": "https://www.woolworths.com.au/shop/productdetails/261895/oscar-orsen-large-extrahold-hair-elastics",
        "imgName": "261895.jpg",
        "imgSrc": "https://cdn0.woolworths.media/content/wowproductimages/medium/261895.jpg",
        "name": "Oscar Orsen Large Extrahold Hair Elastics 10 pack",
        "price": 6
    },
    {
        "category": "health-beauty",
        "href": "https://www.woolworths.com.au/shop/productdetails/307061/swisse-ultivite-women-s-tablets-f1",
        "imgName": "307061.jpg",
        "imgSrc": "https://cdn0.woolworths.media/content/wowproductimages/medium/307061.jpg",
        "name": "Swisse Ultivite Women's Tablets F1 60",
        "price": 29,
        "unitPrice": "$48.33 / 100EA"
    },
    {
        "category": "health-beauty",
        "href": "https://www.woolworths.com.au/shop/productdetails/312359/l-oreal-age-perfect-toner",
        "imgName": "312359.jpg",
        "imgSrc": "https://cdn0.woolworths.media/content/wowproductimages/medium/312359.jpg",
        "name": "L'oreal Age Perfect Toner 200ml",
        "price": 14.99,
        "unitPrice": "$7.50 / 100ML"
    },
    {
        "category": "health-beauty",
        "href": "https://www.woolworths.com.au/shop/productdetails/325782/organic-care-kids-hair-care-3-in-1-berry-bliss",
        "imgName": "325782.jpg",
        "imgSrc": "https://cdn0.woolworths.media/content/wowproductimages/medium/325782.jpg",
        "name": "Organic Care Kids Hair Care 3 In 1 Berry Bliss 400ml",
        "price": 3.9,
        "unitPrice": "$0.98 / 100ML"
    },
    {
        "category": "health-beauty",
        "href": "https://www.woolworths.com.au/shop/productdetails/381675/woolworths-select-nail-polish-remover-nourishing",
        "imgName": "381675.jpg",
        "imgSrc": "https://cdn0.woolworths.media/content/wowproductimages/medium/381675.jpg",
        "name": "Woolworths Select Nail Polish Remover Nourishing 125ml",
        "price": 2.8,
        "unitPrice": "$0.22 / 10ML"
    },
    {
        "category": "health-beauty",
        "href": "https://www.woolworths.com.au/shop/productdetails/375681/swisse-ultiboost-odourless-hi-strength-wild-fish-oil-1500mg-caps",
        "imgName": "375681.jpg",
        "imgSrc": "https://cdn0.woolworths.media/content/wowproductimages/medium/375681.jpg",
        "name": "Swisse Ultiboost Odourless Hi-strength Wild Fish Oil 1500mg Caps 200",
        "price": 22,
        "unitPrice": "$11.00 / 100EA"
    },
    {
        "category": "health-beauty",
        "href": "https://www.woolworths.com.au/shop/productdetails/376850/rapid-loss-shake-mix-latte",
        "imgName": "376850.jpg",
        "imgSrc": "https://cdn0.woolworths.media/content/wowproductimages/medium/376850.jpg",
        "name": "Rapid Loss Shake Mix Latte 750g",
        "price": 40,
        "unitPrice": "$5.33 / 100G"
    },
    {
        "category": "health-beauty",
        "href": "https://www.woolworths.com.au/shop/productdetails/460624/rexona-motion-sense-shower-fresh",
        "imgName": "460624.jpg",
        "imgSrc": "https://cdn0.woolworths.media/content/wowproductimages/medium/460624.jpg",
        "name": "Rexona Motion Sense Shower Fresh  150ml",
        "price": 5,
        "unitPrice": "$3.33 / 100ML"
    },
    {
        "category": "health-beauty",
        "href": "https://www.woolworths.com.au/shop/productdetails/360600/nature-s-way-kids-smart-vita-gummies-multi-vegies",
        "imgName": "360600.jpg",
        "imgSrc": "https://cdn0.woolworths.media/content/wowproductimages/medium/360600.jpg",
        "name": "Nature's Way Kids Smart Vita Gummies Multi + Vegies 60pk",
        "price": 15,
        "unitPrice": "$25.00 / 100EA"
    },
    {
        "category": "health-beauty",
        "href": "https://www.woolworths.com.au/shop/productdetails/360601/nature-s-way-kids-smart-vita-gummies-omega",
        "imgName": "360601.jpg",
        "imgSrc": "https://cdn0.woolworths.media/content/wowproductimages/medium/360601.jpg",
        "name": "Nature's Way Kids Smart Vita Gummies Omega 60pk",
        "price": 15,
        "unitPrice": "$25.00 / 100EA"
    },
    {
        "category": "health-beauty",
        "href": "https://www.woolworths.com.au/shop/productdetails/328751/rexona-men-clinical-protection-antiperspirant-deodorant-active-fresh",
        "imgName": "328751.jpg",
        "imgSrc": "https://cdn0.woolworths.media/content/wowproductimages/medium/328751.jpg",
        "name": "Rexona Men Clinical Protection Antiperspirant Deodorant Active Fresh 45ml",
        "price": 15,
        "unitPrice": "$33.33 / 100ML"
    },
    {
        "category": "health-beauty",
        "href": "https://www.woolworths.com.au/shop/productdetails/428745/woolworths-bobby-pins-blonde",
        "imgName": "428745.jpg",
        "imgSrc": "https://cdn0.woolworths.media/content/wowproductimages/medium/428745.jpg",
        "name": "Woolworths Bobby Pins Blonde 80pk",
        "price": 4.5
    },
    {
        "category": "health-beauty",
        "href": "https://www.woolworths.com.au/shop/productdetails/419093/woolworths-nail-polish-remover-gel-nails",
        "imgName": "419093.jpg",
        "imgSrc": "https://cdn0.woolworths.media/content/wowproductimages/medium/419093.jpg",
        "name": "Woolworths Nail Polish Remover Gel Nails 125ml",
        "price": 8.99,
        "unitPrice": "$0.72 / 10ML"
    },
    {
        "category": "health-beauty",
        "href": "https://www.woolworths.com.au/shop/productdetails/517807/voeu-cleansing-cream-wash-dry-sensitive-skin",
        "imgName": "517807.jpg",
        "imgSrc": "https://cdn0.woolworths.media/content/wowproductimages/medium/517807.jpg",
        "name": "Voeu Cleansing Cream Wash Dry & Sensitive Skin 150ml",
        "price": 4,
        "unitPrice": "$2.67 / 100ML"
    },
    {
        "category": "health-beauty",
        "href": "https://www.woolworths.com.au/shop/productdetails/375902/joico-k-pac-conditioner",
        "imgName": "375902.jpg",
        "imgSrc": "https://cdn0.woolworths.media/content/wowproductimages/medium/375902.jpg",
        "name": "Joico K-pac Conditioner 300ml",
        "price": 20,
        "unitPrice": "$6.67 / 100ML"
    },
    {
        "category": "health-beauty",
        "href": "https://www.woolworths.com.au/shop/productdetails/365978/rimmel-stay-matte-powder-pressed-silk-beige",
        "imgName": "365978.jpg",
        "imgSrc": "https://cdn0.woolworths.media/content/wowproductimages/medium/365978.jpg",
        "name": "Rimmel Stay Matte Powder Pressed Silk Beige 14g",
        "price": 13.5,
        "unitPrice": "$9.64 / 10G"
    },
    {
        "category": "health-beauty",
        "href": "https://www.woolworths.com.au/shop/productdetails/355054/neutrogena-oil-free-acne-pink-grapefuit-cleanser",
        "imgName": "355054.jpg",
        "imgSrc": "https://cdn0.woolworths.media/content/wowproductimages/medium/355054.jpg",
        "name": "Neutrogena Oil Free Acne Pink Grapefuit Cleanser 175ml",
        "price": 15.49,
        "unitPrice": "$8.85 / 100ML"
    },
    {
        "category": "health-beauty",
        "href": "https://www.woolworths.com.au/shop/productdetails/504804/vaseline-advanced-strength-body-lotion-fragrance-free",
        "imgName": "504804.jpg",
        "imgSrc": "https://cdn0.woolworths.media/content/wowproductimages/medium/504804.jpg",
        "name": "Vaseline Advanced Strength Body Lotion Fragrance Free 750ml",
        "price": 10,
        "unitPrice": "$1.33 / 100ML"
    },
    {
        "category": "health-beauty",
        "href": "https://www.woolworths.com.au/shop/productdetails/505871/balnea-mens-active-body-wash",
        "imgName": "505871.jpg",
        "imgSrc": "https://cdn0.woolworths.media/content/wowproductimages/medium/505871.jpg",
        "name": "Balnea Mens Active Body Wash 1l",
        "price": 4,
        "unitPrice": "$0.40 / 100ML"
    },
    {
        "category": "health-beauty",
        "href": "https://www.woolworths.com.au/shop/productdetails/566745/manicare-slant-tweezer-gold-tipped",
        "imgName": "566745.jpg",
        "imgSrc": "https://cdn0.woolworths.media/content/wowproductimages/medium/566745.jpg",
        "name": "Manicare Slant Tweezer Gold Tipped each",
        "price": 10.3
    },
    {
        "category": "health-beauty",
        "href": "https://www.woolworths.com.au/shop/productdetails/590249/dove-beauty-bar-sensitive",
        "imgName": "590249.jpg",
        "imgSrc": "https://cdn0.woolworths.media/content/wowproductimages/medium/590249.jpg",
        "name": "Dove Beauty Bar Sensitive 6x100g",
        "price": 8,
        "unitPrice": "$1.33 / 100G"
    },
    {
        "category": "health-beauty",
        "href": "https://www.woolworths.com.au/shop/productdetails/618386/colourless-hair-colour-remover-max-strength",
        "imgName": "618386.jpg",
        "imgSrc": "https://cdn0.woolworths.media/content/wowproductimages/medium/618386.jpg",
        "name": "Colourless Hair Colour Remover Max Strength 180ml",
        "price": 27,
        "unitPrice": "$15.00 / 100ML"
    },
    {
        "category": "health-beauty",
        "href": "https://www.woolworths.com.au/shop/productdetails/508493/aussie-bodies-protein-fx-lo-carb-bar-salted-caramel",
        "imgName": "508493.jpg",
        "imgSrc": "https://cdn0.woolworths.media/content/wowproductimages/medium/508493.jpg",
        "name": "Aussie Bodies Protein Fx Lo Carb Bar Salted Caramel 60g",
        "price": 4,
        "unitPrice": "$6.67 / 100G"
    },
    {
        "category": "health-beauty",
        "href": "https://www.woolworths.com.au/shop/productdetails/440911/palmer-s-coconut-oil-hand-cream",
        "imgName": "440911.jpg",
        "imgSrc": "https://cdn0.woolworths.media/content/wowproductimages/medium/440911.jpg",
        "name": "Palmer's Coconut Oil Hand Cream 60g",
        "price": 4.49,
        "unitPrice": "$7.48 / 100G"
    },
    {
        "category": "health-beauty",
        "href": "https://www.woolworths.com.au/shop/productdetails/568051/chapstick-total-hydration-tint-rose-petal-lip-balm",
        "imgName": "568051.jpg",
        "imgSrc": "https://cdn0.woolworths.media/content/wowproductimages/medium/568051.jpg",
        "name": "Chapstick Total Hydration +tint Rose Petal Lip Balm 3.5g",
        "price": 8,
        "unitPrice": "$22.86 / 10G"
    },
    {
        "category": "health-beauty",
        "href": "https://www.woolworths.com.au/shop/productdetails/581150/all-smiles-total-care-interdental-floss-brush",
        "imgName": "581150.jpg",
        "imgSrc": "https://cdn0.woolworths.media/content/wowproductimages/medium/581150.jpg",
        "name": "All Smiles Total Care Interdental Floss Brush 10pk",
        "price": 4,
        "unitPrice": "$0.40 / 1EA"
    },
    {
        "category": "health-beauty",
        "href": "https://www.woolworths.com.au/shop/productdetails/640769/nature-s-own-glucosamine-chondroitin-1500mg",
        "imgName": "640769.jpg",
        "imgSrc": "https://cdn0.woolworths.media/content/wowproductimages/medium/640769.jpg",
        "name": "Nature's Own Glucosamine Chondroitin 1500mg 100pk",
        "price": 25,
        "unitPrice": "$25.00 / 100EA"
    },
    {
        "category": "health-beauty",
        "href": "https://www.woolworths.com.au/shop/productdetails/731213/celebrity-slim-shake-mix-cafe-latte-sachet",
        "imgName": "731213.jpg",
        "imgSrc": "https://cdn0.woolworths.media/content/wowproductimages/medium/731213.jpg",
        "name": "Celebrity Slim Shake Mix Cafe Latte Sachet 55g",
        "price": 3.5,
        "unitPrice": "$6.36 / 100G"
    },
    {
        "category": "health-beauty",
        "href": "https://www.woolworths.com.au/shop/productdetails/725414/nature-s-way-joint-health-osteo-krill",
        "imgName": "725414.jpg",
        "imgSrc": "https://cdn0.woolworths.media/content/wowproductimages/medium/725414.jpg",
        "name": "Nature's Way Joint Health Osteo Krill 50pk",
        "price": 30,
        "unitPrice": "$60.00 / 100EA"
    },
    {
        "category": "health-beauty",
        "href": "https://www.woolworths.com.au/shop/productdetails/755302/bosistos-eucalyptus-drops-sugar-free",
        "imgName": "755302.jpg",
        "imgSrc": "https://cdn0.woolworths.media/content/wowproductimages/medium/755302.jpg",
        "name": "Bosistos Eucalyptus Drops Sugar Free 50g",
        "price": 3.5,
        "unitPrice": "$7.00 / 100G"
    },
    {
        "category": "health-beauty",
        "href": "https://www.woolworths.com.au/shop/productdetails/720876/vicks-chest-rub-vaporub",
        "imgName": "720876.jpg",
        "imgSrc": "https://cdn0.woolworths.media/content/wowproductimages/medium/720876.jpg",
        "name": "Vicks Chest Rub Vaporub 100g",
        "price": 12.5,
        "unitPrice": "$12.50 / 100G"
    },
    {
        "category": "health-beauty",
        "href": "https://www.woolworths.com.au/shop/productdetails/725625/blackmores-heart-health-coq10-150mg",
        "imgName": "725625.jpg",
        "imgSrc": "https://cdn0.woolworths.media/content/wowproductimages/medium/725625.jpg",
        "name": "Blackmores Heart Health Coq10 150mg 30pk",
        "price": 25,
        "unitPrice": "$83.33 / 100EA"
    },
    {
        "category": "health-beauty",
        "href": "https://www.woolworths.com.au/shop/productdetails/785894/velvet-bar-soap-goat-s-milk-beauty-bar",
        "imgName": "785894.jpg",
        "imgSrc": "https://cdn0.woolworths.media/content/wowproductimages/medium/785894.jpg",
        "name": "Velvet Bar Soap Goat's Milk Beauty Bar 2pk 200g",
        "price": 3.59,
        "unitPrice": "$1.80 / 100G"
    },
    {
        "category": "health-beauty",
        "href": "https://www.woolworths.com.au/shop/productdetails/785993/schwarzkopf-live-colour-ultra-brights-electric-blue",
        "imgName": "785993.jpg",
        "imgSrc": "https://cdn0.woolworths.media/content/wowproductimages/medium/785993.jpg",
        "name": "Schwarzkopf Live Colour Ultra Brights Electric Blue each",
        "price": 5.5
    },
    {
        "category": "health-beauty",
        "href": "https://www.woolworths.com.au/shop/productdetails/826030/woolworths-select-mens-large-incontinence-pants",
        "imgName": "826030.jpg",
        "imgSrc": "https://cdn0.woolworths.media/content/wowproductimages/medium/826030.jpg",
        "name": "Woolworths Select Mens Large Incontinence Pants 8pk",
        "price": 10,
        "unitPrice": "$1.25 / 1EA"
    },
    {
        "category": "health-beauty",
        "href": "https://www.woolworths.com.au/shop/productdetails/784970/dettol-bar-soap-citrus-splash",
        "imgName": "784970.jpg",
        "imgSrc": "https://cdn0.woolworths.media/content/wowproductimages/medium/784970.jpg",
        "name": "Dettol Bar Soap Citrus Splash 360g",
        "price": 4.59,
        "unitPrice": "$1.28 / 100G"
    },
    {
        "category": "health-beauty",
        "href": "https://www.woolworths.com.au/shop/productdetails/826029/woolworths-select-womens-large-incontinence-pants",
        "imgName": "826029.jpg",
        "imgSrc": "https://cdn0.woolworths.media/content/wowproductimages/medium/826029.jpg",
        "name": "Woolworths Select Womens Large Incontinence Pants 8pk",
        "price": 10,
        "unitPrice": "$1.25 / 1EA"
    },
    {
        "category": "health-beauty",
        "href": "https://www.woolworths.com.au/shop/productdetails/858276/fruits-blueberry-coconut-shampoo",
        "imgName": "858276.jpg",
        "imgSrc": "https://cdn0.woolworths.media/content/wowproductimages/medium/858276.jpg",
        "name": "Fruits Blueberry & Coconut Shampoo 500ml",
        "price": 1.9,
        "unitPrice": "$0.38 / 100ML"
    },
    {
        "category": "health-beauty",
        "href": "https://www.woolworths.com.au/shop/productdetails/826028/woolworths-select-womens-medium-incontinence-pants",
        "imgName": "826028.jpg",
        "imgSrc": "https://cdn0.woolworths.media/content/wowproductimages/medium/826028.jpg",
        "name": "Woolworths Select Womens Medium Incontinence Pants 8pk",
        "price": 10,
        "unitPrice": "$1.25 / 1EA"
    },
    {
        "category": "health-beauty",
        "href": "https://www.woolworths.com.au/shop/productdetails/505906/balnea-travel-bottle",
        "imgName": "505906.jpg",
        "imgSrc": "https://cdn0.woolworths.media/content/wowproductimages/medium/505906.jpg",
        "name": "Balnea Travel Bottle  3x100ml",
        "price": 3.5,
        "unitPrice": "$3.50 / 1EA"
    },
    {
        "category": "health-beauty",
        "href": "https://www.woolworths.com.au/shop/productdetails/612812/manicare-blackhead-pimple-remover",
        "imgName": "612812.jpg",
        "imgSrc": "https://cdn0.woolworths.media/content/wowproductimages/medium/612812.jpg",
        "name": "Manicare Blackhead Pimple Remover  each",
        "price": 8,
        "unitPrice": "$8.00 / 1EA"
    },
    {
        "category": "health-beauty",
        "href": "https://www.woolworths.com.au/shop/productdetails/563024/sally-hansen-miracle-gel-duo-dig-fig",
        "imgName": "563024.jpg",
        "imgSrc": "https://cdn0.woolworths.media/content/wowproductimages/medium/563024.jpg",
        "name": "Sally Hansen Miracle Gel Duo Dig Fig  29.4ml",
        "price": 24.95,
        "unitPrice": "$8.49 / 10ML"
    },
    {
        "category": "health-beauty",
        "href": "https://www.woolworths.com.au/shop/productdetails/954792/tena-men-protective-shield",
        "imgName": "954792.jpg",
        "imgSrc": "https://cdn0.woolworths.media/content/wowproductimages/medium/954792.jpg",
        "name": "Tena Men Protective Shield  14pk",
        "price": 7,
        "unitPrice": "$0.50 / 1EA"
    },
    {
        "category": "health-beauty",
        "href": "https://www.woolworths.com.au/shop/productdetails/603725/schwarzkopf-gem-collection-brilliance-04-cool-sapphire-black",
        "imgName": "603725.jpg",
        "imgSrc": "https://cdn0.woolworths.media/content/wowproductimages/medium/603725.jpg",
        "name": "Schwarzkopf Gem Collection - Brilliance 04 Cool Sapphire Black each",
        "price": 14.4
    },
    {
        "category": "health-beauty",
        "href": "https://www.woolworths.com.au/shop/productdetails/565326/oral-b-precision-gum-care-tooth-brush",
        "imgName": "565326.jpg",
        "imgSrc": "https://cdn0.woolworths.media/content/wowproductimages/medium/565326.jpg",
        "name": "Oral B Precision Gum Care Tooth Brush 2 pk",
        "price": 7,
        "unitPrice": "$3.50 / 1EA"
    },
    {
        "category": "health-beauty",
        "href": "https://www.woolworths.com.au/shop/productdetails/642848/beckham-body-spray-instinct-sport",
        "imgName": "642848.jpg",
        "imgSrc": "https://cdn0.woolworths.media/content/wowproductimages/medium/642848.jpg",
        "name": "Beckham Body Spray Instinct Sport 150ml",
        "price": 8,
        "unitPrice": "$5.33 / 100ML"
    },
    {
        "category": "health-beauty",
        "href": "https://www.woolworths.com.au/shop/productdetails/627675/nature-s-way-slim-right-protein-shakes-vanilla",
        "imgName": "627675.jpg",
        "imgSrc": "https://cdn0.woolworths.media/content/wowproductimages/medium/627675.jpg",
        "name": "Nature's Way Slim Right Protein Shakes Vanilla 350g",
        "price": 26,
        "unitPrice": "$7.43 / 100G"
    },
    {
        "category": "health-beauty",
        "href": "https://www.woolworths.com.au/shop/productdetails/828172/blackmores-fish-oil-1000mg",
        "imgName": "828172.jpg",
        "imgSrc": "https://cdn0.woolworths.media/content/wowproductimages/medium/828172.jpg",
        "name": "Blackmores Fish Oil 1000mg 200s",
        "price": 18,
        "unitPrice": "$9.00 / 100EA"
    },
    {
        "category": "health-beauty",
        "href": "https://www.woolworths.com.au/shop/productdetails/608718/oscar-orsen-large-flat-hair-elastics-blonde",
        "imgName": "608718.jpg",
        "imgSrc": "https://cdn0.woolworths.media/content/wowproductimages/medium/608718.jpg",
        "name": "Oscar Orsen Large Flat Hair Elastics Blonde 30 pack",
        "price": 6
    },
    {
        "category": "health-beauty",
        "href": "https://www.woolworths.com.au/shop/productdetails/601341/voeu-dry-sensitive-skin-moisturiser",
        "imgName": "601341.jpg",
        "imgSrc": "https://cdn0.woolworths.media/content/wowproductimages/medium/601341.jpg",
        "name": "Voeu Dry & Sensitive Skin Moisturiser 150ml",
        "price": 4,
        "unitPrice": "$2.67 / 100ML"
    },
    {
        "category": "health-beauty",
        "href": "https://www.woolworths.com.au/shop/productdetails/581166/all-smiles-herbal-toothpaste",
        "imgName": "581166.jpg",
        "imgSrc": "https://cdn0.woolworths.media/content/wowproductimages/medium/581166.jpg",
        "name": "All Smiles Herbal Toothpaste  110g",
        "price": 2.1,
        "unitPrice": "$1.91 / 100G"
    },
    {
        "category": "health-beauty",
        "href": "https://www.woolworths.com.au/shop/productdetails/606725/l-oreal-paris-elvive-extraordinary-clay-dry-shampoo",
        "imgName": "606725.jpg",
        "imgSrc": "https://cdn0.woolworths.media/content/wowproductimages/medium/606725.jpg",
        "name": "L'oreal Paris Elvive Extraordinary Clay Dry Shampoo 150ml",
        "price": 10,
        "unitPrice": "$6.67 / 100ML"
    },
    {
        "category": "health-beauty",
        "href": "https://www.woolworths.com.au/shop/productdetails/637613/toni-guy-cushion-brush-for-all-lengths",
        "imgName": "637613.jpg",
        "imgSrc": "https://cdn0.woolworths.media/content/wowproductimages/medium/637613.jpg",
        "name": "Toni & Guy Cushion Brush For All Lengths each",
        "price": 17
    },
    {
        "category": "health-beauty",
        "href": "https://www.woolworths.com.au/shop/productdetails/571764/organic-care-hand-wash-kaffir-lime",
        "imgName": "571764.jpg",
        "imgSrc": "https://cdn0.woolworths.media/content/wowproductimages/medium/571764.jpg",
        "name": "Organic Care Hand Wash Kaffir Lime 250ml",
        "price": 3.49,
        "unitPrice": "$1.40 / 100ML"
    },
    {
        "category": "health-beauty",
        "href": "https://www.woolworths.com.au/shop/productdetails/623857/cellucor-c4-sport-powder-blue-raspberry",
        "imgName": "623857.jpg",
        "imgSrc": "https://cdn0.woolworths.media/content/wowproductimages/medium/623857.jpg",
        "name": "Cellucor C4 Sport Powder Blue Raspberry 285g",
        "price": 40,
        "unitPrice": "$14.04 / 100G"
    },
    {
        "category": "health-beauty",
        "href": "https://www.woolworths.com.au/shop/productdetails/899191/rimmel-brow-this-way-eyebrow-powder-kit-002-dark-brown",
        "imgName": "899191.jpg",
        "imgSrc": "https://cdn0.woolworths.media/content/wowproductimages/medium/899191.jpg",
        "name": "Rimmel Brow This Way Eyebrow Powder Kit #002 Dark Brown 2.4g",
        "price": 13,
        "unitPrice": "$54.17 / 10G"
    },
    {
        "category": "health-beauty",
        "href": "https://www.woolworths.com.au/shop/productdetails/581153/all-smiles-toothbrush-medium",
        "imgName": "581153.jpg",
        "imgSrc": "https://cdn0.woolworths.media/content/wowproductimages/medium/581153.jpg",
        "name": "All Smiles Toothbrush Medium 2pk",
        "price": 2,
        "unitPrice": "$1.00 / 1EA"
    },
    {
        "category": "health-beauty",
        "href": "https://www.woolworths.com.au/shop/productdetails/755490/nyal-anti-viral-cold-sore-cream",
        "imgName": "755490.jpg",
        "imgSrc": "https://cdn0.woolworths.media/content/wowproductimages/medium/755490.jpg",
        "name": "Nyal Anti Viral Cold Sore Cream 5g",
        "price": 8.6,
        "unitPrice": "$172.00 / 100G"
    },
    {
        "category": "health-beauty",
        "href": "https://www.woolworths.com.au/shop/productdetails/608794/oscar-orsen-thick-xlarge-hair-elastics-black",
        "imgName": "608794.jpg",
        "imgSrc": "https://cdn0.woolworths.media/content/wowproductimages/medium/608794.jpg",
        "name": "Oscar Orsen Thick Xlarge Hair Elastics Black 10 pack",
        "price": 4.5
    },
    {
        "category": "health-beauty",
        "href": "https://www.woolworths.com.au/shop/productdetails/637640/toni-guy-styling-brush",
        "imgName": "637640.jpg",
        "imgSrc": "https://cdn0.woolworths.media/content/wowproductimages/medium/637640.jpg",
        "name": "Toni & Guy Styling Brush  each",
        "price": 19
    },
    {
        "category": "health-beauty",
        "href": "https://www.woolworths.com.au/shop/productdetails/603752/schwarzkopf-gem-collection-brilliance-05-dark-ruby",
        "imgName": "603752.jpg",
        "imgSrc": "https://cdn0.woolworths.media/content/wowproductimages/medium/603752.jpg",
        "name": "Schwarzkopf Gem Collection - Brilliance 05 Dark Ruby each",
        "price": 14.4
    },
    {
        "category": "health-beauty",
        "href": "https://www.woolworths.com.au/shop/productdetails/662626/ogx-bamboo-radiant-brunette-shampoo",
        "imgName": "662626.jpg",
        "imgSrc": "https://cdn0.woolworths.media/content/wowproductimages/medium/662626.jpg",
        "name": "Ogx Bamboo Radiant Brunette Shampoo 385ml",
        "price": 18,
        "unitPrice": "$4.68 / 100ML"
    },
    {
        "category": "health-beauty",
        "href": "https://www.woolworths.com.au/shop/productdetails/644399/blackmores-superkids-multi-chewables-99-5-sugar-free",
        "imgName": "644399.jpg",
        "imgSrc": "https://cdn0.woolworths.media/content/wowproductimages/medium/644399.jpg",
        "name": "Blackmores Superkids Multi Chewables 99.5% Sugar Free 60pk",
        "price": 15,
        "unitPrice": "$25.00 / 100EA"
    },
    {
        "category": "health-beauty",
        "href": "https://www.woolworths.com.au/shop/productdetails/825554/sally-hansen-nail-polish-cafe-au-lait",
        "imgName": "825554.jpg",
        "imgSrc": "https://cdn0.woolworths.media/content/wowproductimages/medium/825554.jpg",
        "name": "Sally Hansen Nail Polish Cafe Au Lait each",
        "price": 14.95,
        "unitPrice": "$10.17 / 10ML"
    },
    {
        "category": "health-beauty",
        "href": "https://www.woolworths.com.au/shop/productdetails/795293/mitchum-deodorant-roll-on-womens-shower",
        "imgName": "795293.jpg",
        "imgSrc": "https://cdn0.woolworths.media/content/wowproductimages/medium/795293.jpg",
        "name": "Mitchum Deodorant Roll On Womens Shower 50ml",
        "price": 3.8,
        "unitPrice": "$7.60 / 100ML"
    },
    {
        "category": "health-beauty",
        "href": "https://www.woolworths.com.au/shop/productdetails/560532/rimmel-provocalips-make-your-move",
        "imgName": "560532.jpg",
        "imgSrc": "https://cdn0.woolworths.media/content/wowproductimages/medium/560532.jpg",
        "name": "Rimmel Provocalips Make Your Move  7ml",
        "price": 19,
        "unitPrice": "$27.14 / 10ML"
    },
    {
        "category": "health-beauty",
        "href": "https://www.woolworths.com.au/shop/productdetails/651354/active-reflective-elastics",
        "imgName": "651354.jpg",
        "imgSrc": "https://cdn0.woolworths.media/content/wowproductimages/medium/651354.jpg",
        "name": "Active Reflective Elastics  24pk",
        "price": 5.5
    },
    {
        "category": "health-beauty",
        "href": "https://www.woolworths.com.au/shop/productdetails/930012/rimmel-super-curler-black-mascara",
        "imgName": "930012.jpg",
        "imgSrc": "https://cdn0.woolworths.media/content/wowproductimages/medium/930012.jpg",
        "name": "Rimmel Super Curler Black Mascara 12ml",
        "price": 17.95,
        "unitPrice": "$14.96 / 10ML"
    },
    {
        "category": "health-beauty",
        "href": "https://www.woolworths.com.au/shop/productdetails/662631/ogx-sunflower-shimmering-blonde-conditioner",
        "imgName": "662631.jpg",
        "imgSrc": "https://cdn0.woolworths.media/content/wowproductimages/medium/662631.jpg",
        "name": "Ogx Sunflower Shimmering Blonde Conditioner 385ml",
        "price": 18,
        "unitPrice": "$4.68 / 100ML"
    },
    {
        "category": "health-beauty",
        "href": "https://www.woolworths.com.au/shop/productdetails/624023/australian-botanical-french-pear-soap",
        "imgName": "624023.jpg",
        "imgSrc": "https://cdn0.woolworths.media/content/wowproductimages/medium/624023.jpg",
        "name": "Australian Botanical French Pear Soap 200g",
        "price": 4,
        "unitPrice": "$2.00 / 100G"
    },
    {
        "category": "health-beauty",
        "href": "https://www.woolworths.com.au/shop/productdetails/641891/blackmores-superkids-immune-gummies",
        "imgName": "641891.jpg",
        "imgSrc": "https://cdn0.woolworths.media/content/wowproductimages/medium/641891.jpg",
        "name": "Blackmores Superkids Immune Gummies 60pk",
        "price": 15,
        "unitPrice": "$25.00 / 100EA"
    },
    {
        "category": "health-beauty",
        "href": "https://www.woolworths.com.au/shop/productdetails/370964/elastoplast-strappings-class-tape",
        "imgName": "370964.jpg",
        "imgSrc": "https://cdn0.woolworths.media/content/wowproductimages/medium/370964.jpg",
        "name": "Elastoplast Strappings Class Tape 1pk",
        "price": 6.99,
        "unitPrice": "$6.99 / 1EA"
    },
    {
        "category": "health-beauty",
        "href": "https://www.woolworths.com.au/shop/productdetails/30236/disprin-soluble-regular",
        "imgName": "030236.jpg",
        "imgSrc": "https://cdn0.woolworths.media/content/wowproductimages/medium/030236.jpg",
        "name": "Disprin Soluble Regular 24pk",
        "price": 4.3,
        "unitPrice": "$0.18 / 1EA"
    },
    {
        "category": "health-beauty",
        "href": "https://www.woolworths.com.au/shop/productdetails/633729/neutrogena-sheer-zinc-baby-lotion-spf-50",
        "imgName": "633729.jpg",
        "imgSrc": "https://cdn0.woolworths.media/content/wowproductimages/medium/633729.jpg",
        "name": "Neutrogena Sheer Zinc Baby Lotion Spf 50 88ml",
        "price": 24,
        "unitPrice": "$27.27 / 100ML"
    },
    {
        "category": "health-beauty",
        "href": "https://www.woolworths.com.au/shop/productdetails/608861/oscar-orsen-large-bun-donut",
        "imgName": "608861.jpg",
        "imgSrc": "https://cdn0.woolworths.media/content/wowproductimages/medium/608861.jpg",
        "name": "Oscar Orsen Large Bun Donut each",
        "price": 5.5
    },
    {
        "category": "health-beauty",
        "href": "https://www.woolworths.com.au/shop/productdetails/563014/sally-hansen-miracle-gel-duo-pretty-piggy",
        "imgName": "563014.jpg",
        "imgSrc": "https://cdn0.woolworths.media/content/wowproductimages/medium/563014.jpg",
        "name": "Sally Hansen Miracle Gel Duo Pretty Piggy  29.4ml",
        "price": 24.95,
        "unitPrice": "$8.49 / 10ML"
    },
    {
        "category": "health-beauty",
        "href": "https://www.woolworths.com.au/shop/productdetails/790807/eylure-eyelashes-pre-glued-natural-031",
        "imgName": "790807.jpg",
        "imgSrc": "https://cdn0.woolworths.media/content/wowproductimages/medium/790807.jpg",
        "name": "Eylure Eyelashes Pre Glued Natural 031 ea",
        "price": 10.48,
        "unitPrice": "$10.48 / 1EA"
    },
    {
        "category": "health-beauty",
        "href": "https://www.woolworths.com.au/shop/productdetails/857439/touch-of-silver-intensive-conditioner",
        "imgName": "857439.jpg",
        "imgSrc": "https://cdn0.woolworths.media/content/wowproductimages/medium/857439.jpg",
        "name": "Touch Of Silver Intensive Conditioner 200ml",
        "price": 12.95,
        "unitPrice": "$6.48 / 100ML"
    },
    {
        "category": "health-beauty",
        "href": "https://www.woolworths.com.au/shop/productdetails/601152/ogx-orchid-oil-shampoo",
        "imgName": "601152.jpg",
        "imgSrc": "https://cdn0.woolworths.media/content/wowproductimages/medium/601152.jpg",
        "name": "Ogx Orchid Oil Shampoo 385ml",
        "price": 18,
        "unitPrice": "$4.68 / 100ML"
    },
    {
        "category": "health-beauty",
        "href": "https://www.woolworths.com.au/shop/productdetails/758226/dove-men-shampoo-2in1-fresh-clean",
        "imgName": "758226.jpg",
        "imgSrc": "https://cdn0.woolworths.media/content/wowproductimages/medium/758226.jpg",
        "name": "Dove Men Shampoo 2in1 Fresh Clean 300ml",
        "price": 6.75,
        "unitPrice": "$2.25 / 100ML"
    },
    {
        "category": "health-beauty",
        "href": "https://www.woolworths.com.au/shop/productdetails/111340/nivea-for-men-shave-gel-sensitive",
        "imgName": "111340.jpg",
        "imgSrc": "https://cdn0.woolworths.media/content/wowproductimages/medium/111340.jpg",
        "name": "Nivea For Men Shave Gel Sensitive 200ml",
        "price": 6,
        "unitPrice": "$3.00 / 100ML"
    },
    {
        "category": "health-beauty",
        "href": "https://www.woolworths.com.au/shop/productdetails/647375/eco-ultimate-air-dryer-hair-brush",
        "imgName": "647375.jpg",
        "imgSrc": "https://cdn0.woolworths.media/content/wowproductimages/medium/647375.jpg",
        "name": "Eco Ultimate Air Dryer Hair Brush 1ea",
        "price": 26
    },
    {
        "category": "health-beauty",
        "href": "https://www.woolworths.com.au/shop/productdetails/839568/john-frieda-salon-blends-5nbg-med-chestnut-brown",
        "imgName": "839568.jpg",
        "imgSrc": "https://cdn0.woolworths.media/content/wowproductimages/medium/839568.jpg",
        "name": "John Frieda Salon Blends 5nbg Med Chestnut Brown each",
        "price": 23
    },
    {
        "category": "health-beauty",
        "href": "https://www.woolworths.com.au/shop/productdetails/647377/eco-small-thermal-styler-hair-brush",
        "imgName": "647377.jpg",
        "imgSrc": "https://cdn0.woolworths.media/content/wowproductimages/medium/647377.jpg",
        "name": "Eco Small Thermal Styler Hair Brush 1ea",
        "price": 28
    },
    {
        "category": "health-beauty",
        "href": "https://www.woolworths.com.au/shop/productdetails/639415/v-italia-body-spray-cool",
        "imgName": "639415.jpg",
        "imgSrc": "https://cdn0.woolworths.media/content/wowproductimages/medium/639415.jpg",
        "name": "V Italia Body Spray Cool 150ml",
        "price": 7,
        "unitPrice": "$4.67 / 100ML"
    },
    {
        "category": "health-beauty",
        "href": "https://www.woolworths.com.au/shop/productdetails/827741/ostelin-kids-vit-d-liq-s-berry-oral-liquid",
        "imgName": "827741.jpg",
        "imgSrc": "https://cdn0.woolworths.media/content/wowproductimages/medium/827741.jpg",
        "name": "Ostelin Kids Vit D Liq S/berry Oral Liquid 20ml",
        "price": 10.95,
        "unitPrice": "$54.75 / 100ML"
    },
    {
        "category": "health-beauty",
        "href": "https://www.woolworths.com.au/shop/productdetails/634474/surf-life-saving-despicable-me-tube-spf-50-",
        "imgName": "634474.jpg",
        "imgSrc": "https://cdn0.woolworths.media/content/wowproductimages/medium/634474.jpg",
        "name": "Surf Life Saving Despicable Me Tube Spf 50+ 100ml",
        "price": 11,
        "unitPrice": "$11.00 / 100ML"
    },
    {
        "category": "health-beauty",
        "href": "https://www.woolworths.com.au/shop/productdetails/188013/nivea-body-moisturiser-q10-plus-contouring-creme",
        "imgName": "188013.jpg",
        "imgSrc": "https://cdn0.woolworths.media/content/wowproductimages/medium/188013.jpg",
        "name": "Nivea Body Moisturiser Q10 Plus Contouring Creme 750ml",
        "price": 11.16,
        "unitPrice": "$3.72 / 100ML"
    },
    {
        "category": "health-beauty",
        "href": "https://www.woolworths.com.au/shop/productdetails/94185/steradent-active-plus-denture-care-paste",
        "imgName": "094185.jpg",
        "imgSrc": "https://cdn0.woolworths.media/content/wowproductimages/medium/094185.jpg",
        "name": "Steradent Active Plus Denture Care Paste 115g",
        "price": 5,
        "unitPrice": "$4.35 / 100G"
    },
    {
        "category": "health-beauty",
        "href": "https://www.woolworths.com.au/shop/productdetails/633865/brut-anti-perspirant-impression",
        "imgName": "633865.jpg",
        "imgSrc": "https://cdn0.woolworths.media/content/wowproductimages/medium/633865.jpg",
        "name": "Brut Anti Perspirant Impression 150g",
        "price": 6.3,
        "unitPrice": "$4.20 / 100G"
    },
    {
        "category": "health-beauty",
        "href": "https://www.woolworths.com.au/shop/productdetails/826885/natures-way-vitagummies-womens-multivit-orange-lemon-blueberry",
        "imgName": "826885.jpg",
        "imgSrc": "https://cdn0.woolworths.media/content/wowproductimages/medium/826885.jpg",
        "name": "Natures Way Vitagummies Womens Multivit Orange Lemon Blueberry 100pk",
        "price": 20,
        "unitPrice": "$20.00 / 100EA"
    },
    {
        "category": "health-beauty",
        "href": "https://www.woolworths.com.au/shop/productdetails/798015/fat-blaster-super-shake-chocolate",
        "imgName": "798015.jpg",
        "imgSrc": "https://cdn0.woolworths.media/content/wowproductimages/medium/798015.jpg",
        "name": "Fat Blaster Super Shake Chocolate 430g",
        "price": 20,
        "unitPrice": "$4.65 / 100G"
    },
    {
        "category": "health-beauty",
        "href": "https://www.woolworths.com.au/shop/productdetails/363470/head-shoulders-dry-scalp-care-with-almond-oil-anti-dandruff-conditioner",
        "imgName": "363470.jpg",
        "imgSrc": "https://cdn0.woolworths.media/content/wowproductimages/medium/363470.jpg",
        "name": "Head & Shoulders Dry Scalp Care With Almond Oil Anti Dandruff Conditioner 400ml",
        "price": 12.5,
        "unitPrice": "$3.13 / 100ML"
    },
    {
        "category": "health-beauty",
        "href": "https://www.woolworths.com.au/shop/productdetails/631039/lo-carb-crunch-bar-cranberry-dark-chocolate",
        "imgName": "631039.jpg",
        "imgSrc": "https://cdn0.woolworths.media/content/wowproductimages/medium/631039.jpg",
        "name": "Lo Carb Crunch Bar Cranberry & Dark Chocolate 40g",
        "price": 2.8,
        "unitPrice": "$7.00 / 100G"
    },
    {
        "category": "health-beauty",
        "href": "https://www.woolworths.com.au/shop/productdetails/798811/celebrity-slim-rapid-phase-shake-mix-banana",
        "imgName": "798811.jpg",
        "imgSrc": "https://cdn0.woolworths.media/content/wowproductimages/medium/798811.jpg",
        "name": "Celebrity Slim Rapid Phase Shake Mix Banana 840g",
        "price": 35.5,
        "unitPrice": "$4.23 / 100G"
    },
    {
        "category": "health-beauty",
        "href": "https://www.woolworths.com.au/shop/productdetails/340819/clairol-nice-n-easy-sb2-natural-light-neutral-summer-blonde",
        "imgName": "340819.jpg",
        "imgSrc": "https://cdn0.woolworths.media/content/wowproductimages/medium/340819.jpg",
        "name": "Clairol Nice N Easy Sb2 Natural Light Neutral Summer Blonde each",
        "price": 13
    },
    {
        "category": "health-beauty",
        "href": "https://www.woolworths.com.au/shop/productdetails/637617/toni-guy-grooming-brush",
        "imgName": "637617.jpg",
        "imgSrc": "https://cdn0.woolworths.media/content/wowproductimages/medium/637617.jpg",
        "name": "Toni & Guy Grooming Brush  each",
        "price": 26
    },
    {
        "category": "health-beauty",
        "href": "https://www.woolworths.com.au/shop/productdetails/42664/glucodin-tablets-pure-glucose-energy",
        "imgName": "042664.jpg",
        "imgSrc": "https://cdn0.woolworths.media/content/wowproductimages/medium/042664.jpg",
        "name": "Glucodin Tablets Pure Glucose Energy 50g",
        "price": 4,
        "unitPrice": "$8.00 / 100G"
    },
    {
        "category": "health-beauty",
        "href": "https://www.woolworths.com.au/shop/productdetails/779509/nivea-men-moisturiser-clear-effect",
        "imgName": "779509.jpg",
        "imgSrc": "https://cdn0.woolworths.media/content/wowproductimages/medium/779509.jpg",
        "name": "Nivea Men Moisturiser Clear Effect 50ml",
        "price": 12,
        "unitPrice": "$24.00 / 100ML"
    },
    {
        "category": "health-beauty",
        "href": "https://www.woolworths.com.au/shop/productdetails/729172/dove-women-invisible-dry-antiperspirant-deodorant-anti-white-marks",
        "imgName": "729172.jpg",
        "imgSrc": "https://cdn0.woolworths.media/content/wowproductimages/medium/729172.jpg",
        "name": "Dove Women Invisible Dry Antiperspirant Deodorant Anti White Marks 169ml",
        "price": 5,
        "unitPrice": "$2.96 / 100ML"
    },
    {
        "category": "health-beauty",
        "href": "https://www.woolworths.com.au/shop/productdetails/825590/rimmel-mascara-wonder-full-water-proof",
        "imgName": "825590.jpg",
        "imgSrc": "https://cdn0.woolworths.media/content/wowproductimages/medium/825590.jpg",
        "name": "Rimmel Mascara Wonder'full Water Proof each",
        "price": 18.95,
        "unitPrice": "$17.23 / 10ML"
    },
    {
        "category": "health-beauty",
        "href": "https://www.woolworths.com.au/shop/productdetails/602942/dimetapp-multi-symptom-cold-flu",
        "imgName": "602942.jpg",
        "imgSrc": "https://cdn0.woolworths.media/content/wowproductimages/medium/602942.jpg",
        "name": "Dimetapp Multi Symptom Cold & Flu 20pk",
        "price": 13,
        "unitPrice": "$0.65 / 1EA"
    },
    {
        "category": "health-beauty",
        "href": "https://www.woolworths.com.au/shop/productdetails/571956/pearl-drops-instant-white-toothpaste",
        "imgName": "571956.jpg",
        "imgSrc": "https://cdn0.woolworths.media/content/wowproductimages/medium/571956.jpg",
        "name": "Pearl Drops Instant White Toothpaste 100g",
        "price": 12,
        "unitPrice": "$12.00 / 100G"
    },
    {
        "category": "health-beauty",
        "href": "https://www.woolworths.com.au/shop/productdetails/841187/betadine-sore-throat-lozenges-honey-lemon",
        "imgName": "841187.jpg",
        "imgSrc": "https://cdn0.woolworths.media/content/wowproductimages/medium/841187.jpg",
        "name": "Betadine Sore Throat Lozenges Honey & Lemon 16pk",
        "price": 6.5,
        "unitPrice": "$0.41 / 1EA"
    },
    {
        "category": "health-beauty",
        "href": "https://www.woolworths.com.au/shop/productdetails/724699/rimmel-wake-me-up-fdn-s-beige",
        "imgName": "724699.jpg",
        "imgSrc": "https://cdn0.woolworths.media/content/wowproductimages/medium/724699.jpg",
        "name": "Rimmel Wake Me Up  Fdn S/beige 30ml",
        "price": 19.95,
        "unitPrice": "$6.65 / 10ML"
    },
    {
        "category": "health-beauty",
        "href": "https://www.woolworths.com.au/shop/productdetails/755821/tinaderm-powder-foot-care-spray-for-tinea",
        "imgName": "755821.jpg",
        "imgSrc": "https://cdn0.woolworths.media/content/wowproductimages/medium/755821.jpg",
        "name": "Tinaderm Powder Foot Care Spray For Tinea 100g",
        "price": 10.5,
        "unitPrice": "$10.50 / 100G"
    },
    {
        "category": "health-beauty",
        "href": "https://www.woolworths.com.au/shop/productdetails/581132/tresemme-expert-selection-hair-shampoo-beautyfull-volume",
        "imgName": "581132.jpg",
        "imgSrc": "https://cdn0.woolworths.media/content/wowproductimages/medium/581132.jpg",
        "name": "Tresemme Expert Selection Hair Shampoo Beautyfull Volume 750ml",
        "price": 7,
        "unitPrice": "$0.93 / 100ML"
    },
    {
        "category": "health-beauty",
        "href": "https://www.woolworths.com.au/shop/productdetails/857436/touch-of-silver-daily-maintenance-shampoo",
        "imgName": "857436.jpg",
        "imgSrc": "https://cdn0.woolworths.media/content/wowproductimages/medium/857436.jpg",
        "name": "Touch Of Silver Daily Maintenance Shampoo 400ml",
        "price": 9.95,
        "unitPrice": "$2.49 / 100ML"
    },
    {
        "category": "health-beauty",
        "href": "https://www.woolworths.com.au/shop/productdetails/825571/sally-hansen-nail-polish-cleared-for-takeoff",
        "imgName": "825571.jpg",
        "imgSrc": "https://cdn0.woolworths.media/content/wowproductimages/medium/825571.jpg",
        "name": "Sally Hansen Nail Polish Cleared For Takeoff each",
        "price": 14.95,
        "unitPrice": "$10.17 / 10ML"
    },
    {
        "category": "health-beauty",
        "href": "https://www.woolworths.com.au/shop/productdetails/506769/rexona-men-antiperspirant-deodorant-sport",
        "imgName": "506769.jpg",
        "imgSrc": "https://cdn0.woolworths.media/content/wowproductimages/medium/506769.jpg",
        "name": "Rexona Men Antiperspirant Deodorant Sport 150ml",
        "price": 5,
        "unitPrice": "$3.33 / 100ML"
    },
    {
        "category": "health-beauty",
        "href": "https://www.woolworths.com.au/shop/productdetails/173340/steradant-denture-care-tablets-extra-strength",
        "imgName": "173340.jpg",
        "imgSrc": "https://cdn0.woolworths.media/content/wowproductimages/medium/173340.jpg",
        "name": "Steradant Denture Care Tablets Extra Strength 30pk",
        "price": 6.4,
        "unitPrice": "$0.21 / 1EA"
    },
    {
        "category": "health-beauty",
        "href": "https://www.woolworths.com.au/shop/productdetails/644972/cancer-council-sensitive-sunscreen-pump-bottle-spf-50-plus",
        "imgName": "644972.jpg",
        "imgSrc": "https://cdn0.woolworths.media/content/wowproductimages/medium/644972.jpg",
        "name": "Cancer Council Sensitive Sunscreen Pump Bottle Spf 50 Plus 200ml",
        "price": 16,
        "unitPrice": "$8.00 / 100ML"
    },
    {
        "category": "health-beauty",
        "href": "https://www.woolworths.com.au/shop/productdetails/604806/bosisto-s-lavender-spray",
        "imgName": "604806.jpg",
        "imgSrc": "https://cdn0.woolworths.media/content/wowproductimages/medium/604806.jpg",
        "name": "Bosisto's Lavender Spray 125g",
        "price": 12,
        "unitPrice": "$9.60 / 100G"
    },
    {
        "category": "health-beauty",
        "href": "https://www.woolworths.com.au/shop/productdetails/631573/skin-therapy-eternal-exfoliator-rejuvenating-gel-exfoliator",
        "imgName": "631573.jpg",
        "imgSrc": "https://cdn0.woolworths.media/content/wowproductimages/medium/631573.jpg",
        "name": "Skin Therapy Eternal Exfoliator Rejuvenating Gel Exfoliator 100ml",
        "price": 20,
        "unitPrice": "$20.00 / 100ML"
    },
    {
        "category": "health-beauty",
        "href": "https://www.woolworths.com.au/shop/productdetails/477676/optrex-advanced-eye-drops-dry-eyes",
        "imgName": "477676.jpg",
        "imgSrc": "https://cdn0.woolworths.media/content/wowproductimages/medium/477676.jpg",
        "name": "Optrex Advanced Eye Drops Dry Eyes 10ml",
        "price": 10,
        "unitPrice": "$100.00 / 100ML"
    },
    {
        "category": "health-beauty",
        "href": "https://www.woolworths.com.au/shop/productdetails/637647/toni-guy-geom-hair-barrette-silver",
        "imgName": "637647.jpg",
        "imgSrc": "https://cdn0.woolworths.media/content/wowproductimages/medium/637647.jpg",
        "name": "Toni & Guy Geom Hair Barrette Silver 2pk",
        "price": 7
    },
    {
        "category": "health-beauty",
        "href": "https://www.woolworths.com.au/shop/productdetails/467392/depend-female-underwear-super-extra-large",
        "imgName": "467392.jpg",
        "imgSrc": "https://cdn0.woolworths.media/content/wowproductimages/medium/467392.jpg",
        "name": "Depend Female Underwear Super Extra-large 8pk",
        "price": 16.99,
        "unitPrice": "$2.12 / 1EA"
    },
    {
        "category": "health-beauty",
        "href": "https://www.woolworths.com.au/shop/productdetails/379968/palmolive-handwash-pump-antibacterial-defense",
        "imgName": "379968.jpg",
        "imgSrc": "https://cdn0.woolworths.media/content/wowproductimages/medium/379968.jpg",
        "name": "Palmolive Handwash Pump Antibacterial Defense 250ml",
        "price": 2.79,
        "unitPrice": "$1.12 / 100ML"
    },
    {
        "category": "health-beauty",
        "href": "https://www.woolworths.com.au/shop/productdetails/600619/vicks-vapodrops-cough-lozenges-orange-menthol",
        "imgName": "600619.jpg",
        "imgSrc": "https://cdn0.woolworths.media/content/wowproductimages/medium/600619.jpg",
        "name": "Vicks Vapodrops +cough Lozenges Orange Menthol 16pk",
        "price": 6,
        "unitPrice": "$0.38 / 1EA"
    },
    {
        "category": "health-beauty",
        "href": "https://www.woolworths.com.au/shop/productdetails/633863/dove-hand-wash-500ml-hand-wash-cucumber-and-green-tea",
        "imgName": "633863.jpg",
        "imgSrc": "https://cdn0.woolworths.media/content/wowproductimages/medium/633863.jpg",
        "name": "Dove Hand Wash  500ml Hand Wash Cucumber And Green Tea 500ml",
        "price": 7.5,
        "unitPrice": "$1.50 / 100ML"
    },
    {
        "category": "health-beauty",
        "href": "https://www.woolworths.com.au/shop/productdetails/715014/invisible-zinc-spf-30-sunscreen-tinted-daywear-medium",
        "imgName": "715014.jpg",
        "imgSrc": "https://cdn0.woolworths.media/content/wowproductimages/medium/715014.jpg",
        "name": "Invisible Zinc Spf 30+ Sunscreen Tinted Daywear Medium 50g",
        "price": 29.99,
        "unitPrice": "$59.98 / 100G"
    },
    {
        "category": "health-beauty",
        "href": "https://www.woolworths.com.au/shop/productdetails/660864/herbal-essences-naked-moisture-rosemary-herbs-conditioner",
        "imgName": "660864.jpg",
        "imgSrc": "https://cdn0.woolworths.media/content/wowproductimages/medium/660864.jpg",
        "name": "Herbal Essences Naked Moisture Rosemary & Herbs Conditioner 400ml",
        "price": 12,
        "unitPrice": "$3.00 / 100ML"
    },
    {
        "category": "health-beauty",
        "href": "https://www.woolworths.com.au/shop/productdetails/610128/rimmel-london-volume-shake-mascara",
        "imgName": "610128.jpg",
        "imgSrc": "https://cdn0.woolworths.media/content/wowproductimages/medium/610128.jpg",
        "name": "Rimmel London Volume Shake Mascara 9ml",
        "price": 19,
        "unitPrice": "$21.11 / 10ML"
    },
    {
        "category": "health-beauty",
        "href": "https://www.woolworths.com.au/shop/productdetails/637693/toni-guy-basic-combo-thin-black",
        "imgName": "637693.jpg",
        "imgSrc": "https://cdn0.woolworths.media/content/wowproductimages/medium/637693.jpg",
        "name": "Toni&guy Basic Combo Thin Black  1ea",
        "price": 7
    },
    {
        "category": "health-beauty",
        "href": "https://www.woolworths.com.au/shop/productdetails/600618/dimetapp-cold-flu-immune-support",
        "imgName": "600618.jpg",
        "imgSrc": "https://cdn0.woolworths.media/content/wowproductimages/medium/600618.jpg",
        "name": "Dimetapp Cold & Flu Immune Support 27pk",
        "price": 14,
        "unitPrice": "$0.52 / 1EA"
    },
    {
        "category": "health-beauty",
        "href": "https://www.woolworths.com.au/shop/productdetails/842161/ogx-shampoo-healing-vitamin-e",
        "imgName": "842161.jpg",
        "imgSrc": "https://cdn0.woolworths.media/content/wowproductimages/medium/842161.jpg",
        "name": "Ogx Shampoo Healing & Vitamin E 350ml",
        "price": 18,
        "unitPrice": "$4.68 / 100ML"
    },
    {
        "category": "health-beauty",
        "href": "https://www.woolworths.com.au/shop/productdetails/650327/herbal-essences-smooth-golden-moringa-oil-conditioner",
        "imgName": "650327.jpg",
        "imgSrc": "https://cdn0.woolworths.media/content/wowproductimages/medium/650327.jpg",
        "name": "Herbal Essences Smooth Golden Moringa Oil Conditioner 400ml",
        "price": 12,
        "unitPrice": "$3.00 / 100ML"
    },
    {
        "category": "health-beauty",
        "href": "https://www.woolworths.com.au/shop/productdetails/565577/oral-b-gum-care-sensitive-repair-toothpaste",
        "imgName": "565577.jpg",
        "imgSrc": "https://cdn0.woolworths.media/content/wowproductimages/medium/565577.jpg",
        "name": "Oral B Gum Care & Sensitive Repair Toothpaste 110g",
        "price": 10,
        "unitPrice": "$9.09 / 100G"
    },
    {
        "category": "health-beauty",
        "href": "https://www.woolworths.com.au/shop/productdetails/731643/bodytrim-cookie-choc-chip",
        "imgName": "731643.jpg",
        "imgSrc": "https://cdn0.woolworths.media/content/wowproductimages/medium/731643.jpg",
        "name": "Bodytrim Cookie Choc-chip 50g",
        "price": 4,
        "unitPrice": "$8.00 / 100G"
    },
    {
        "category": "health-beauty",
        "href": "https://www.woolworths.com.au/shop/productdetails/459105/head-shoulders-thick-strong-conditioner",
        "imgName": "459105.jpg",
        "imgSrc": "https://cdn0.woolworths.media/content/wowproductimages/medium/459105.jpg",
        "name": "Head & Shoulders Thick & Strong Conditioner 350ml",
        "price": 12.5,
        "unitPrice": "$3.57 / 100ML"
    },
    {
        "category": "health-beauty",
        "href": "https://www.woolworths.com.au/shop/productdetails/767770/rapid-loss-shake-mix-banana",
        "imgName": "767770.jpg",
        "imgSrc": "https://cdn0.woolworths.media/content/wowproductimages/medium/767770.jpg",
        "name": "Rapid Loss Shake Mix Banana 750g",
        "price": 40,
        "unitPrice": "$5.33 / 100G"
    },
    {
        "category": "health-beauty",
        "href": "https://www.woolworths.com.au/shop/productdetails/611715/mud-illuminating-highlighter-champagne",
        "imgName": "611715.jpg",
        "imgSrc": "https://cdn0.woolworths.media/content/wowproductimages/medium/611715.jpg",
        "name": "Mud Illuminating Highlighter Champagne 12ml",
        "price": 6.5,
        "unitPrice": "$5.42 / 10ML"
    },
    {
        "category": "health-beauty",
        "href": "https://www.woolworths.com.au/shop/productdetails/448747/dove-powder-soft-deodorant",
        "imgName": "448747.jpg",
        "imgSrc": "https://cdn0.woolworths.media/content/wowproductimages/medium/448747.jpg",
        "name": "Dove Powder Soft Deodorant 250ml",
        "price": 7,
        "unitPrice": "$2.80 / 100ML"
    },
    {
        "category": "health-beauty",
        "href": "https://www.woolworths.com.au/shop/productdetails/473438/the-detanger-vented-padded-brush-on-the-go",
        "imgName": "473438.jpg",
        "imgSrc": "https://cdn0.woolworths.media/content/wowproductimages/medium/473438.jpg",
        "name": "The Detanger Vented Padded Brush On The Go each",
        "price": 10
    },
    {
        "category": "health-beauty",
        "href": "https://www.woolworths.com.au/shop/productdetails/486574/ogx-conditioner-anti-gravity-hydration-o2",
        "imgName": "486574.jpg",
        "imgSrc": "https://cdn0.woolworths.media/content/wowproductimages/medium/486574.jpg",
        "name": "Ogx Conditioner Anti Gravity & Hydration O2 385ml",
        "price": 18,
        "unitPrice": "$4.68 / 100ML"
    },
    {
        "category": "health-beauty",
        "href": "https://www.woolworths.com.au/shop/productdetails/660884/herbal-essences-naked-volume-white-grapefruit-mosa-mint-shampoo",
        "imgName": "660884.jpg",
        "imgSrc": "https://cdn0.woolworths.media/content/wowproductimages/medium/660884.jpg",
        "name": "Herbal Essences Naked Volume White Grapefruit & Mosa Mint Shampoo 400ml",
        "price": 12,
        "unitPrice": "$3.00 / 100ML"
    },
    {
        "category": "health-beauty",
        "href": "https://www.woolworths.com.au/shop/productdetails/611768/mud-illuminating-highlighter-bronze",
        "imgName": "611768.jpg",
        "imgSrc": "https://cdn0.woolworths.media/content/wowproductimages/medium/611768.jpg",
        "name": "Mud Illuminating Highlighter Bronze 12ml",
        "price": 6.5,
        "unitPrice": "$5.42 / 10ML"
    },
    {
        "category": "health-beauty",
        "href": "https://www.woolworths.com.au/shop/productdetails/731615/bodytrim-bar-chocolate-mint",
        "imgName": "731615.jpg",
        "imgSrc": "https://cdn0.woolworths.media/content/wowproductimages/medium/731615.jpg",
        "name": "Bodytrim Bar Chocolate & Mint 50g",
        "price": 3.5,
        "unitPrice": "$7.00 / 100G"
    },
    {
        "category": "health-beauty",
        "href": "https://www.woolworths.com.au/shop/productdetails/627153/radox-shower-gel-feel-oxygenated",
        "imgName": "627153.jpg",
        "imgSrc": "https://cdn0.woolworths.media/content/wowproductimages/medium/627153.jpg",
        "name": "Radox Shower Gel Feel Oxygenated 500ml",
        "price": 4,
        "unitPrice": "$0.80 / 100ML"
    },
    {
        "category": "health-beauty",
        "href": "https://www.woolworths.com.au/shop/productdetails/466197/manicare-live-salon-gloss-lash-brow-brush",
        "imgName": "466197.jpg",
        "imgSrc": "https://cdn0.woolworths.media/content/wowproductimages/medium/466197.jpg",
        "name": "Manicare Live Salon Gloss Lash & Brow Brush 1ea",
        "price": 11
    },
    {
        "category": "health-beauty",
        "href": "https://www.woolworths.com.au/shop/productdetails/633862/dove-hand-wash-500ml-hand-wash-nourishing",
        "imgName": "633862.jpg",
        "imgSrc": "https://cdn0.woolworths.media/content/wowproductimages/medium/633862.jpg",
        "name": "Dove Hand Wash  500ml Hand Wash Nourishing 500ml",
        "price": 7.5,
        "unitPrice": "$1.50 / 100ML"
    },
    {
        "category": "health-beauty",
        "href": "https://www.woolworths.com.au/shop/productdetails/757183/atkins-day-break-hazelnut-bar",
        "imgName": "757183.jpg",
        "imgSrc": "https://cdn0.woolworths.media/content/wowproductimages/medium/757183.jpg",
        "name": "Atkins Day Break Hazelnut Bar 5pk 185g",
        "price": 11.5,
        "unitPrice": "$6.22 / 100G"
    },
    {
        "category": "health-beauty",
        "href": "https://www.woolworths.com.au/shop/productdetails/332326/carefree-acti-fresh-panty-liners-thin-oxygen",
        "imgName": "332326.jpg",
        "imgSrc": "https://cdn0.woolworths.media/content/wowproductimages/medium/332326.jpg",
        "name": "Carefree Acti-fresh Panty Liners Thin Oxygen 20pk",
        "price": 3.19,
        "unitPrice": "$0.16 / 1EA"
    },
    {
        "category": "health-beauty",
        "href": "https://www.woolworths.com.au/shop/productdetails/738842/celebrity-slim-low-carb-shake-mix-7-day-meal-replacement-assort",
        "imgName": "738842.jpg",
        "imgSrc": "https://cdn0.woolworths.media/content/wowproductimages/medium/738842.jpg",
        "name": "Celebrity Slim Low Carb Shake Mix 7 Day Meal Replacement Assort 14pk",
        "price": 43,
        "unitPrice": "$3.07 / 1EA"
    },
    {
        "category": "health-beauty",
        "href": "https://www.woolworths.com.au/shop/productdetails/629979/aussie-bodies-lo-carb-protein-bar-whip-d-choc-mint",
        "imgName": "629979.jpg",
        "imgSrc": "https://cdn0.woolworths.media/content/wowproductimages/medium/629979.jpg",
        "name": "Aussie Bodies Lo Carb Protein Bar Whip'd Choc Mint 4x30g",
        "price": 9,
        "unitPrice": "$7.50 / 100G"
    },
    {
        "category": "health-beauty",
        "href": "https://www.woolworths.com.au/shop/productdetails/268957/durex-lubricants-2-in-1-gel-lube-massage",
        "imgName": "268957.jpg",
        "imgSrc": "https://cdn0.woolworths.media/content/wowproductimages/medium/268957.jpg",
        "name": "Durex Lubricants 2 In 1 Gel & Lube Massage 200ml",
        "price": 10,
        "unitPrice": "$5.00 / 100ML"
    },
    {
        "category": "health-beauty",
        "href": "https://www.woolworths.com.au/shop/productdetails/486502/sunsilk-shampoo-vibrant-colour-protection",
        "imgName": "486502.jpg",
        "imgSrc": "https://cdn0.woolworths.media/content/wowproductimages/medium/486502.jpg",
        "name": "Sunsilk Shampoo Vibrant Colour Protection 350ml",
        "price": 5.5,
        "unitPrice": "$1.57 / 100ML"
    },
    {
        "category": "health-beauty",
        "href": "https://www.woolworths.com.au/shop/productdetails/580735/sorbent-facial-tissues-thick-n-large",
        "imgName": "580735.jpg",
        "imgSrc": "https://cdn0.woolworths.media/content/wowproductimages/medium/580735.jpg",
        "name": "Sorbent Facial Tissues Thick N Large 112pk",
        "price": 2,
        "unitPrice": "$1.79 / 100SS"
    },
    {
        "category": "health-beauty",
        "href": "https://www.woolworths.com.au/shop/productdetails/601365/dermaveen-soap-free-body-wash-oatmeal",
        "imgName": "601365.jpg",
        "imgSrc": "https://cdn0.woolworths.media/content/wowproductimages/medium/601365.jpg",
        "name": "Dermaveen Soap-free Body Wash Oatmeal 500ml",
        "price": 14,
        "unitPrice": "$2.80 / 100ML"
    },
    {
        "category": "health-beauty",
        "href": "https://www.woolworths.com.au/shop/productdetails/572432/blackmores-probiotics-kids-daily",
        "imgName": "572432.jpg",
        "imgSrc": "https://cdn0.woolworths.media/content/wowproductimages/medium/572432.jpg",
        "name": "Blackmores Probiotics+ Kids Daily  30pk",
        "price": 25,
        "unitPrice": "$83.33 / 100EA"
    },
    {
        "category": "health-beauty",
        "href": "https://www.woolworths.com.au/shop/productdetails/693556/woolworths-select-toothbrush-kids-soft",
        "imgName": "693556.jpg",
        "imgSrc": "https://cdn0.woolworths.media/content/wowproductimages/medium/693556.jpg",
        "name": "Woolworths Select Toothbrush Kids Soft 5pk",
        "price": 6.99,
        "unitPrice": "$1.40 / 1EA"
    },
    {
        "category": "health-beauty",
        "href": "https://www.woolworths.com.au/shop/productdetails/770047/oral-b-pro-health-fluoride-toothpaste-whitening-mint",
        "imgName": "770047.jpg",
        "imgSrc": "https://cdn0.woolworths.media/content/wowproductimages/medium/770047.jpg",
        "name": "Oral-b Pro Health Fluoride Toothpaste Whitening Mint 145g",
        "price": 6,
        "unitPrice": "$4.14 / 100G"
    },
    {
        "category": "health-beauty",
        "href": "https://www.woolworths.com.au/shop/productdetails/363454/head-shoulders-itchy-scalp-care-anti-dandruff-shampoo",
        "imgName": "363454.jpg",
        "imgSrc": "https://cdn0.woolworths.media/content/wowproductimages/medium/363454.jpg",
        "name": "Head & Shoulders Itchy Scalp Care Anti Dandruff Shampoo 200ml",
        "price": 6.4,
        "unitPrice": "$3.20 / 100ML"
    },
    {
        "category": "health-beauty",
        "href": "https://www.woolworths.com.au/shop/productdetails/748075/oral-b-pro-health-fluoride-toothpaste-allround-protection-clean-mint",
        "imgName": "748075.jpg",
        "imgSrc": "https://cdn0.woolworths.media/content/wowproductimages/medium/748075.jpg",
        "name": "Oral-b Pro Health Fluoride Toothpaste Allround Protection Clean Mint 145g",
        "price": 6,
        "unitPrice": "$4.14 / 100G"
    },
    {
        "category": "health-beauty",
        "href": "https://www.woolworths.com.au/shop/productdetails/757285/redken-conditioner-color-extend",
        "imgName": "757285.jpg",
        "imgSrc": "https://cdn0.woolworths.media/content/wowproductimages/medium/757285.jpg",
        "name": "Redken Conditioner Color Extend 250ml",
        "price": 23,
        "unitPrice": "$9.20 / 100ML"
    },
    {
        "category": "health-beauty",
        "href": "https://www.woolworths.com.au/shop/productdetails/321469/gaviscon-antacids-dual-action",
        "imgName": "321469.jpg",
        "imgSrc": "https://cdn0.woolworths.media/content/wowproductimages/medium/321469.jpg",
        "name": "Gaviscon Antacids Dual Action 300ml",
        "price": 8.35,
        "unitPrice": "$2.78 / 100ML"
    },
    {
        "category": "health-beauty",
        "href": "https://www.woolworths.com.au/shop/productdetails/703645/sambucol-throat-lozenges-vit-c-zinc-black-elderberry",
        "imgName": "703645.jpg",
        "imgSrc": "https://cdn0.woolworths.media/content/wowproductimages/medium/703645.jpg",
        "name": "Sambucol Throat Lozenges Vit C + Zinc Black Elderberry 20pk",
        "price": 10,
        "unitPrice": "$0.50 / 1EA"
    },
    {
        "category": "health-beauty",
        "href": "https://www.woolworths.com.au/shop/productdetails/328235/homebrand-fabric-strips-fabric",
        "imgName": "328235.jpg",
        "imgSrc": "https://cdn0.woolworths.media/content/wowproductimages/medium/328235.jpg",
        "name": "Homebrand Fabric Strips Fabric 50pk",
        "price": 2.5,
        "unitPrice": "$0.05 / 1EA"
    },
    {
        "category": "health-beauty",
        "href": "https://www.woolworths.com.au/shop/productdetails/459697/king-of-shave-shave-gel-antibacterial-aloe-tea-tree",
        "imgName": "459697.jpg",
        "imgSrc": "https://cdn0.woolworths.media/content/wowproductimages/medium/459697.jpg",
        "name": "King Of Shave Shave Gel Antibacterial Aloe & Tea Tree 150ml",
        "price": 9,
        "unitPrice": "$6.00 / 100ML"
    },
    {
        "category": "health-beauty",
        "href": "https://www.woolworths.com.au/shop/productdetails/353203/betadine-throat-gargles-concentrated",
        "imgName": "353203.jpg",
        "imgSrc": "https://cdn0.woolworths.media/content/wowproductimages/medium/353203.jpg",
        "name": "Betadine Throat Gargles Concentrated 15ml",
        "price": 12.5,
        "unitPrice": "$83.33 / 100ML"
    },
    {
        "category": "health-beauty",
        "href": "https://www.woolworths.com.au/shop/productdetails/64226/neutrogena-bar-hypoallergenic-bar",
        "imgName": "064226.jpg",
        "imgSrc": "https://cdn0.woolworths.media/content/wowproductimages/medium/064226.jpg",
        "name": "Neutrogena Bar Hypoallergenic Bar bar",
        "price": 3.17,
        "unitPrice": "$3.34 / 100G"
    },
    {
        "category": "health-beauty",
        "href": "https://www.woolworths.com.au/shop/productdetails/360043/nature-s-way-restore-daily-probiotic-capsules",
        "imgName": "360043.jpg",
        "imgSrc": "https://cdn0.woolworths.media/content/wowproductimages/medium/360043.jpg",
        "name": "Nature's Way Restore Daily Probiotic Capsules 28pk",
        "price": 20,
        "unitPrice": "$71.43 / 100EA"
    },
    {
        "category": "health-beauty",
        "href": "https://www.woolworths.com.au/shop/productdetails/375898/joico-shampoo-colour-endure",
        "imgName": "375898.jpg",
        "imgSrc": "https://cdn0.woolworths.media/content/wowproductimages/medium/375898.jpg",
        "name": "Joico Shampoo Colour Endure 300ml",
        "price": 20,
        "unitPrice": "$6.67 / 100ML"
    },
    {
        "category": "health-beauty",
        "href": "https://www.woolworths.com.au/shop/productdetails/486480/sunsilk-conditioner-refreshing-hydration",
        "imgName": "486480.jpg",
        "imgSrc": "https://cdn0.woolworths.media/content/wowproductimages/medium/486480.jpg",
        "name": "Sunsilk Conditioner Refreshing Hydration 350ml",
        "price": 5.5,
        "unitPrice": "$1.57 / 100ML"
    },
    {
        "category": "health-beauty",
        "href": "https://www.woolworths.com.au/shop/productdetails/793548/rosken-intensive-moisture-body-lotion",
        "imgName": "793548.jpg",
        "imgSrc": "https://cdn0.woolworths.media/content/wowproductimages/medium/793548.jpg",
        "name": "Rosken Intensive Moisture Body Lotion 400ml",
        "price": 8.99,
        "unitPrice": "$2.25 / 100ML"
    },
    {
        "category": "health-beauty",
        "href": "https://www.woolworths.com.au/shop/productdetails/771791/bounce-natural-energy-ball-cacao-mint-protein-ball",
        "imgName": "771791.jpg",
        "imgSrc": "https://cdn0.woolworths.media/content/wowproductimages/medium/771791.jpg",
        "name": "Bounce Natural Energy Ball Cacao, Mint & Protein Ball 42g",
        "price": 3,
        "unitPrice": "$7.14 / 100G"
    },
    {
        "category": "health-beauty",
        "href": "https://www.woolworths.com.au/shop/productdetails/827291/vitaustralia-propolis-2000mg-capsules",
        "imgName": "827291.jpg",
        "imgSrc": "https://cdn0.woolworths.media/content/wowproductimages/medium/827291.jpg",
        "name": "Vitaustralia Propolis 2000mg Capsules 200pk",
        "price": 28,
        "unitPrice": "$14.00 / 100EA"
    },
    {
        "category": "health-beauty",
        "href": "https://www.woolworths.com.au/shop/productdetails/751259/nature-s-way-kids-vita-gummies-immunity",
        "imgName": "751259.jpg",
        "imgSrc": "https://cdn0.woolworths.media/content/wowproductimages/medium/751259.jpg",
        "name": "Nature's Way Kids Vita Gummies Immunity 60pk",
        "price": 15,
        "unitPrice": "$30.00 / 100EA"
    },
    {
        "category": "health-beauty",
        "href": "https://www.woolworths.com.au/shop/productdetails/28067/palmolive-men-rapid-shave-foam-sensitive-skin",
        "imgName": "028067.jpg",
        "imgSrc": "https://cdn0.woolworths.media/content/wowproductimages/medium/028067.jpg",
        "name": "Palmolive Men Rapid Shave Foam Sensitive Skin 250g",
        "price": 3.5,
        "unitPrice": "$1.40 / 100G"
    },
    {
        "category": "health-beauty",
        "href": "https://www.woolworths.com.au/shop/productdetails/506541/l-oreal-paris-golden-age-facial-serum-glow",
        "imgName": "506541.jpg",
        "imgSrc": "https://cdn0.woolworths.media/content/wowproductimages/medium/506541.jpg",
        "name": "L'oreal Paris Golden Age Facial Serum Glow 125ml",
        "price": 40,
        "unitPrice": "$32.00 / 100ML"
    },
    {
        "category": "health-beauty",
        "href": "https://www.woolworths.com.au/shop/productdetails/469595/extra-care-toner-blonde",
        "imgName": "469595.jpg",
        "imgSrc": "https://cdn0.woolworths.media/content/wowproductimages/medium/469595.jpg",
        "name": "Extra Care Toner Blonde 200ml",
        "price": 6.3,
        "unitPrice": "$3.15 / 100ML"
    },
    {
        "category": "health-beauty",
        "href": "https://www.woolworths.com.au/shop/productdetails/755075/tampax-super-tampons-medium-flow-with-applicator",
        "imgName": "755075.jpg",
        "imgSrc": "https://cdn0.woolworths.media/content/wowproductimages/medium/755075.jpg",
        "name": "Tampax Super Tampons Medium Flow With Applicator 20pk",
        "price": 7.5,
        "unitPrice": "$0.38 / 1EA"
    },
    {
        "category": "health-beauty",
        "href": "https://www.woolworths.com.au/shop/productdetails/46447/clairol-nice-n-easy-easy-root-touch-up-4g-dark-golden-brown",
        "imgName": "046447.jpg",
        "imgSrc": "https://cdn0.woolworths.media/content/wowproductimages/medium/046447.jpg",
        "name": "Clairol Nice N Easy Easy Root Touch Up 4g Dark Golden Brown 1pk",
        "price": 13
    },
    {
        "category": "health-beauty",
        "href": "https://www.woolworths.com.au/shop/productdetails/247381/carefree-panty-liners-barely-there-g-string",
        "imgName": "247381.jpg",
        "imgSrc": "https://cdn0.woolworths.media/content/wowproductimages/medium/247381.jpg",
        "name": "Carefree Panty Liners Barely There G String 24pk",
        "price": 3.3,
        "unitPrice": "$0.14 / 1EA"
    },
    {
        "category": "health-beauty",
        "href": "https://www.woolworths.com.au/shop/productdetails/761427/eylure-eyelashes-naturalites-lash-140-intense",
        "imgName": "761427.jpg",
        "imgSrc": "https://cdn0.woolworths.media/content/wowproductimages/medium/761427.jpg",
        "name": "Eylure Eyelashes Naturalites  Lash 140 Intense each",
        "price": 12.99,
        "unitPrice": "$12.99 / 1EA"
    },
    {
        "category": "health-beauty",
        "href": "https://www.woolworths.com.au/shop/productdetails/705712/body-science-international-high-protein-balls-white-choc-honeycomb",
        "imgName": "705712.jpg",
        "imgSrc": "https://cdn0.woolworths.media/content/wowproductimages/medium/705712.jpg",
        "name": "Body Science International High Protein Balls White Choc Honeycomb 70g",
        "price": 4.5,
        "unitPrice": "$6.43 / 100G"
    },
    {
        "category": "health-beauty",
        "href": "https://www.woolworths.com.au/shop/productdetails/715655/redwin-body-moisturiser-lotion-vitamin-e-and-epo",
        "imgName": "715655.jpg",
        "imgSrc": "https://cdn0.woolworths.media/content/wowproductimages/medium/715655.jpg",
        "name": "Redwin Body Moisturiser Lotion Vitamin E And Epo 400ml",
        "price": 6.18,
        "unitPrice": "$1.55 / 100ML"
    },
    {
        "category": "health-beauty",
        "href": "https://www.woolworths.com.au/shop/productdetails/792503/palmer-s-exfoliating-facial-scrub-facial-scrub",
        "imgName": "792503.jpg",
        "imgSrc": "https://cdn0.woolworths.media/content/wowproductimages/medium/792503.jpg",
        "name": "Palmer's Exfoliating Facial Scrub Facial Scrub 150g",
        "price": 9.99,
        "unitPrice": "$6.66 / 100G"
    },
    {
        "category": "health-beauty",
        "href": "https://www.woolworths.com.au/shop/productdetails/340804/gillette-fusion-power-shaving-razor-battery",
        "imgName": "340804.jpg",
        "imgSrc": "https://cdn0.woolworths.media/content/wowproductimages/medium/340804.jpg",
        "name": "Gillette Fusion Power Shaving Razor & Battery each",
        "price": 16
    },
    {
        "category": "health-beauty",
        "href": "https://www.woolworths.com.au/shop/productdetails/611769/mud-highlighting-palette",
        "imgName": "611769.jpg",
        "imgSrc": "https://cdn0.woolworths.media/content/wowproductimages/medium/611769.jpg",
        "name": "Mud Highlighting Palette  9g",
        "price": 9.5,
        "unitPrice": "$10.56 / 10G"
    },
    {
        "category": "health-beauty",
        "href": "https://www.woolworths.com.au/shop/productdetails/529047/tresemme-remoisturise-conditioner",
        "imgName": "529047.jpg",
        "imgSrc": "https://cdn0.woolworths.media/content/wowproductimages/medium/529047.jpg",
        "name": "Tresemme Remoisturise Conditioner  390ml",
        "price": 7,
        "special": 5,
        "unitPrice": "$1.28 / 100ML"
    },
    {
        "category": "health-beauty",
        "href": "https://www.woolworths.com.au/shop/productdetails/486503/sunsilk-conditioner-vibrant-colour-protection",
        "imgName": "486503.jpg",
        "imgSrc": "https://cdn0.woolworths.media/content/wowproductimages/medium/486503.jpg",
        "name": "Sunsilk Conditioner Vibrant Colour Protection 350ml",
        "price": 5.5,
        "unitPrice": "$1.57 / 100ML"
    },
    {
        "category": "health-beauty",
        "href": "https://www.woolworths.com.au/shop/productdetails/90000322/nivea-men-sensitive-shave-gel-aerosol-deodorant-bundle",
        "imgName": "90000322.jpg",
        "imgSrc": "https://cdn0.woolworths.media/content/wowproductimages/medium/90000322.jpg",
        "name": "Nivea Men Sensitive Shave Gel & Aerosol Deodorant Bundle",
        "price": 9
    },
    {
        "category": "health-beauty",
        "href": "https://www.woolworths.com.au/shop/productdetails/90000730/sunsilk-shampoo-conditioner-with-vo5-plump-me-up-dry-shampoo-bundle",
        "imgName": "90000730.jpg",
        "imgSrc": "https://cdn0.woolworths.media/content/wowproductimages/medium/90000730.jpg",
        "name": "Sunsilk Shampoo & Conditioner With Vo5 Plump Me Up Dry Shampoo Bundle",
        "price": 15
    },
    {
        "category": "health-beauty",
        "href": "https://www.woolworths.com.au/shop/productdetails/306795/nature-s-way-glucosamine-tablets-1500mg",
        "imgName": "306795.jpg",
        "imgSrc": "https://cdn0.woolworths.media/content/wowproductimages/medium/306795.jpg",
        "name": "Nature's Way Glucosamine Tablets 1500mg 180pk",
        "price": 40,
        "unitPrice": "$22.22 / 100EA"
    },
    {
        "category": "health-beauty",
        "href": "https://www.woolworths.com.au/shop/productdetails/860781/gaviscon-double-strength-tablets-peppermint",
        "imgName": "860781.jpg",
        "imgSrc": "https://cdn0.woolworths.media/content/wowproductimages/medium/860781.jpg",
        "name": "Gaviscon Double Strength Tablets Peppermint 24pk",
        "price": 9,
        "unitPrice": "$0.38 / 1EA"
    },
    {
        "category": "health-beauty",
        "href": "https://www.woolworths.com.au/shop/productdetails/260398/slim-secrets-mintabolism-boost-bar",
        "imgName": "260398.jpg",
        "imgSrc": "https://cdn0.woolworths.media/content/wowproductimages/medium/260398.jpg",
        "name": "Slim Secrets Mintabolism Boost Bar  40g",
        "price": 3,
        "unitPrice": "$7.50 / 100G"
    },
    {
        "category": "health-beauty",
        "href": "https://www.woolworths.com.au/shop/productdetails/48664/mum-anti-perspirant-deodorant-dry-cool-pink-all-day",
        "imgName": "048664.jpg",
        "imgSrc": "https://cdn0.woolworths.media/content/wowproductimages/medium/048664.jpg",
        "name": "Mum Anti Perspirant Deodorant Dry Cool Pink All Day 50ml",
        "price": 3,
        "unitPrice": "$6.00 / 100ML"
    },
    {
        "category": "health-beauty",
        "href": "https://www.woolworths.com.au/shop/productdetails/147485/radox-bath-salt-muscle-soothe",
        "imgName": "147485.jpg",
        "imgSrc": "https://cdn0.woolworths.media/content/wowproductimages/medium/147485.jpg",
        "name": "Radox Bath Salt Muscle Soothe 500ml",
        "price": 6.5,
        "unitPrice": "$1.30 / 100G"
    },
    {
        "category": "health-beauty",
        "href": "https://www.woolworths.com.au/shop/productdetails/895567/gillette-satin-care-shaving-gel-touch-of-olay-violet-swirl",
        "imgName": "895567.jpg",
        "imgSrc": "https://cdn0.woolworths.media/content/wowproductimages/medium/895567.jpg",
        "name": "Gillette Satin Care Shaving Gel Touch Of Olay Violet Swirl 195g",
        "price": 8,
        "unitPrice": "$4.04 / 100G"
    },
    {
        "category": "health-beauty",
        "href": "https://www.woolworths.com.au/shop/productdetails/311486/homebrand-razor-disposable-womens-twin-blade",
        "imgName": "311486.jpg",
        "imgSrc": "https://cdn0.woolworths.media/content/wowproductimages/medium/311486.jpg",
        "name": "Homebrand Razor Disposable Womens Twin Blade 10pk",
        "price": 2,
        "unitPrice": "$0.20 / 1EA"
    },
    {
        "category": "health-beauty",
        "href": "https://www.woolworths.com.au/shop/productdetails/193352/sally-hansen-nail-hardener-diamond-strength",
        "imgName": "193352.jpg",
        "imgSrc": "https://cdn0.woolworths.media/content/wowproductimages/medium/193352.jpg",
        "name": "Sally Hansen Nail Hardener Diamond Strength 13.3ml",
        "price": 17.29,
        "unitPrice": "$13.00 / 10ML"
    },
    {
        "category": "health-beauty",
        "href": "https://www.woolworths.com.au/shop/productdetails/188387/robitussin-cough-syrups-chesty-cough",
        "imgName": "188387.jpg",
        "imgSrc": "https://cdn0.woolworths.media/content/wowproductimages/medium/188387.jpg",
        "name": "Robitussin Cough Syrups Chesty Cough 200ml",
        "price": 12.29,
        "unitPrice": "$6.15 / 100ML"
    },
    {
        "category": "health-beauty",
        "href": "https://www.woolworths.com.au/shop/productdetails/966925/essano-rosehip-facial-cleansing-gentle-micellar-water",
        "imgName": "966925.jpg",
        "imgSrc": "https://cdn0.woolworths.media/content/wowproductimages/medium/966925.jpg",
        "name": "Essano Rosehip Facial Cleansing Gentle Micellar Water 400ml",
        "price": 12.99,
        "unitPrice": "$3.25 / 100ML"
    },
    {
        "category": "health-beauty",
        "href": "https://www.woolworths.com.au/shop/productdetails/757109/aussie-bodies-perfect-protein-vanilla-powder",
        "imgName": "757109.jpg",
        "imgSrc": "https://cdn0.woolworths.media/content/wowproductimages/medium/757109.jpg",
        "name": "Aussie Bodies Perfect Protein Vanilla Powder 375g",
        "price": 25.5,
        "unitPrice": "$6.80 / 100G"
    },
    {
        "category": "health-beauty",
        "href": "https://www.woolworths.com.au/shop/productdetails/780639/band-aid-fabric-strips-first-aid-paper-tape",
        "imgName": "780639.jpg",
        "imgSrc": "https://cdn0.woolworths.media/content/wowproductimages/medium/780639.jpg",
        "name": "Band-aid Fabric Strips First Aid Paper Tape 2.5cm x 9.1m",
        "price": 7,
        "unitPrice": "$0.77 / 1M"
    },
    {
        "category": "health-beauty",
        "href": "https://www.woolworths.com.au/shop/productdetails/285793/schwarzkopf-brilliance-90-black",
        "imgName": "285793.jpg",
        "imgSrc": "https://cdn0.woolworths.media/content/wowproductimages/medium/285793.jpg",
        "name": "Schwarzkopf Brilliance 90 Black 1pk",
        "price": 14.4
    },
    {
        "category": "health-beauty",
        "href": "https://www.woolworths.com.au/shop/productdetails/13063/neutrogena-deep-clean-cream-cleanser-oil-free",
        "imgName": "013063.jpg",
        "imgSrc": "https://cdn0.woolworths.media/content/wowproductimages/medium/013063.jpg",
        "name": "Neutrogena Deep Clean Cream Cleanser Oil Free 200g",
        "price": 14.49,
        "unitPrice": "$7.25 / 100G"
    },
    {
        "category": "health-beauty",
        "href": "https://www.woolworths.com.au/shop/productdetails/261353/herbal-essences-conditioner-drama-clean",
        "imgName": "261353.jpg",
        "imgSrc": "https://cdn0.woolworths.media/content/wowproductimages/medium/261353.jpg",
        "name": "Herbal Essences Conditioner Drama Clean 300ml",
        "price": 5.5,
        "unitPrice": "$1.83 / 100ML"
    },
    {
        "category": "health-beauty",
        "href": "https://www.woolworths.com.au/shop/productdetails/567983/nivea-creme-care-cleansing-cream-wash",
        "imgName": "567983.jpg",
        "imgSrc": "https://cdn0.woolworths.media/content/wowproductimages/medium/567983.jpg",
        "name": "Nivea Creme Care Cleansing Cream Wash 150ml",
        "price": 10,
        "unitPrice": "$6.67 / 100ML"
    },
    {
        "category": "health-beauty",
        "href": "https://www.woolworths.com.au/shop/productdetails/211811/veet-hair-removal-cream-for-men",
        "imgName": "211811.jpg",
        "imgSrc": "https://cdn0.woolworths.media/content/wowproductimages/medium/211811.jpg",
        "name": "Veet Hair Removal Cream For Men 200g",
        "price": 11.5,
        "unitPrice": "$5.75 / 100G"
    },
    {
        "category": "health-beauty",
        "href": "https://www.woolworths.com.au/shop/productdetails/262253/musashi-p30-protein-powder-vanilla",
        "imgName": "262253.jpg",
        "imgSrc": "https://cdn0.woolworths.media/content/wowproductimages/medium/262253.jpg",
        "name": "Musashi P30 Protein Powder Vanilla 900g",
        "price": 50.5,
        "unitPrice": "$5.61 / 100G"
    },
    {
        "category": "health-beauty",
        "href": "https://www.woolworths.com.au/shop/productdetails/232629/clairol-nice-n-easy-root-touch-up-3-black",
        "imgName": "232629.jpg",
        "imgSrc": "https://cdn0.woolworths.media/content/wowproductimages/medium/232629.jpg",
        "name": "Clairol Nice N Easy Root Touch-up 3 Black each",
        "price": 13
    },
    {
        "category": "health-beauty",
        "href": "https://www.woolworths.com.au/shop/productdetails/233177/blackmores-anti-inflammatory-flaxseed-oil-1000mg",
        "imgName": "233177.jpg",
        "imgSrc": "https://cdn0.woolworths.media/content/wowproductimages/medium/233177.jpg",
        "name": "Blackmores Anti-inflammatory Flaxseed Oil 1000mg 100pk",
        "price": 20.4,
        "unitPrice": "$20.40 / 100EA"
    },
    {
        "category": "health-beauty",
        "href": "https://www.woolworths.com.au/shop/productdetails/274319/nivea-daily-essentials-clean-deeper-daily-wash-scrub",
        "imgName": "274319.jpg",
        "imgSrc": "https://cdn0.woolworths.media/content/wowproductimages/medium/274319.jpg",
        "name": "Nivea Daily Essentials Clean Deeper Daily Wash Scrub 150ml",
        "price": 9.17,
        "unitPrice": "$6.11 / 100ML"
    },
    {
        "category": "health-beauty",
        "href": "https://www.woolworths.com.au/shop/productdetails/729598/nads-facial-hair-removal-cream",
        "imgName": "729598.jpg",
        "imgSrc": "https://cdn0.woolworths.media/content/wowproductimages/medium/729598.jpg",
        "name": "Nads Facial Hair Removal Cream  28g",
        "price": 7.5,
        "unitPrice": "$26.79 / 100G"
    },
    {
        "category": "health-beauty",
        "href": "https://www.woolworths.com.au/shop/productdetails/47334/mitchum-women-s-deodorant-roll-on-powder-fresh",
        "imgName": "047334.jpg",
        "imgSrc": "https://cdn0.woolworths.media/content/wowproductimages/medium/047334.jpg",
        "name": "Mitchum Women's Deodorant Roll On Powder Fresh 50ml",
        "price": 3.8,
        "unitPrice": "$7.60 / 100ML"
    },
    {
        "category": "health-beauty",
        "href": "https://www.woolworths.com.au/shop/productdetails/571920/blackmores-total-calcium-magnesium-d3",
        "imgName": "571920.jpg",
        "imgSrc": "https://cdn0.woolworths.media/content/wowproductimages/medium/571920.jpg",
        "name": "Blackmores Total Calcium Magnesium + D3  60pk",
        "price": 14.8,
        "unitPrice": "$24.67 / 100EA"
    },
    {
        "category": "health-beauty",
        "href": "https://www.woolworths.com.au/shop/productdetails/893881/cancer-council-peppa-pig-spf-50-finger-spray-lotion",
        "imgName": "893881.jpg",
        "imgSrc": "https://cdn0.woolworths.media/content/wowproductimages/medium/893881.jpg",
        "name": "Cancer Council Peppa Pig Spf 50+ Finger Spray Lotion 200ml",
        "price": 16.45,
        "unitPrice": "$8.23 / 100ML"
    },
    {
        "category": "health-beauty",
        "href": "https://www.woolworths.com.au/shop/productdetails/360630/palmer-s-cocoa-butter-body-lotion",
        "imgName": "360630.jpg",
        "imgSrc": "https://cdn0.woolworths.media/content/wowproductimages/medium/360630.jpg",
        "name": "Palmer's Cocoa Butter Body Lotion 400ml",
        "price": 9.99,
        "unitPrice": "$2.50 / 100ML"
    },
    {
        "category": "health-beauty",
        "href": "https://www.woolworths.com.au/shop/productdetails/441056/australian-pure-make-up-remover",
        "imgName": "441056.jpg",
        "imgSrc": "https://cdn0.woolworths.media/content/wowproductimages/medium/441056.jpg",
        "name": "Australian Pure Make Up Remover  125ml",
        "price": 3.99,
        "unitPrice": "$3.19 / 100ML"
    },
    {
        "category": "health-beauty",
        "href": "https://www.woolworths.com.au/shop/productdetails/757086/bodytrim-ultra-low-carb-protein-cookie-white-choc",
        "imgName": "757086.jpg",
        "imgSrc": "https://cdn0.woolworths.media/content/wowproductimages/medium/757086.jpg",
        "name": "Bodytrim Ultra Low Carb Protein Cookie White Choc 50g",
        "price": 4,
        "unitPrice": "$8.00 / 100G"
    },
    {
        "category": "health-beauty",
        "href": "https://www.woolworths.com.au/shop/productdetails/90000292/nivea-men-black-white-deodorant-aerosol-151g-x3-bundle",
        "imgName": "90000292.jpg",
        "imgSrc": "https://cdn0.woolworths.media/content/wowproductimages/medium/90000292.jpg",
        "name": "Nivea Men Black & White Deodorant Aerosol 151g X3 Bundle",
        "price": 13.5,
        "unitPrice": "$2.98 / 100G"
    },
    {
        "category": "health-beauty",
        "href": "https://www.woolworths.com.au/shop/productdetails/90000656/garnier-fructis-shampoo-oily-roots-dry-ends-250ml-x2-bundle",
        "imgName": "90000656.jpg",
        "imgSrc": "https://cdn0.woolworths.media/content/wowproductimages/medium/90000656.jpg",
        "name": "Garnier Fructis Shampoo Oily Roots Dry Ends 250ml X2 Bundle",
        "price": 10,
        "unitPrice": "$2.00 / 100ML"
    },
    {
        "category": "health-beauty",
        "href": "https://www.woolworths.com.au/shop/productdetails/748714/nivea-for-men-deodorant-aerosol-sensitive-protect",
        "imgName": "748714.jpg",
        "imgSrc": "https://cdn0.woolworths.media/content/wowproductimages/medium/748714.jpg",
        "name": "Nivea For Men Deodorant Aerosol Sensitive Protect 156g",
        "price": 6.5,
        "unitPrice": "$2.60 / 100ML"
    },
    {
        "category": "health-beauty",
        "href": "https://www.woolworths.com.au/shop/productdetails/790569/nivea-deodorant-aerosol-double-effect",
        "imgName": "790569.jpg",
        "imgSrc": "https://cdn0.woolworths.media/content/wowproductimages/medium/790569.jpg",
        "name": "Nivea Deodorant Aerosol Double Effect 250ml",
        "price": 6.5,
        "unitPrice": "$2.60 / 100ML"
    },
    {
        "category": "health-beauty",
        "href": "https://www.woolworths.com.au/shop/productdetails/374621/listerine-zero-mouthwash",
        "imgName": "374621.jpg",
        "imgSrc": "https://cdn0.woolworths.media/content/wowproductimages/medium/374621.jpg",
        "name": "Listerine Zero Mouthwash  250ml",
        "price": 5.5,
        "unitPrice": "$2.20 / 100ML"
    },
    {
        "category": "health-beauty",
        "href": "https://www.woolworths.com.au/shop/productdetails/245010/eylure-eyelashes-pre-glued-ready-to-wear",
        "imgName": "245010.jpg",
        "imgSrc": "https://cdn0.woolworths.media/content/wowproductimages/medium/245010.jpg",
        "name": "Eylure Eyelashes Pre Glued Ready To Wear each",
        "price": 10.48
    },
    {
        "category": "health-beauty",
        "href": "https://www.woolworths.com.au/shop/productdetails/249219/femfresh-intimate-hygiene-talc-free-powder",
        "imgName": "249219.jpg",
        "imgSrc": "https://cdn0.woolworths.media/content/wowproductimages/medium/249219.jpg",
        "name": "Femfresh Intimate Hygiene Talc Free Powder 100g",
        "price": 6.49,
        "unitPrice": "$6.49 / 100G"
    },
    {
        "category": "health-beauty",
        "href": "https://www.woolworths.com.au/shop/productdetails/841533/dove-women-antiperspirant-aerosol-deodorant-go-fresh-pomegranate",
        "imgName": "841533.jpg",
        "imgSrc": "https://cdn0.woolworths.media/content/wowproductimages/medium/841533.jpg",
        "name": "Dove Women Antiperspirant Aerosol Deodorant Go Fresh Pomegranate 250ml",
        "price": 7,
        "unitPrice": "$2.80 / 100ML"
    },
    {
        "category": "health-beauty",
        "href": "https://www.woolworths.com.au/shop/productdetails/757385/l-oreal-absolute-repair-conditioner",
        "imgName": "757385.jpg",
        "imgSrc": "https://cdn0.woolworths.media/content/wowproductimages/medium/757385.jpg",
        "name": "L'oreal Absolute Repair Conditioner  150ml",
        "price": 22,
        "unitPrice": "$14.67 / 100ML"
    },
    {
        "category": "health-beauty",
        "href": "https://www.woolworths.com.au/shop/productdetails/28121/classics-foundation-liquid-tottle-new-tan",
        "imgName": "028121.jpg",
        "imgSrc": "https://cdn0.woolworths.media/content/wowproductimages/medium/028121.jpg",
        "name": "Classics Foundation Liquid Tottle New Tan 35ml",
        "price": 4.19,
        "unitPrice": "$1.20 / 10ML"
    },
    {
        "category": "health-beauty",
        "href": "https://www.woolworths.com.au/shop/productdetails/216964/nature-s-way-slim-right-powder-vanilla",
        "imgName": "216964.jpg",
        "imgSrc": "https://cdn0.woolworths.media/content/wowproductimages/medium/216964.jpg",
        "name": "Nature's Way Slim Right Powder Vanilla 375g",
        "price": 14.5,
        "unitPrice": "$3.87 / 100G"
    },
    {
        "category": "health-beauty",
        "href": "https://www.woolworths.com.au/shop/productdetails/285785/schwarzkopf-brilliance-85-violet-vision",
        "imgName": "285785.jpg",
        "imgSrc": "https://cdn0.woolworths.media/content/wowproductimages/medium/285785.jpg",
        "name": "Schwarzkopf Brilliance 85 Violet Vision 1pk",
        "price": 14.4
    },
    {
        "category": "health-beauty",
        "href": "https://www.woolworths.com.au/shop/productdetails/730613/rapid-loss-shake-mix-vanilla",
        "imgName": "730613.jpg",
        "imgSrc": "https://cdn0.woolworths.media/content/wowproductimages/medium/730613.jpg",
        "name": "Rapid Loss Shake Mix Vanilla 750g",
        "price": 40,
        "unitPrice": "$5.33 / 100G"
    },
    {
        "category": "health-beauty",
        "href": "https://www.woolworths.com.au/shop/productdetails/802157/essano-rosehip-facial-exfoliator-gentle",
        "imgName": "802157.jpg",
        "imgSrc": "https://cdn0.woolworths.media/content/wowproductimages/medium/802157.jpg",
        "name": "Essano Rosehip Facial Exfoliator Gentle 100ml",
        "price": 14.99,
        "unitPrice": "$14.99 / 100ML"
    },
    {
        "category": "health-beauty",
        "href": "https://www.woolworths.com.au/shop/productdetails/231266/oscar-orsen-hair-clip-ibis-black-shell",
        "imgName": "231266.jpg",
        "imgSrc": "https://cdn0.woolworths.media/content/wowproductimages/medium/231266.jpg",
        "name": "Oscar Orsen Hair Clip Ibis Black/shell 2 pack",
        "price": 4
    },
    {
        "category": "health-beauty",
        "href": "https://www.woolworths.com.au/shop/productdetails/232249/metamucil-daily-fibre-supplement-caps",
        "imgName": "232249.jpg",
        "imgSrc": "https://cdn0.woolworths.media/content/wowproductimages/medium/232249.jpg",
        "name": "Metamucil Daily Fibre Supplement Caps 160pk",
        "price": 31,
        "unitPrice": "$0.19 / 1EA"
    },
    {
        "category": "health-beauty",
        "href": "https://www.woolworths.com.au/shop/productdetails/780054/nature-s-way-restore-caps",
        "imgName": "780054.jpg",
        "imgSrc": "https://cdn0.woolworths.media/content/wowproductimages/medium/780054.jpg",
        "name": "Nature's Way Restore Caps 90pk",
        "price": 47.5,
        "unitPrice": "$52.78 / 100EA"
    },
    {
        "category": "health-beauty",
        "href": "https://www.woolworths.com.au/shop/productdetails/770236/cetaphil-facial-cleanser-oily-skin",
        "imgName": "770236.jpg",
        "imgSrc": "https://cdn0.woolworths.media/content/wowproductimages/medium/770236.jpg",
        "name": "Cetaphil Facial Cleanser Oily Skin 235ml",
        "price": 11,
        "unitPrice": "$4.68 / 100ML"
    },
    {
        "category": "health-beauty",
        "href": "https://www.woolworths.com.au/shop/productdetails/826850/nature-s-way-super-spirulina-tropical-organic-powder",
        "imgName": "826850.jpg",
        "imgSrc": "https://cdn0.woolworths.media/content/wowproductimages/medium/826850.jpg",
        "name": "Nature's Way Super Spirulina Tropical Organic Powder 100g",
        "price": 15,
        "unitPrice": "$15.00 / 100G"
    },
    {
        "category": "health-beauty",
        "href": "https://www.woolworths.com.au/shop/productdetails/87740/nyal-cough-medicine-for-dry-coughs",
        "imgName": "087740.jpg",
        "imgSrc": "https://cdn0.woolworths.media/content/wowproductimages/medium/087740.jpg",
        "name": "Nyal Cough Medicine For Dry Coughs 200ml",
        "price": 8.5,
        "unitPrice": "$4.25 / 100ML"
    },
    {
        "category": "health-beauty",
        "href": "https://www.woolworths.com.au/shop/productdetails/575824/gillette-fusion-proshield-cartridges",
        "imgName": "575824.jpg",
        "imgSrc": "https://cdn0.woolworths.media/content/wowproductimages/medium/575824.jpg",
        "name": "Gillette Fusion Proshield Cartridges 8pk",
        "price": 52,
        "unitPrice": "$6.50 / 1EA"
    },
    {
        "category": "health-beauty",
        "href": "https://www.woolworths.com.au/shop/productdetails/419461/nailene-oval-nail-kit-200",
        "imgName": "419461.jpg",
        "imgSrc": "https://cdn0.woolworths.media/content/wowproductimages/medium/419461.jpg",
        "name": "Nailene Oval Nail Kit 200 each",
        "price": 14.99
    },
    {
        "category": "health-beauty",
        "href": "https://www.woolworths.com.au/shop/productdetails/567173/berocca-performance-mango-orange",
        "imgName": "567173.jpg",
        "imgSrc": "https://cdn0.woolworths.media/content/wowproductimages/medium/567173.jpg",
        "name": "Berocca Performance Mango & Orange 250ml",
        "price": 3.35,
        "unitPrice": "$1.34 / 100ML"
    },
    {
        "category": "health-beauty",
        "href": "https://www.woolworths.com.au/shop/productdetails/440852/palmer-s-coconut-body-oil",
        "imgName": "440852.jpg",
        "imgSrc": "https://cdn0.woolworths.media/content/wowproductimages/medium/440852.jpg",
        "name": "Palmer's Coconut Body Oil  150ml",
        "price": 9.99,
        "unitPrice": "$6.66 / 100ML"
    },
    {
        "category": "health-beauty",
        "href": "https://www.woolworths.com.au/shop/productdetails/779215/vaseline-intensive-care-spray-body-lotion-aloe-soothe",
        "imgName": "779215.jpg",
        "imgSrc": "https://cdn0.woolworths.media/content/wowproductimages/medium/779215.jpg",
        "name": "Vaseline Intensive Care Spray Body Lotion Aloe Soothe 190g",
        "price": 9.99,
        "unitPrice": "$5.26 / 100G"
    },
    {
        "category": "health-beauty",
        "href": "https://www.woolworths.com.au/shop/productdetails/19916/metamucil-daily-fibre-supplement-orange-granular-48-doses",
        "imgName": "019916.jpg",
        "imgSrc": "https://cdn0.woolworths.media/content/wowproductimages/medium/019916.jpg",
        "name": "Metamucil Daily Fibre Supplement Orange Granular 48 Doses 528g",
        "price": 14.85,
        "unitPrice": "$2.81 / 100G"
    },
    {
        "category": "health-beauty",
        "href": "https://www.woolworths.com.au/shop/productdetails/376469/berocca-focus-50-effervescent",
        "imgName": "376469.jpg",
        "imgSrc": "https://cdn0.woolworths.media/content/wowproductimages/medium/376469.jpg",
        "name": "Berocca Focus 50+ Effervescent 30pk",
        "price": 17,
        "unitPrice": "$56.67 / 100EA"
    },
    {
        "category": "health-beauty",
        "href": "https://www.woolworths.com.au/shop/productdetails/179359/nads-hair-removal-gel-natural-facial-wand",
        "imgName": "179359.jpg",
        "imgSrc": "https://cdn0.woolworths.media/content/wowproductimages/medium/179359.jpg",
        "name": "Nads Hair Removal Gel Natural Facial Wand 6g",
        "price": 15,
        "unitPrice": "$250.00 / 100G"
    },
    {
        "category": "health-beauty",
        "href": "https://www.woolworths.com.au/shop/productdetails/743999/woolworths-select-paracetamol-tablets",
        "imgName": "743999.jpg",
        "imgSrc": "https://cdn0.woolworths.media/content/wowproductimages/medium/743999.jpg",
        "name": "Woolworths Select Paracetamol Tablets 20 pack",
        "price": 3.3,
        "unitPrice": "$0.17 / 1EA"
    },
    {
        "category": "health-beauty",
        "href": "https://www.woolworths.com.au/shop/productdetails/771654/thursday-plantation-tea-tree-face-wash-for-acne",
        "imgName": "771654.jpg",
        "imgSrc": "https://cdn0.woolworths.media/content/wowproductimages/medium/771654.jpg",
        "name": "Thursday Plantation Tea Tree Face Wash For Acne 150ml",
        "price": 13.5,
        "unitPrice": "$9.00 / 100ML"
    },
    {
        "category": "health-beauty",
        "href": "https://www.woolworths.com.au/shop/productdetails/872451/smart-living-nutrition-love-me-low-carb-apple-cinnamon-bar",
        "imgName": "872451.jpg",
        "imgSrc": "https://cdn0.woolworths.media/content/wowproductimages/medium/872451.jpg",
        "name": "Smart Living Nutrition Love Me Low Carb Apple & Cinnamon Bar 30g",
        "price": 2.4,
        "unitPrice": "$8.00 / 100G"
    },
    {
        "category": "health-beauty",
        "href": "https://www.woolworths.com.au/shop/productdetails/197380/oral-b-crossaction-powered-toothbrush-dual-clean-medium",
        "imgName": "197380.jpg",
        "imgSrc": "https://cdn0.woolworths.media/content/wowproductimages/medium/197380.jpg",
        "name": "Oral-b Crossaction Powered Toothbrush Dual Clean Medium each",
        "price": 17.5,
        "unitPrice": "$17.50 / 1EA"
    },
    {
        "category": "health-beauty",
        "href": "https://www.woolworths.com.au/shop/productdetails/637133/dove-women-antiperspirant-aerosol-deodorant-go-fresh",
        "imgName": "637133.jpg",
        "imgSrc": "https://cdn0.woolworths.media/content/wowproductimages/medium/637133.jpg",
        "name": "Dove Women Antiperspirant Aerosol Deodorant Go Fresh 169ml",
        "price": 5,
        "unitPrice": "$2.96 / 100ML"
    },
    {
        "category": "health-beauty",
        "href": "https://www.woolworths.com.au/shop/productdetails/325771/ogx-shampoo-nourishing-coconut-milk",
        "imgName": "325771.jpg",
        "imgSrc": "https://cdn0.woolworths.media/content/wowproductimages/medium/325771.jpg",
        "name": "Ogx Shampoo Nourishing Coconut Milk 385ml",
        "price": 18,
        "unitPrice": "$4.68 / 100ML"
    },
    {
        "category": "health-beauty",
        "href": "https://www.woolworths.com.au/shop/productdetails/755602/imodium-diarrhoea-treatment-2mg-capsules",
        "imgName": "755602.jpg",
        "imgSrc": "https://cdn0.woolworths.media/content/wowproductimages/medium/755602.jpg",
        "name": "Imodium Diarrhoea Treatment 2mg Capsules 8pk",
        "price": 11,
        "unitPrice": "$1.38 / 1EA"
    },
    {
        "category": "health-beauty",
        "href": "https://www.woolworths.com.au/shop/productdetails/486510/sunsilk-conditioner-soft-smooth",
        "imgName": "486510.jpg",
        "imgSrc": "https://cdn0.woolworths.media/content/wowproductimages/medium/486510.jpg",
        "name": "Sunsilk Conditioner Soft & Smooth 350ml",
        "price": 5.5,
        "unitPrice": "$1.57 / 100ML"
    },
    {
        "category": "health-beauty",
        "href": "https://www.woolworths.com.au/shop/productdetails/780271/colgate-toothbrush-floss-tip-360-degrees-soft",
        "imgName": "780271.jpg",
        "imgSrc": "https://cdn0.woolworths.media/content/wowproductimages/medium/780271.jpg",
        "name": "Colgate Toothbrush Floss Tip 360 Degrees Soft each",
        "price": 6,
        "unitPrice": "$6.00 / 1EA"
    },
    {
        "category": "health-beauty",
        "href": "https://www.woolworths.com.au/shop/productdetails/781659/john-frieda-precision-foam-salon-blends-7nbg-dark-caramel-blonde",
        "imgName": "781659.jpg",
        "imgSrc": "https://cdn0.woolworths.media/content/wowproductimages/medium/781659.jpg",
        "name": "John Frieda Precision Foam Salon Blends 7nbg Dark Caramel Blonde 1ea",
        "price": 23
    },
    {
        "category": "health-beauty",
        "href": "https://www.woolworths.com.au/shop/productdetails/206468/l-oreal-age-perfect-facial-wipes-25pk",
        "imgName": "206468.jpg",
        "imgSrc": "https://cdn0.woolworths.media/content/wowproductimages/medium/206468.jpg",
        "name": "L'oreal Age Perfect Facial Wipes 25pk ea",
        "price": 8.99,
        "unitPrice": "$0.36 / 1EA"
    },
    {
        "category": "health-beauty",
        "href": "https://www.woolworths.com.au/shop/productdetails/711578/swisse-ultiboost-calcium-vitamin-d-tabs",
        "imgName": "711578.jpg",
        "imgSrc": "https://cdn0.woolworths.media/content/wowproductimages/medium/711578.jpg",
        "name": "Swisse Ultiboost Calcium + Vitamin D Tabs 90",
        "price": 16,
        "unitPrice": "$17.78 / 100EA"
    },
    {
        "category": "health-beauty",
        "href": "https://www.woolworths.com.au/shop/productdetails/825625/rimmel-primer-lasting-finish",
        "imgName": "825625.jpg",
        "imgSrc": "https://cdn0.woolworths.media/content/wowproductimages/medium/825625.jpg",
        "name": "Rimmel Primer Lasting Finish 30ml",
        "price": 13.95,
        "unitPrice": "$4.65 / 10ML"
    },
    {
        "category": "health-beauty",
        "href": "https://www.woolworths.com.au/shop/productdetails/31324/clairol-nice-n-easy-2-natural-black",
        "imgName": "031324.jpg",
        "imgSrc": "https://cdn0.woolworths.media/content/wowproductimages/medium/031324.jpg",
        "name": "Clairol Nice N Easy 2 Natural Black each",
        "price": 13
    },
    {
        "category": "health-beauty",
        "href": "https://www.woolworths.com.au/shop/productdetails/237827/dove-beauty-soap-bar-cucumber-green-tea",
        "imgName": "237827.jpg",
        "imgSrc": "https://cdn0.woolworths.media/content/wowproductimages/medium/237827.jpg",
        "name": "Dove Beauty Soap Bar Cucumber & Green Tea 4x100g",
        "price": 6.8,
        "unitPrice": "$1.70 / 100G"
    },
    {
        "category": "health-beauty",
        "href": "https://www.woolworths.com.au/shop/productdetails/556417/modelco-make-up-blender",
        "imgName": "556417.jpg",
        "imgSrc": "https://cdn0.woolworths.media/content/wowproductimages/medium/556417.jpg",
        "name": "Modelco Make-up Blender  3pk",
        "price": 15
    },
    {
        "category": "health-beauty",
        "href": "https://www.woolworths.com.au/shop/productdetails/571769/blackmores-vitamin-c-500mg",
        "imgName": "571769.jpg",
        "imgSrc": "https://cdn0.woolworths.media/content/wowproductimages/medium/571769.jpg",
        "name": "Blackmores Vitamin C 500mg  120pk",
        "price": 12.5,
        "unitPrice": "$10.42 / 100EA"
    },
    {
        "category": "health-beauty",
        "href": "https://www.woolworths.com.au/shop/productdetails/757287/redken-conditioner-all-soft",
        "imgName": "757287.jpg",
        "imgSrc": "https://cdn0.woolworths.media/content/wowproductimages/medium/757287.jpg",
        "name": "Redken Conditioner All Soft 250ml",
        "price": 23,
        "unitPrice": "$9.20 / 100ML"
    },
    {
        "category": "health-beauty",
        "href": "https://www.woolworths.com.au/shop/productdetails/507558/hydralyte-sports-drink-lemon-lime",
        "imgName": "507558.jpg",
        "imgSrc": "https://cdn0.woolworths.media/content/wowproductimages/medium/507558.jpg",
        "name": "Hydralyte Sports Drink Lemon Lime 600ml",
        "price": 4,
        "unitPrice": "$0.67 / 100ML"
    },
    {
        "category": "health-beauty",
        "href": "https://www.woolworths.com.au/shop/productdetails/784925/extra-care-treatment-6-miracles-oil",
        "imgName": "784925.jpg",
        "imgSrc": "https://cdn0.woolworths.media/content/wowproductimages/medium/784925.jpg",
        "name": "Extra Care Treatment 6 Miracles Oil 75ml",
        "price": 11,
        "unitPrice": "$14.67 / 100ML"
    },
    {
        "category": "health-beauty",
        "href": "https://www.woolworths.com.au/shop/productdetails/30522/sapoderm-soap-bar",
        "imgName": "030522.jpg",
        "imgSrc": "https://cdn0.woolworths.media/content/wowproductimages/medium/030522.jpg",
        "name": "Sapoderm Soap Bar  3pk",
        "price": 4.4,
        "unitPrice": "$1.47 / 1EA"
    },
    {
        "category": "health-beauty",
        "href": "https://www.woolworths.com.au/shop/productdetails/7695/isocol-antiseptic-rub",
        "imgName": "007695.jpg",
        "imgSrc": "https://cdn0.woolworths.media/content/wowproductimages/medium/007695.jpg",
        "name": "Isocol Antiseptic Rub 345ml",
        "price": 10,
        "unitPrice": "$2.90 / 100ML"
    },
    {
        "category": "health-beauty",
        "href": "https://www.woolworths.com.au/shop/productdetails/43016/lip-eze-balm-lip-care-regular",
        "imgName": "043016.jpg",
        "imgSrc": "https://cdn0.woolworths.media/content/wowproductimages/medium/043016.jpg",
        "name": "Lip Eze Balm Lip Care Regular 4.7g",
        "price": 3.99,
        "unitPrice": "$84.89 / 100G"
    },
    {
        "category": "health-beauty",
        "href": "https://www.woolworths.com.au/shop/productdetails/28118/classics-foundation-liquid-tottle-soft-beige",
        "imgName": "028118.jpg",
        "imgSrc": "https://cdn0.woolworths.media/content/wowproductimages/medium/028118.jpg",
        "name": "Classics Foundation Liquid Tottle Soft Beige 35ml",
        "price": 4.19,
        "unitPrice": "$1.20 / 10ML"
    },
    {
        "category": "health-beauty",
        "href": "https://www.woolworths.com.au/shop/productdetails/117204/cutex-nail-polish-remover-nourshing",
        "imgName": "117204.jpg",
        "imgSrc": "https://cdn0.woolworths.media/content/wowproductimages/medium/117204.jpg",
        "name": "Cutex Nail Polish Remover Nourshing 100ml",
        "price": 5,
        "unitPrice": "$0.50 / 10ML"
    },
    {
        "category": "health-beauty",
        "href": "https://www.woolworths.com.au/shop/productdetails/92512/carefree-panty-liners-regular",
        "imgName": "092512.jpg",
        "imgSrc": "https://cdn0.woolworths.media/content/wowproductimages/medium/092512.jpg",
        "name": "Carefree Panty Liners Regular 30pk",
        "price": 4.3,
        "unitPrice": "$0.14 / 1EA"
    },
    {
        "category": "health-beauty",
        "href": "https://www.woolworths.com.au/shop/productdetails/97906/clairol-nice-n-easy-9b-natural-light-beige-blonde",
        "imgName": "097906.jpg",
        "imgSrc": "https://cdn0.woolworths.media/content/wowproductimages/medium/097906.jpg",
        "name": "Clairol Nice N Easy 9b Natural Light Beige Blonde each",
        "price": 13
    },
    {
        "category": "health-beauty",
        "href": "https://www.woolworths.com.au/shop/productdetails/230539/essentials-pure-bar-soap-pure",
        "imgName": "230539.jpg",
        "imgSrc": "https://cdn0.woolworths.media/content/wowproductimages/medium/230539.jpg",
        "name": "Essentials Pure Bar Soap Pure 8pk",
        "price": 2.29,
        "unitPrice": "$0.29 / 1EA"
    },
    {
        "category": "health-beauty",
        "href": "https://www.woolworths.com.au/shop/productdetails/325751/ecostore-conditioner-dry-hair",
        "imgName": "325751.jpg",
        "imgSrc": "https://cdn0.woolworths.media/content/wowproductimages/medium/325751.jpg",
        "name": "Ecostore Conditioner Dry Hair 220ml",
        "price": 10,
        "unitPrice": "$4.55 / 100ML"
    },
    {
        "category": "health-beauty",
        "href": "https://www.woolworths.com.au/shop/productdetails/225690/nyal-tablets-relief-day-and-night",
        "imgName": "225690.jpg",
        "imgSrc": "https://cdn0.woolworths.media/content/wowproductimages/medium/225690.jpg",
        "name": "Nyal Tablets Relief Day And Night 24pk",
        "price": 12,
        "unitPrice": "$0.50 / 1EA"
    },
    {
        "category": "health-beauty",
        "href": "https://www.woolworths.com.au/shop/productdetails/275872/palmer-s-cocoa-butter-stretch-mark-lotion",
        "imgName": "275872.jpg",
        "imgSrc": "https://cdn0.woolworths.media/content/wowproductimages/medium/275872.jpg",
        "name": "Palmer's Cocoa Butter Stretch Mark Lotion 250ml",
        "price": 16.39,
        "unitPrice": "$6.56 / 100ML"
    },
    {
        "category": "health-beauty",
        "href": "https://www.woolworths.com.au/shop/productdetails/306793/nature-s-way-magnesium-tablets",
        "imgName": "306793.jpg",
        "imgSrc": "https://cdn0.woolworths.media/content/wowproductimages/medium/306793.jpg",
        "name": "Nature's Way Magnesium Tablets 150pk",
        "price": 16,
        "unitPrice": "$10.67 / 100EA"
    },
    {
        "category": "health-beauty",
        "href": "https://www.woolworths.com.au/shop/productdetails/360599/nature-s-way-kids-smart-vita-gummies-vitamin-c-zinc",
        "imgName": "360599.jpg",
        "imgSrc": "https://cdn0.woolworths.media/content/wowproductimages/medium/360599.jpg",
        "name": "Nature's Way Kids Smart Vita Gummies Vitamin C + Zinc 60pk",
        "price": 15,
        "unitPrice": "$25.00 / 100EA"
    },
    {
        "category": "health-beauty",
        "href": "https://www.woolworths.com.au/shop/productdetails/572399/blackmores-macuvision",
        "imgName": "572399.jpg",
        "imgSrc": "https://cdn0.woolworths.media/content/wowproductimages/medium/572399.jpg",
        "name": "Blackmores Macuvision  125pk",
        "price": 37,
        "unitPrice": "$29.60 / 100EA"
    },
    {
        "category": "health-beauty",
        "href": "https://www.woolworths.com.au/shop/productdetails/376270/nature-s-way-rest-restore-night-multivitamin-for-women",
        "imgName": "376270.jpg",
        "imgSrc": "https://cdn0.woolworths.media/content/wowproductimages/medium/376270.jpg",
        "name": "Nature's Way Rest & Restore Night Multivitamin For Women 60pk",
        "price": 20,
        "unitPrice": "$33.33 / 100EA"
    },
    {
        "category": "health-beauty",
        "href": "https://www.woolworths.com.au/shop/productdetails/298103/palmer-s-natural-bronze-lotion-gradual-tanning-lotion",
        "imgName": "298103.jpg",
        "imgSrc": "https://cdn0.woolworths.media/content/wowproductimages/medium/298103.jpg",
        "name": "Palmer's Natural Bronze Lotion Gradual Tanning Lotion 250ml",
        "price": 10,
        "unitPrice": "$4.00 / 100ML"
    },
    {
        "category": "health-beauty",
        "href": "https://www.woolworths.com.au/shop/productdetails/423310/rimmel-lasting-finish-25hr-foundation-true-beige",
        "imgName": "423310.jpg",
        "imgSrc": "https://cdn0.woolworths.media/content/wowproductimages/medium/423310.jpg",
        "name": "Rimmel Lasting Finish 25hr Foundation True Beige 30ml",
        "price": 18.95,
        "unitPrice": "$6.32 / 10ML"
    },
    {
        "category": "health-beauty",
        "href": "https://www.woolworths.com.au/shop/productdetails/426913/sensodyne-toothpaste-true-white-mint",
        "imgName": "426913.jpg",
        "imgSrc": "https://cdn0.woolworths.media/content/wowproductimages/medium/426913.jpg",
        "name": "Sensodyne Toothpaste True White Mint 110g",
        "price": 14,
        "unitPrice": "$12.73 / 100G"
    },
    {
        "category": "health-beauty",
        "href": "https://www.woolworths.com.au/shop/productdetails/404695/scharzkopf-nordic-blonde-hair-colour-t1-refresher-mousse",
        "imgName": "404695.jpg",
        "imgSrc": "https://cdn0.woolworths.media/content/wowproductimages/medium/404695.jpg",
        "name": "Scharzkopf Nordic Blonde Hair Colour T1 Refresher Mousse each",
        "price": 10,
        "unitPrice": "$10.87 / 100G"
    },
    {
        "category": "health-beauty",
        "href": "https://www.woolworths.com.au/shop/productdetails/751902/natures-care-lip-balm-paw-paw",
        "imgName": "751902.jpg",
        "imgSrc": "https://cdn0.woolworths.media/content/wowproductimages/medium/751902.jpg",
        "name": "Natures Care Lip Balm Paw Paw 10g",
        "price": 3.99,
        "unitPrice": "$39.90 / 100G"
    },
    {
        "category": "health-beauty",
        "href": "https://www.woolworths.com.au/shop/productdetails/561681/manicare-nail-clippers-with-nail-file",
        "imgName": "561681.jpg",
        "imgSrc": "https://cdn0.woolworths.media/content/wowproductimages/medium/561681.jpg",
        "name": "Manicare Nail Clippers With Nail File each",
        "price": 7,
        "unitPrice": "$7.00 / 1EA"
    },
    {
        "category": "health-beauty",
        "href": "https://www.woolworths.com.au/shop/productdetails/481538/l-oreal-paris-eye-cream-night",
        "imgName": "481538.jpg",
        "imgSrc": "https://cdn0.woolworths.media/content/wowproductimages/medium/481538.jpg",
        "name": "L'oreal Paris Eye Cream Night 50ml",
        "price": 45,
        "unitPrice": "$90.00 / 100ML"
    },
    {
        "category": "health-beauty",
        "href": "https://www.woolworths.com.au/shop/productdetails/506517/l-oreal-paris-golden-age-day-cream-rosy",
        "imgName": "506517.jpg",
        "imgSrc": "https://cdn0.woolworths.media/content/wowproductimages/medium/506517.jpg",
        "name": "L'oreal Paris Golden Age Day Cream Rosy 50ml",
        "price": 37,
        "unitPrice": "$74.00 / 100ML"
    },
    {
        "category": "health-beauty",
        "href": "https://www.woolworths.com.au/shop/productdetails/567541/essano-clarifying-clay-masque",
        "imgName": "567541.jpg",
        "imgSrc": "https://cdn0.woolworths.media/content/wowproductimages/medium/567541.jpg",
        "name": "Essano Clarifying Clay Masque  100g",
        "price": 17,
        "unitPrice": "$17.00 / 100G"
    },
    {
        "category": "health-beauty",
        "href": "https://www.woolworths.com.au/shop/productdetails/762184/rimmel-mascara-lash-accelerator-endless-black",
        "imgName": "762184.jpg",
        "imgSrc": "https://cdn0.woolworths.media/content/wowproductimages/medium/762184.jpg",
        "name": "Rimmel Mascara Lash Accelerator Endless Black",
        "price": 17.95,
        "unitPrice": "$17.95 / 10ML"
    },
    {
        "category": "health-beauty",
        "href": "https://www.woolworths.com.au/shop/productdetails/730652/body-science-international-high-protein-balls-cookies-cream",
        "imgName": "730652.jpg",
        "imgSrc": "https://cdn0.woolworths.media/content/wowproductimages/medium/730652.jpg",
        "name": "Body Science International High Protein Balls Cookies & Cream 70g",
        "price": 4.5,
        "unitPrice": "$6.43 / 100G"
    },
    {
        "category": "health-beauty",
        "href": "https://www.woolworths.com.au/shop/productdetails/730644/caredent-interbrush-interdental-wire-free",
        "imgName": "730644.jpg",
        "imgSrc": "https://cdn0.woolworths.media/content/wowproductimages/medium/730644.jpg",
        "name": "Caredent Interbrush Interdental Wire Free 30pk",
        "price": 7,
        "unitPrice": "$0.23 / 1EA"
    },
    {
        "category": "health-beauty",
        "href": "https://www.woolworths.com.au/shop/productdetails/711536/nature-s-way-vitagummies-for-adults-vitamin-c",
        "imgName": "711536.jpg",
        "imgSrc": "https://cdn0.woolworths.media/content/wowproductimages/medium/711536.jpg",
        "name": "Nature's Way Vitagummies For Adults Vitamin C 120pk",
        "price": 19.95,
        "unitPrice": "$16.63 / 100EA"
    },
    {
        "category": "health-beauty",
        "href": "https://www.woolworths.com.au/shop/productdetails/769183/nature-s-way-super-krill-calamari",
        "imgName": "769183.jpg",
        "imgSrc": "https://cdn0.woolworths.media/content/wowproductimages/medium/769183.jpg",
        "name": "Nature's Way Super Krill & Calamari  30s",
        "price": 33,
        "unitPrice": "$110.00 / 100EA"
    },
    {
        "category": "health-beauty",
        "href": "https://www.woolworths.com.au/shop/productdetails/839957/country-raspberry-seed-oil-soap",
        "imgName": "839957.jpg",
        "imgSrc": "https://cdn0.woolworths.media/content/wowproductimages/medium/839957.jpg",
        "name": "Country Raspberry Seed Oil Soap 5pk",
        "price": 2.6,
        "unitPrice": "$0.58 / 100G"
    },
    {
        "category": "health-beauty",
        "href": "https://www.woolworths.com.au/shop/productdetails/824415/dove-men-antiperspirant-aerosol-deodorant-invisible-dry",
        "imgName": "824415.jpg",
        "imgSrc": "https://cdn0.woolworths.media/content/wowproductimages/medium/824415.jpg",
        "name": "Dove Men Antiperspirant Aerosol Deodorant Invisible Dry 254ml"
    },
    {
        "category": "health-beauty",
        "href": "https://www.woolworths.com.au/shop/productdetails/725413/nature-s-way-vitagummies-for-adults-daily-fibre",
        "imgName": "725413.jpg",
        "imgSrc": "https://cdn0.woolworths.media/content/wowproductimages/medium/725413.jpg",
        "name": "Nature's Way Vitagummies For Adults Daily Fibre 110pk",
        "price": 20,
        "unitPrice": "$18.18 / 100EA"
    },
    {
        "category": "health-beauty",
        "href": "https://www.woolworths.com.au/shop/productdetails/749763/l-oreal-revitalift-face-cream-laser-day-cream",
        "imgName": "749763.jpg",
        "imgSrc": "https://cdn0.woolworths.media/content/wowproductimages/medium/749763.jpg",
        "name": "L'oreal Revitalift Face Cream Laser Day Cream 50ml",
        "price": 45.49,
        "unitPrice": "$90.98 / 100ML"
    },
    {
        "category": "health-beauty",
        "href": "https://www.woolworths.com.au/shop/productdetails/794276/l-oreal-day-cream-revitalist-magic-blur",
        "imgName": "794276.jpg",
        "imgSrc": "https://cdn0.woolworths.media/content/wowproductimages/medium/794276.jpg",
        "name": "L'oreal Day Cream Revitalist Magic Blur 50ml",
        "price": 34.99,
        "unitPrice": "$69.98 / 100ML"
    },
    {
        "category": "health-beauty",
        "href": "https://www.woolworths.com.au/shop/productdetails/740023/woolworths-select-deodorant-roll-on-men-s-anti-perspirant-original",
        "imgName": "740023.jpg",
        "imgSrc": "https://cdn0.woolworths.media/content/wowproductimages/medium/740023.jpg",
        "name": "Woolworths Select Deodorant Roll On Men's Anti Perspirant Original 150g",
        "price": 1.99,
        "unitPrice": "$3.98 / 100ML"
    },
    {
        "category": "health-beauty",
        "href": "https://www.woolworths.com.au/shop/productdetails/841525/dove-women-antiperspirant-deodorant-spray-original",
        "imgName": "841525.jpg",
        "imgSrc": "https://cdn0.woolworths.media/content/wowproductimages/medium/841525.jpg",
        "name": "Dove Women Antiperspirant Deodorant Spray Original 250ml",
        "price": 7,
        "unitPrice": "$2.80 / 100ML"
    },
    {
        "category": "health-beauty",
        "href": "https://www.woolworths.com.au/shop/productdetails/717612/clearasil-ultra-pimples-facial-cleanser-wash-mask",
        "imgName": "717612.jpg",
        "imgSrc": "https://cdn0.woolworths.media/content/wowproductimages/medium/717612.jpg",
        "name": "Clearasil Ultra Pimples Facial Cleanser Wash & Mask 150ml",
        "price": 14.79,
        "unitPrice": "$9.86 / 100ML"
    },
    {
        "category": "health-beauty",
        "href": "https://www.woolworths.com.au/shop/productdetails/826415/oral-b-clinical-fluoride-rinse-alcohol-free-clean-mint",
        "imgName": "826415.jpg",
        "imgSrc": "https://cdn0.woolworths.media/content/wowproductimages/medium/826415.jpg",
        "name": "Oral-b Clinical Fluoride Rinse Alcohol Free Clean Mint 500ml",
        "price": 9,
        "unitPrice": "$1.80 / 100ML"
    },
    {
        "category": "health-beauty",
        "href": "https://www.woolworths.com.au/shop/productdetails/869161/musashi-high-protein-salted-caramel-bar",
        "imgName": "869161.jpg",
        "imgSrc": "https://cdn0.woolworths.media/content/wowproductimages/medium/869161.jpg",
        "name": "Musashi High Protein Salted Caramel Bar 90g",
        "price": 5,
        "unitPrice": "$5.56 / 100G"
    },
    {
        "category": "health-beauty",
        "href": "https://www.woolworths.com.au/shop/productdetails/90000642/l-oreal-magic-retouch-regrowth-concealer-spray-dark-brown-x2-bundle",
        "imgName": "90000642.jpg",
        "imgSrc": "https://cdn0.woolworths.media/content/wowproductimages/medium/90000642.jpg",
        "name": "L'oreal Magic Retouch Regrowth Concealer Spray Dark Brown X2 Bundle",
        "price": 30,
        "unitPrice": "$20.00 / 100ML"
    },
    {
        "category": "health-beauty",
        "href": "https://www.woolworths.com.au/shop/productdetails/90000666/garnier-nutrisse-6-0-acorn-hair-colour-x2-bundle",
        "imgName": "90000666.jpg",
        "imgSrc": "https://cdn0.woolworths.media/content/wowproductimages/medium/90000666.jpg",
        "name": "Garnier Nutrisse 6.0 Acorn Hair Colour X2 Bundle",
        "price": 25,
        "unitPrice": "$12.50 / 1EA"
    },
    {
        "category": "health-beauty",
        "href": "https://www.woolworths.com.au/shop/productdetails/311140/nivea-deodorant-roll-on-double-effect",
        "imgName": "311140.jpg",
        "imgSrc": "https://cdn0.woolworths.media/content/wowproductimages/medium/311140.jpg",
        "name": "Nivea Deodorant Roll On Double Effect 50ml",
        "price": 3.5,
        "unitPrice": "$7.00 / 100ML"
    },
    {
        "category": "health-beauty",
        "href": "https://www.woolworths.com.au/shop/productdetails/635322/nivea-women-invisible-roll-on-anti-perspirant",
        "imgName": "635322.jpg",
        "imgSrc": "https://cdn0.woolworths.media/content/wowproductimages/medium/635322.jpg",
        "name": "Nivea Women Invisible Roll On Anti Perspirant 50ml",
        "price": 3.5,
        "unitPrice": "$7.00 / 100ML"
    },
    {
        "category": "health-beauty",
        "href": "https://www.woolworths.com.au/shop/productdetails/728993/nivea-men-sensitive-protection-anit-perspirant-roll-on",
        "imgName": "728993.jpg",
        "imgSrc": "https://cdn0.woolworths.media/content/wowproductimages/medium/728993.jpg",
        "name": "Nivea Men Sensitive Protection Anit Perspirant Roll On 50ml",
        "price": 3.5,
        "unitPrice": "$7.00 / 100ML"
    },
    {
        "category": "health-beauty",
        "href": "https://www.woolworths.com.au/shop/productdetails/8617/schwarzkopf-extra-care-hair-spray-strong-hold",
        "imgName": "008617.jpg",
        "imgSrc": "https://cdn0.woolworths.media/content/wowproductimages/medium/008617.jpg",
        "name": "Schwarzkopf Extra Care Hair Spray Strong Hold 250g",
        "price": 7,
        "unitPrice": "$2.80 / 100G"
    },
    {
        "category": "health-beauty",
        "href": "https://www.woolworths.com.au/shop/productdetails/94648/homebrand-shave-foam",
        "imgName": "094648.jpg",
        "imgSrc": "https://cdn0.woolworths.media/content/wowproductimages/medium/094648.jpg",
        "name": "Homebrand Shave Foam 250g",
        "price": 2.3,
        "unitPrice": "$0.92 / 100G"
    },
    {
        "category": "health-beauty",
        "href": "https://www.woolworths.com.au/shop/productdetails/42966/oral-b-essential-waxed-dental-floss-mint",
        "imgName": "042966.jpg",
        "imgSrc": "https://cdn0.woolworths.media/content/wowproductimages/medium/042966.jpg",
        "name": "Oral-b Essential Waxed Dental Floss Mint 50m",
        "price": 4,
        "unitPrice": "$0.08 / 1M"
    },
    {
        "category": "health-beauty",
        "href": "https://www.woolworths.com.au/shop/productdetails/59875/redwin-body-moisturiser-vitamin-e",
        "imgName": "059875.jpg",
        "imgSrc": "https://cdn0.woolworths.media/content/wowproductimages/medium/059875.jpg",
        "name": "Redwin Body Moisturiser Vitamin E 300g",
        "price": 4.36,
        "unitPrice": "$1.45 / 100G"
    },
    {
        "category": "health-beauty",
        "href": "https://www.woolworths.com.au/shop/productdetails/155273/mylanta-antacids-double-strength-liquid",
        "imgName": "155273.jpg",
        "imgSrc": "https://cdn0.woolworths.media/content/wowproductimages/medium/155273.jpg",
        "name": "Mylanta Antacids Double Strength Liquid 500ml",
        "price": 10,
        "unitPrice": "$2.00 / 100ML"
    },
    {
        "category": "health-beauty",
        "href": "https://www.woolworths.com.au/shop/productdetails/174359/head-shoulders-dry-scalp-care-with-almond-oil-anti-dandruff-shampoo",
        "imgName": "174359.jpg",
        "imgSrc": "https://cdn0.woolworths.media/content/wowproductimages/medium/174359.jpg",
        "name": "Head & Shoulders Dry Scalp Care With Almond Oil Anti Dandruff Shampoo 400ml",
        "price": 12.5,
        "unitPrice": "$3.13 / 100ML"
    },
    {
        "category": "health-beauty",
        "href": "https://www.woolworths.com.au/shop/productdetails/206940/musashi-p30-protein-vanilla-low-fat",
        "imgName": "206940.jpg",
        "imgSrc": "https://cdn0.woolworths.media/content/wowproductimages/medium/206940.jpg",
        "name": "Musashi P30 Protein Vanilla Low Fat 375ml",
        "price": 3.65,
        "unitPrice": "$9.73 / 1L"
    },
    {
        "category": "health-beauty",
        "href": "https://www.woolworths.com.au/shop/productdetails/201434/garnier-fructis-shampoo-oily-roots-dry-ends",
        "imgName": "201434.jpg",
        "imgSrc": "https://cdn0.woolworths.media/content/wowproductimages/medium/201434.jpg",
        "name": "Garnier Fructis Shampoo Oily Roots Dry Ends 250ml",
        "price": 5.45,
        "unitPrice": "$2.18 / 100ML"
    },
    {
        "category": "health-beauty",
        "href": "https://www.woolworths.com.au/shop/productdetails/169612/oral-b-stages-3-manual-toothbrush-5-7-years-disney-princess",
        "imgName": "169612.jpg",
        "imgSrc": "https://cdn0.woolworths.media/content/wowproductimages/medium/169612.jpg",
        "name": "Oral-b Stages 3 Manual Toothbrush 5-7 Years Disney Princess each",
        "price": 4,
        "unitPrice": "$4.00 / 1EA"
    },
    {
        "category": "health-beauty",
        "href": "https://www.woolworths.com.au/shop/productdetails/231930/clearasil-ultra-facial-wipes-deep-pore",
        "imgName": "231930.jpg",
        "imgSrc": "https://cdn0.woolworths.media/content/wowproductimages/medium/231930.jpg",
        "name": "Clearasil Ultra Facial Wipes Deep Pore 65pk",
        "price": 14.79,
        "unitPrice": "$0.23 / 1SS"
    },
    {
        "category": "health-beauty",
        "href": "https://www.woolworths.com.au/shop/productdetails/251833/blackmores-pregnancy-i-folic-tablets",
        "imgName": "251833.jpg",
        "imgSrc": "https://cdn0.woolworths.media/content/wowproductimages/medium/251833.jpg",
        "name": "Blackmores Pregnancy I-folic Tablets 150pk",
        "price": 15.5,
        "unitPrice": "$10.33 / 100EA"
    },
    {
        "category": "health-beauty",
        "href": "https://www.woolworths.com.au/shop/productdetails/379201/schwarzkopf-extra-care-hair-treatment-ultimate-repair-anti-damage",
        "imgName": "379201.jpg",
        "imgSrc": "https://cdn0.woolworths.media/content/wowproductimages/medium/379201.jpg",
        "name": "Schwarzkopf Extra Care Hair Treatment Ultimate Repair Anti Damage 250ml",
        "price": 9,
        "unitPrice": "$3.60 / 100ML"
    },
    {
        "category": "health-beauty",
        "href": "https://www.woolworths.com.au/shop/productdetails/342970/colgate-savacol-mouthwash-original",
        "imgName": "342970.jpg",
        "imgSrc": "https://cdn0.woolworths.media/content/wowproductimages/medium/342970.jpg",
        "name": "Colgate Savacol Mouthwash Original 300ml",
        "price": 9.7,
        "unitPrice": "$3.23 / 100ML"
    },
    {
        "category": "health-beauty",
        "href": "https://www.woolworths.com.au/shop/productdetails/427227/white-glo-whitening-films-dissolving-bright-night",
        "imgName": "427227.jpg",
        "imgSrc": "https://cdn0.woolworths.media/content/wowproductimages/medium/427227.jpg",
        "name": "White Glo Whitening Films Dissolving Bright Night each",
        "price": 8.99,
        "unitPrice": "$8.99 / 1EA"
    },
    {
        "category": "health-beauty",
        "href": "https://www.woolworths.com.au/shop/productdetails/443112/10-0-6-calming-mask",
        "imgName": "443112.jpg",
        "imgSrc": "https://cdn0.woolworths.media/content/wowproductimages/medium/443112.jpg",
        "name": "10-0-6 Calming Mask  each",
        "price": 8.99,
        "unitPrice": "$8.99 / 100ML"
    },
    {
        "category": "health-beauty",
        "href": "https://www.woolworths.com.au/shop/productdetails/477507/rimmel-contouring-palette-kate",
        "imgName": "477507.jpg",
        "imgSrc": "https://cdn0.woolworths.media/content/wowproductimages/medium/477507.jpg",
        "name": "Rimmel Contouring Palette Kate 18.5g",
        "price": 16.95,
        "unitPrice": "$9.16 / 10G"
    },
    {
        "category": "health-beauty",
        "href": "https://www.woolworths.com.au/shop/productdetails/635384/nivea-men-invisible-black-white-deodorant-spray",
        "imgName": "635384.jpg",
        "imgSrc": "https://cdn0.woolworths.media/content/wowproductimages/medium/635384.jpg",
        "name": "Nivea Men Invisible Black & White Deodorant Spray 250ml",
        "price": 6.5,
        "unitPrice": "$2.60 / 100ML"
    },
    {
        "category": "health-beauty",
        "href": "https://www.woolworths.com.au/shop/productdetails/756787/silhoutte-hair-spray-lacquer",
        "imgName": "756787.jpg",
        "imgSrc": "https://cdn0.woolworths.media/content/wowproductimages/medium/756787.jpg",
        "name": "Silhoutte Hair Spray Lacquer 500g",
        "price": 9.99,
        "unitPrice": "$2.00 / 100G"
    },
    {
        "category": "health-beauty",
        "href": "https://www.woolworths.com.au/shop/productdetails/769158/lifestyles-luxe-lubricants",
        "imgName": "769158.jpg",
        "imgSrc": "https://cdn0.woolworths.media/content/wowproductimages/medium/769158.jpg",
        "name": "Lifestyles Luxe Lubricants  100ml",
        "price": 10,
        "unitPrice": "$10.00 / 100ML"
    },
    {
        "category": "health-beauty",
        "href": "https://www.woolworths.com.au/shop/productdetails/759611/organic-care-shampoo-normal",
        "imgName": "759611.jpg",
        "imgSrc": "https://cdn0.woolworths.media/content/wowproductimages/medium/759611.jpg",
        "name": "Organic Care Shampoo Normal 725ml",
        "price": 6,
        "unitPrice": "$0.83 / 100ML"
    },
    {
        "category": "health-beauty",
        "href": "https://www.woolworths.com.au/shop/productdetails/779566/l-oreal-mens-moisturiser-pure-power",
        "imgName": "779566.jpg",
        "imgSrc": "https://cdn0.woolworths.media/content/wowproductimages/medium/779566.jpg",
        "name": "L'oreal Mens Moisturiser Pure Power 50ml",
        "price": 14.5,
        "unitPrice": "$29.00 / 100ML"
    },
    {
        "category": "health-beauty",
        "href": "https://www.woolworths.com.au/shop/productdetails/839069/surf-life-saving-sunscreen-sport-spray-spf-50-",
        "imgName": "839069.jpg",
        "imgSrc": "https://cdn0.woolworths.media/content/wowproductimages/medium/839069.jpg",
        "name": "Surf Life Saving Sunscreen Sport Spray Spf 50+ 175g",
        "price": 16.5,
        "unitPrice": "$9.43 / 100G"
    },
    {
        "category": "health-beauty",
        "href": "https://www.woolworths.com.au/shop/productdetails/872815/smart-living-nutrition-love-me-low-carb-nougat-caramel-bites",
        "imgName": "872815.jpg",
        "imgSrc": "https://cdn0.woolworths.media/content/wowproductimages/medium/872815.jpg",
        "name": "Smart Living Nutrition Love Me Low Carb Nougat & Caramel Bites 30g",
        "price": 2.4,
        "unitPrice": "$8.00 / 100G"
    },
    {
        "category": "health-beauty",
        "href": "https://www.woolworths.com.au/shop/productdetails/868680/radox-bath-gel-muscle-soak",
        "imgName": "868680.jpg",
        "imgSrc": "https://cdn0.woolworths.media/content/wowproductimages/medium/868680.jpg",
        "name": "Radox Bath Gel Muscle Soak 500ml",
        "price": 6.5,
        "unitPrice": "$1.30 / 100ML"
    },
    {
        "category": "health-beauty",
        "href": "https://www.woolworths.com.au/shop/productdetails/1995/homebrand-lip-care-petroleum-jelly",
        "imgName": "001995.jpg",
        "imgSrc": "https://cdn0.woolworths.media/content/wowproductimages/medium/001995.jpg",
        "name": "Homebrand Lip Care Petroleum Jelly 200g",
        "price": 2.73,
        "unitPrice": "$1.37 / 100G"
    },
    {
        "category": "health-beauty",
        "href": "https://www.woolworths.com.au/shop/productdetails/7515/just-for-men-hair-colour-medium-brown",
        "imgName": "007515.jpg",
        "imgSrc": "https://cdn0.woolworths.media/content/wowproductimages/medium/007515.jpg",
        "name": "Just For Men Hair Colour Medium Brown 100g",
        "price": 13,
        "unitPrice": "$13.00 / 100G"
    },
    {
        "category": "health-beauty",
        "href": "https://www.woolworths.com.au/shop/productdetails/36197/schwarzkopf-extra-care-pump-spray-strong-hold",
        "imgName": "036197.jpg",
        "imgSrc": "https://cdn0.woolworths.media/content/wowproductimages/medium/036197.jpg",
        "name": "Schwarzkopf Extra Care Pump Spray Strong Hold 200ml",
        "price": 7,
        "unitPrice": "$3.50 / 100ML"
    },
    {
        "category": "health-beauty",
        "href": "https://www.woolworths.com.au/shop/productdetails/5934/elastoplast-dressing-non-stick-wound-pad",
        "imgName": "005934.jpg",
        "imgSrc": "https://cdn0.woolworths.media/content/wowproductimages/medium/005934.jpg",
        "name": "Elastoplast Dressing Non Stick Wound Pad 5pk",
        "price": 6,
        "unitPrice": "$1.20 / 1EA"
    },
    {
        "category": "health-beauty",
        "href": "https://www.woolworths.com.au/shop/productdetails/1096/dove-women-antiperspirant-aerosol-deodorant-original",
        "imgName": "001096.jpg",
        "imgSrc": "https://cdn0.woolworths.media/content/wowproductimages/medium/001096.jpg",
        "name": "Dove Women Antiperspirant Aerosol Deodorant Original 169ml",
        "price": 5,
        "unitPrice": "$2.96 / 100ML"
    },
    {
        "category": "health-beauty",
        "href": "https://www.woolworths.com.au/shop/productdetails/92206/blackmores-pregnancy-breastfeeding-gold-capsules",
        "imgName": "092206.jpg",
        "imgSrc": "https://cdn0.woolworths.media/content/wowproductimages/medium/092206.jpg",
        "name": "Blackmores Pregnancy & Breastfeeding Gold Capsules 60pk",
        "price": 20.5,
        "unitPrice": "$34.17 / 100EA"
    },
    {
        "category": "health-beauty",
        "href": "https://www.woolworths.com.au/shop/productdetails/45118/bonvit-laxatives",
        "imgName": "045118.jpg",
        "imgSrc": "https://cdn0.woolworths.media/content/wowproductimages/medium/045118.jpg",
        "name": "Bonvit Laxatives  500g",
        "price": 15,
        "unitPrice": "$3.00 / 100G"
    },
    {
        "category": "health-beauty",
        "href": "https://www.woolworths.com.au/shop/productdetails/45711/gillette-sensor-excel-shaving-blade-refill",
        "imgName": "045711.jpg",
        "imgSrc": "https://cdn0.woolworths.media/content/wowproductimages/medium/045711.jpg",
        "name": "Gillette Sensor Excel Shaving Blade Refill  10pk",
        "price": 28.5,
        "unitPrice": "$2.85 / 1EA"
    },
    {
        "category": "health-beauty",
        "href": "https://www.woolworths.com.au/shop/productdetails/104197/natures-organic-shampoo-fine-limp-berry",
        "imgName": "104197.jpg",
        "imgSrc": "https://cdn0.woolworths.media/content/wowproductimages/medium/104197.jpg",
        "name": "Natures Organic Shampoo Fine Limp Berry 500ml",
        "price": 1.9,
        "unitPrice": "$0.38 / 100ML"
    },
    {
        "category": "health-beauty",
        "href": "https://www.woolworths.com.au/shop/productdetails/285796/schwarzkopf-brilliance-37-hype-red",
        "imgName": "285796.jpg",
        "imgSrc": "https://cdn0.woolworths.media/content/wowproductimages/medium/285796.jpg",
        "name": "Schwarzkopf Brilliance 37 Hype Red 1pk",
        "price": 14.4
    },
    {
        "category": "health-beauty",
        "href": "https://www.woolworths.com.au/shop/productdetails/370978/nicorette-quit-smoking-gum-extra-strength-4mg",
        "imgName": "370978.jpg",
        "imgSrc": "https://cdn0.woolworths.media/content/wowproductimages/medium/370978.jpg",
        "name": "Nicorette Quit Smoking Gum Extra Strength 4mg 75pk",
        "price": 29,
        "unitPrice": "$38.67 / 100EA"
    },
    {
        "category": "health-beauty",
        "href": "https://www.woolworths.com.au/shop/productdetails/261355/herbal-essences-conditioner-colour-me-happy",
        "imgName": "261355.jpg",
        "imgSrc": "https://cdn0.woolworths.media/content/wowproductimages/medium/261355.jpg",
        "name": "Herbal Essences Conditioner Colour Me Happy 300ml",
        "price": 5.5,
        "unitPrice": "$1.83 / 100ML"
    },
    {
        "category": "health-beauty",
        "href": "https://www.woolworths.com.au/shop/productdetails/337864/aveeno-body-moisturiser-daily-moisturising-lotion",
        "imgName": "337864.jpg",
        "imgSrc": "https://cdn0.woolworths.media/content/wowproductimages/medium/337864.jpg",
        "name": "Aveeno Body Moisturiser Daily Moisturising Lotion 71ml",
        "price": 4.19,
        "unitPrice": "$5.90 / 100ML"
    },
    {
        "category": "health-beauty",
        "href": "https://www.woolworths.com.au/shop/productdetails/379396/quit-nits-head-lice-treatment-complet-kit",
        "imgName": "379396.jpg",
        "imgSrc": "https://cdn0.woolworths.media/content/wowproductimages/medium/379396.jpg",
        "name": "Quit Nits Head Lice Treatment Complet Kit 1pk",
        "price": 23.5,
        "unitPrice": "$23.50 / 1EA"
    },
    {
        "category": "health-beauty",
        "href": "https://www.woolworths.com.au/shop/productdetails/375678/swisse-ultiboost-odourless-wild-fish-oil-1000mg-capsules",
        "imgName": "375678.jpg",
        "imgSrc": "https://cdn0.woolworths.media/content/wowproductimages/medium/375678.jpg",
        "name": "Swisse Ultiboost Odourless Wild Fish Oil 1000mg Capsules 400pk",
        "price": 29,
        "unitPrice": "$7.25 / 100EA"
    },
    {
        "category": "health-beauty",
        "href": "https://www.woolworths.com.au/shop/productdetails/703771/sensodyne-repair-protection-toothpaste",
        "imgName": "703771.jpg",
        "imgSrc": "https://cdn0.woolworths.media/content/wowproductimages/medium/703771.jpg",
        "name": "Sensodyne Repair & Protection Toothpaste  100g",
        "price": 11,
        "unitPrice": "$11.00 / 100G"
    },
    {
        "category": "health-beauty",
        "href": "https://www.woolworths.com.au/shop/productdetails/730671/musashi-bulk-mass-gain-protein-blend-chocolate",
        "imgName": "730671.jpg",
        "imgSrc": "https://cdn0.woolworths.media/content/wowproductimages/medium/730671.jpg",
        "name": "Musashi Bulk Mass Gain Protein Blend Chocolate 420g",
        "price": 24,
        "unitPrice": "$5.71 / 100G"
    },
    {
        "category": "health-beauty",
        "href": "https://www.woolworths.com.au/shop/productdetails/753540/penta-vite-kids-omega-3-multi-gummies",
        "imgName": "753540.jpg",
        "imgSrc": "https://cdn0.woolworths.media/content/wowproductimages/medium/753540.jpg",
        "name": "Penta-vite Kids Omega 3 + Multi Gummies 60pk",
        "price": 13.3,
        "unitPrice": "$22.17 / 100EA"
    },
    {
        "category": "health-beauty",
        "href": "https://www.woolworths.com.au/shop/productdetails/506793/crankt-hplc-protein-shake-banana",
        "imgName": "506793.jpg",
        "imgSrc": "https://cdn0.woolworths.media/content/wowproductimages/medium/506793.jpg",
        "name": "Crankt Hplc Protein Shake Banana 375ml",
        "price": 4.15,
        "unitPrice": "$1.11 / 100ML"
    },
    {
        "category": "health-beauty",
        "href": "https://www.woolworths.com.au/shop/productdetails/779608/l-oreal-me-face-care-pure-power-scrub",
        "imgName": "779608.jpg",
        "imgSrc": "https://cdn0.woolworths.media/content/wowproductimages/medium/779608.jpg",
        "name": "L'oreal Me Face Care Pure Power Scrub 150ml",
        "price": 13,
        "unitPrice": "$8.67 / 100ML"
    },
    {
        "category": "health-beauty",
        "href": "https://www.woolworths.com.au/shop/productdetails/748712/nivea-for-men-deodorant-aerosol-dry-impact-aero",
        "imgName": "748712.jpg",
        "imgSrc": "https://cdn0.woolworths.media/content/wowproductimages/medium/748712.jpg",
        "name": "Nivea For Men Deodorant Aerosol Dry Impact Aero 153g",
        "price": 6.5,
        "unitPrice": "$2.60 / 100ML"
    },
    {
        "category": "health-beauty",
        "href": "https://www.woolworths.com.au/shop/productdetails/205502/chapstick-lip-care-balm-classic-spf-15",
        "imgName": "205502.jpg",
        "imgSrc": "https://cdn0.woolworths.media/content/wowproductimages/medium/205502.jpg",
        "name": "Chapstick Lip Care Balm Classic Spf 15 4.2g",
        "price": 4.5,
        "unitPrice": "$107.14 / 100G"
    },
    {
        "category": "health-beauty",
        "href": "https://www.woolworths.com.au/shop/productdetails/225322/metamucil-orange-smooth-fibre-114-doses",
        "imgName": "225322.jpg",
        "imgSrc": "https://cdn0.woolworths.media/content/wowproductimages/medium/225322.jpg",
        "name": "Metamucil Orange Smooth Fibre 114 Doses 673g",
        "price": 27,
        "unitPrice": "$4.01 / 100G"
    },
    {
        "category": "health-beauty",
        "href": "https://www.woolworths.com.au/shop/productdetails/321507/panadol-tablets-cold-flu-decongestant",
        "imgName": "321507.jpg",
        "imgSrc": "https://cdn0.woolworths.media/content/wowproductimages/medium/321507.jpg",
        "name": "Panadol Tablets Cold & Flu Decongestant 20pk",
        "price": 13,
        "unitPrice": "$0.65 / 1EA"
    },
    {
        "category": "health-beauty",
        "href": "https://www.woolworths.com.au/shop/productdetails/38119/taft-mousse-maximum-hold",
        "imgName": "038119.jpg",
        "imgSrc": "https://cdn0.woolworths.media/content/wowproductimages/medium/038119.jpg",
        "name": "Taft Mousse Maximum Hold 200g",
        "price": 4.5,
        "unitPrice": "$2.25 / 100G"
    },
    {
        "category": "health-beauty",
        "href": "https://www.woolworths.com.au/shop/productdetails/436052/schick-hydro-razor-5-refill",
        "imgName": "436052.jpg",
        "imgSrc": "https://cdn0.woolworths.media/content/wowproductimages/medium/436052.jpg",
        "name": "Schick Hydro Razor 5 Refill 4pk",
        "price": 20,
        "unitPrice": "$5.00 / 1EA"
    },
    {
        "category": "health-beauty",
        "href": "https://www.woolworths.com.au/shop/productdetails/858277/fruits-blueberry-coconut-conditioner",
        "imgName": "858277.jpg",
        "imgSrc": "https://cdn0.woolworths.media/content/wowproductimages/medium/858277.jpg",
        "name": "Fruits Blueberry & Coconut Conditioner 500ml",
        "price": 1.9,
        "unitPrice": "$0.38 / 100ML"
    },
    {
        "category": "health-beauty",
        "href": "https://www.woolworths.com.au/shop/productdetails/19651/norsca-anti-perspirant-deodorant-aerosol-pump-forest",
        "imgName": "019651.jpg",
        "imgSrc": "https://cdn0.woolworths.media/content/wowproductimages/medium/019651.jpg",
        "name": "Norsca Anti Perspirant Deodorant Aerosol Pump Forest 150ml",
        "price": 6,
        "unitPrice": "$4.00 / 100ML"
    },
    {
        "category": "health-beauty",
        "href": "https://www.woolworths.com.au/shop/productdetails/8448/classics-powder-compact-pressed-soft-beige",
        "imgName": "008448.jpg",
        "imgSrc": "https://cdn0.woolworths.media/content/wowproductimages/medium/008448.jpg",
        "name": "Classics Powder Compact Pressed Soft Beige 16g",
        "price": 6.49,
        "unitPrice": "$4.06 / 10G"
    },
    {
        "category": "health-beauty",
        "href": "https://www.woolworths.com.au/shop/productdetails/38194/femfresh-intimate-hygiene-feminine-deodorant",
        "imgName": "038194.jpg",
        "imgSrc": "https://cdn0.woolworths.media/content/wowproductimages/medium/038194.jpg",
        "name": "Femfresh Intimate Hygiene Feminine Deodorant 75g",
        "price": 9.7,
        "unitPrice": "$12.93 / 100G"
    },
    {
        "category": "health-beauty",
        "href": "https://www.woolworths.com.au/shop/productdetails/77799/blackmores-cold-flu-relief-echinacea-ace-zinc-tablets",
        "imgName": "077799.jpg",
        "imgSrc": "https://cdn0.woolworths.media/content/wowproductimages/medium/077799.jpg",
        "name": "Blackmores Cold & Flu Relief Echinacea Ace & Zinc Tablets 60pk",
        "price": 20,
        "unitPrice": "$33.33 / 100EA"
    },
    {
        "category": "health-beauty",
        "href": "https://www.woolworths.com.au/shop/productdetails/68003/neutrogena-t-gel-anti-dandruff-shampoo-therapeutic",
        "imgName": "068003.jpg",
        "imgSrc": "https://cdn0.woolworths.media/content/wowproductimages/medium/068003.jpg",
        "name": "Neutrogena T Gel Anti Dandruff Shampoo Therapeutic 200ml",
        "price": 13,
        "unitPrice": "$6.50 / 100ML"
    },
    {
        "category": "health-beauty",
        "href": "https://www.woolworths.com.au/shop/productdetails/99841/taft-hair-spray-flexible-strong-hold",
        "imgName": "099841.jpg",
        "imgSrc": "https://cdn0.woolworths.media/content/wowproductimages/medium/099841.jpg",
        "name": "Taft Hair Spray Flexible Strong Hold 200g",
        "price": 4.45,
        "unitPrice": "$2.23 / 100G"
    },
    {
        "category": "health-beauty",
        "href": "https://www.woolworths.com.au/shop/productdetails/104200/natures-organic-conditioner-fine-limp-berry",
        "imgName": "104200.jpg",
        "imgSrc": "https://cdn0.woolworths.media/content/wowproductimages/medium/104200.jpg",
        "name": "Natures Organic Conditioner Fine Limp Berry 500ml",
        "price": 1.9,
        "unitPrice": "$0.38 / 100ML"
    },
    {
        "category": "health-beauty",
        "href": "https://www.woolworths.com.au/shop/productdetails/201073/clairol-nice-n-easy-3-5-natural-darkest-brown",
        "imgName": "201073.jpg",
        "imgSrc": "https://cdn0.woolworths.media/content/wowproductimages/medium/201073.jpg",
        "name": "Clairol Nice N Easy 3.5 Natural Darkest Brown each",
        "price": 13
    },
    {
        "category": "health-beauty",
        "href": "https://www.woolworths.com.au/shop/productdetails/188405/nivea-lip-care-repair-protection",
        "imgName": "188405.jpg",
        "imgSrc": "https://cdn0.woolworths.media/content/wowproductimages/medium/188405.jpg",
        "name": "Nivea Lip Care Repair & Protection 4.8g",
        "price": 4,
        "unitPrice": "$83.33 / 100G"
    },
    {
        "category": "health-beauty",
        "href": "https://www.woolworths.com.au/shop/productdetails/215932/clairol-nice-n-easy-5g-natural-medium-golden-brown",
        "imgName": "215932.jpg",
        "imgSrc": "https://cdn0.woolworths.media/content/wowproductimages/medium/215932.jpg",
        "name": "Clairol Nice N Easy 5g Natural Medium Golden Brown each",
        "price": 13
    },
    {
        "category": "health-beauty",
        "href": "https://www.woolworths.com.au/shop/productdetails/231136/woolworths-select-combs-vaule-pack",
        "imgName": "231136.jpg",
        "imgSrc": "https://cdn0.woolworths.media/content/wowproductimages/medium/231136.jpg",
        "name": "Woolworths Select Combs Vaule Pack 4pk",
        "price": 3.4
    },
    {
        "category": "health-beauty",
        "href": "https://www.woolworths.com.au/shop/productdetails/237850/health-basics-body-wash-dermatology-plus",
        "imgName": "237850.jpg",
        "imgSrc": "https://cdn0.woolworths.media/content/wowproductimages/medium/237850.jpg",
        "name": "Health Basics Body Wash Dermatology Plus 1l",
        "price": 10,
        "unitPrice": "$1.00 / 100ML"
    },
    {
        "category": "health-beauty",
        "href": "https://www.woolworths.com.au/shop/productdetails/232310/nads-hair-removal-wax-brazilian-and-bikini",
        "imgName": "232310.jpg",
        "imgSrc": "https://cdn0.woolworths.media/content/wowproductimages/medium/232310.jpg",
        "name": "Nads Hair Removal Wax Brazilian And Bikini 140g",
        "price": 15.5,
        "unitPrice": "$11.07 / 100G"
    },
    {
        "category": "health-beauty",
        "href": "https://www.woolworths.com.au/shop/productdetails/325785/organic-care-kids-hair-care-3-in-1-fruit-blast",
        "imgName": "325785.jpg",
        "imgSrc": "https://cdn0.woolworths.media/content/wowproductimages/medium/325785.jpg",
        "name": "Organic Care Kids Hair Care 3 In 1 Fruit Blast 400ml",
        "price": 3.9,
        "unitPrice": "$0.98 / 100ML"
    },
    {
        "category": "health-beauty",
        "href": "https://www.woolworths.com.au/shop/productdetails/307049/swisse-men-s-ultivite-50-tablets",
        "imgName": "307049.jpg",
        "imgSrc": "https://cdn0.woolworths.media/content/wowproductimages/medium/307049.jpg",
        "name": "Swisse Men's Ultivite 50+ Tablets 60pk",
        "price": 36,
        "unitPrice": "$60.00 / 100EA"
    },
    {
        "category": "health-beauty",
        "href": "https://www.woolworths.com.au/shop/productdetails/262321/woolworths-select-nail-shapers",
        "imgName": "262321.jpg",
        "imgSrc": "https://cdn0.woolworths.media/content/wowproductimages/medium/262321.jpg",
        "name": "Woolworths Select Nail Shapers 2pk",
        "price": 4.9,
        "unitPrice": "$2.45 / 1EA"
    },
    {
        "category": "health-beauty",
        "href": "https://www.woolworths.com.au/shop/productdetails/307546/schwarzkopf-extra-care-hair-spray-volume-styling",
        "imgName": "307546.jpg",
        "imgSrc": "https://cdn0.woolworths.media/content/wowproductimages/medium/307546.jpg",
        "name": "Schwarzkopf Extra Care Hair Spray Volume Styling 250g",
        "price": 7,
        "unitPrice": "$2.80 / 100G"
    },
    {
        "category": "health-beauty",
        "href": "https://www.woolworths.com.au/shop/productdetails/297857/dove-women-antiperspirant-roll-on-deodorant-cucumber-green-tea",
        "imgName": "297857.jpg",
        "imgSrc": "https://cdn0.woolworths.media/content/wowproductimages/medium/297857.jpg",
        "name": "Dove Women Antiperspirant Roll On Deodorant Cucumber & Green Tea 50ml",
        "price": 4,
        "unitPrice": "$8.00 / 100ML"
    },
    {
        "category": "health-beauty",
        "href": "https://www.woolworths.com.au/shop/productdetails/321499/benefiber-laxatives-on-the-go",
        "imgName": "321499.jpg",
        "imgSrc": "https://cdn0.woolworths.media/content/wowproductimages/medium/321499.jpg",
        "name": "Benefiber Laxatives On The Go 28pk",
        "price": 9,
        "unitPrice": "$0.32 / 1EA"
    },
    {
        "category": "health-beauty",
        "href": "https://www.woolworths.com.au/shop/productdetails/370957/vicks-lozenges-original-menthol",
        "imgName": "370957.jpg",
        "imgSrc": "https://cdn0.woolworths.media/content/wowproductimages/medium/370957.jpg",
        "name": "Vicks Lozenges Original Menthol 24pk",
        "price": 4.5,
        "unitPrice": "$0.19 / 1EA"
    },
    {
        "category": "health-beauty",
        "href": "https://www.woolworths.com.au/shop/productdetails/370958/vicks-lozenges-butter-menthol",
        "imgName": "370958.jpg",
        "imgSrc": "https://cdn0.woolworths.media/content/wowproductimages/medium/370958.jpg",
        "name": "Vicks Lozenges Butter Menthol 24pk",
        "price": 4.5,
        "unitPrice": "$0.19 / 1EA"
    },
    {
        "category": "health-beauty",
        "href": "https://www.woolworths.com.au/shop/productdetails/376511/penta-vite-kids-multivitamin-with-iron-liquid",
        "imgName": "376511.jpg",
        "imgSrc": "https://cdn0.woolworths.media/content/wowproductimages/medium/376511.jpg",
        "name": "Penta-vite Kids Multivitamin With Iron Liquid 100ml",
        "price": 14,
        "unitPrice": "$14.00 / 100ML"
    },
    {
        "category": "health-beauty",
        "href": "https://www.woolworths.com.au/shop/productdetails/518182/voeu-cleansing-facial-wipes-normal-or-combination-skin",
        "imgName": "518182.jpg",
        "imgSrc": "https://cdn0.woolworths.media/content/wowproductimages/medium/518182.jpg",
        "name": "Voeu Cleansing Facial Wipes Normal Or Combination Skin 25pk",
        "price": 1.5,
        "unitPrice": "$0.06 / 1EA"
    },
    {
        "category": "health-beauty",
        "href": "https://www.woolworths.com.au/shop/productdetails/490998/taft-full-on-hair-jelly-instant-freeze",
        "imgName": "490998.jpg",
        "imgSrc": "https://cdn0.woolworths.media/content/wowproductimages/medium/490998.jpg",
        "name": "Taft Full On Hair Jelly Instant Freeze 200ml",
        "price": 8,
        "unitPrice": "$4.00 / 100ML"
    },
    {
        "category": "health-beauty",
        "href": "https://www.woolworths.com.au/shop/productdetails/505757/rexona-men-antiperspirant-deodorant-original",
        "imgName": "505757.jpg",
        "imgSrc": "https://cdn0.woolworths.media/content/wowproductimages/medium/505757.jpg",
        "name": "Rexona Men Antiperspirant Deodorant Original 150ml",
        "price": 5,
        "unitPrice": "$3.33 / 100ML"
    },
    {
        "category": "health-beauty",
        "href": "https://www.woolworths.com.au/shop/productdetails/476783/modelco-long-wear-lip-colour-abbey-red-velvet-spring-fling",
        "imgName": "476783.jpg",
        "imgSrc": "https://cdn0.woolworths.media/content/wowproductimages/medium/476783.jpg",
        "name": "Modelco Long Wear Lip Colour Abbey, Red Velvet Spring Fling 3.5g",
        "price": 7.95,
        "unitPrice": "$22.71 / 10G"
    },
    {
        "category": "health-beauty",
        "href": "https://www.woolworths.com.au/shop/productdetails/566506/nature-s-way-magnesium-tumeric",
        "imgName": "566506.jpg",
        "imgSrc": "https://cdn0.woolworths.media/content/wowproductimages/medium/566506.jpg",
        "name": "Nature's Way Magnesium & Tumeric 150pk",
        "price": 40,
        "unitPrice": "$26.67 / 100EA"
    },
    {
        "category": "health-beauty",
        "href": "https://www.woolworths.com.au/shop/productdetails/502855/invisible-zinc-waterproof-sunscreen-spf50",
        "imgName": "502855.jpg",
        "imgSrc": "https://cdn0.woolworths.media/content/wowproductimages/medium/502855.jpg",
        "name": "Invisible Zinc Waterproof Sunscreen Spf50 100ml",
        "price": 29,
        "unitPrice": "$29.00 / 100ML"
    },
    {
        "category": "health-beauty",
        "href": "https://www.woolworths.com.au/shop/productdetails/738628/homebrand-talcum-powder",
        "imgName": "738628.jpg",
        "imgSrc": "https://cdn0.woolworths.media/content/wowproductimages/medium/738628.jpg",
        "name": "Homebrand Talcum Powder  500g",
        "price": 2.5,
        "unitPrice": "$0.50 / 100G"
    },
    {
        "category": "health-beauty",
        "href": "https://www.woolworths.com.au/shop/productdetails/754716/schwarzkopf-brilliance-59-violet-wild-silk",
        "imgName": "754716.jpg",
        "imgSrc": "https://cdn0.woolworths.media/content/wowproductimages/medium/754716.jpg",
        "name": "Schwarzkopf Brilliance 59 Violet Wild Silk each",
        "price": 14.4
    },
    {
        "category": "health-beauty",
        "href": "https://www.woolworths.com.au/shop/productdetails/771483/oscar-orsen-hair-slides",
        "imgName": "771483.jpg",
        "imgSrc": "https://cdn0.woolworths.media/content/wowproductimages/medium/771483.jpg",
        "name": "Oscar Orsen Hair Slides  4 pack",
        "price": 3
    },
    {
        "category": "health-beauty",
        "href": "https://www.woolworths.com.au/shop/productdetails/791121/woolworths-select-cotton-ripple",
        "imgName": "791121.jpg",
        "imgSrc": "https://cdn0.woolworths.media/content/wowproductimages/medium/791121.jpg",
        "name": "Woolworths Select Cotton Ripple 100g",
        "price": 1.95,
        "unitPrice": "$1.95 / 100G"
    },
    {
        "category": "health-beauty",
        "href": "https://www.woolworths.com.au/shop/productdetails/748713/nivea-for-men-deodorant-aerosol-cool-kick",
        "imgName": "748713.jpg",
        "imgSrc": "https://cdn0.woolworths.media/content/wowproductimages/medium/748713.jpg",
        "name": "Nivea For Men Deodorant Aerosol Cool Kick 153g",
        "price": 6.5,
        "unitPrice": "$2.60 / 100ML"
    },
    {
        "category": "health-beauty",
        "href": "https://www.woolworths.com.au/shop/productdetails/780047/nature-s-way-kids-smart-vita-gummies-multi-omega-3",
        "imgName": "780047.jpg",
        "imgSrc": "https://cdn0.woolworths.media/content/wowproductimages/medium/780047.jpg",
        "name": "Nature's Way Kids Smart Vita Gummies Multi + Omega 3 50pk",
        "price": 15,
        "unitPrice": "$30.00 / 100EA"
    },
    {
        "category": "health-beauty",
        "href": "https://www.woolworths.com.au/shop/productdetails/785940/thankyou-botanical-mint-spring-flowers-body-wash",
        "imgName": "785940.jpg",
        "imgSrc": "https://cdn0.woolworths.media/content/wowproductimages/medium/785940.jpg",
        "name": "Thankyou Botanical Mint & Spring Flowers Body Wash 500ml",
        "price": 8,
        "unitPrice": "$1.60 / 100ML"
    },
    {
        "category": "health-beauty",
        "href": "https://www.woolworths.com.au/shop/productdetails/789434/rexona-women-clinical-protection-antiperspirant-deodorant-summer-strength",
        "imgName": "789434.jpg",
        "imgSrc": "https://cdn0.woolworths.media/content/wowproductimages/medium/789434.jpg",
        "name": "Rexona Women Clinical Protection Antiperspirant Deodorant Summer Strength 45ml",
        "price": 15,
        "unitPrice": "$33.33 / 100ML"
    },
    {
        "category": "health-beauty",
        "href": "https://www.woolworths.com.au/shop/productdetails/784480/thankyou-botanical-sweet-orange-almond-body-wash",
        "imgName": "784480.jpg",
        "imgSrc": "https://cdn0.woolworths.media/content/wowproductimages/medium/784480.jpg",
        "name": "Thankyou Botanical Sweet Orange & Almond Body Wash 500ml",
        "price": 8,
        "unitPrice": "$1.60 / 100ML"
    },
    {
        "category": "health-beauty",
        "href": "https://www.woolworths.com.au/shop/productdetails/801256/hydralyte-electrolyte-powder-sachets-apple-blackcurrant",
        "imgName": "801256.jpg",
        "imgSrc": "https://cdn0.woolworths.media/content/wowproductimages/medium/801256.jpg",
        "name": "Hydralyte Electrolyte Powder Sachets Apple Blackcurrant 10pk",
        "price": 14,
        "unitPrice": "$1.40 / 1EA"
    },
    {
        "category": "health-beauty",
        "href": "https://www.woolworths.com.au/shop/productdetails/795983/bondi-sands-tanning-gradual-tan",
        "imgName": "795983.jpg",
        "imgSrc": "https://cdn0.woolworths.media/content/wowproductimages/medium/795983.jpg",
        "name": "Bondi Sands Tanning Gradual Tan 375ml",
        "price": 18,
        "unitPrice": "$4.80 / 100ML"
    },
    {
        "category": "health-beauty",
        "href": "https://www.woolworths.com.au/shop/productdetails/940390/fab-liquid-iron-sachets",
        "imgName": "940390.jpg",
        "imgSrc": "https://cdn0.woolworths.media/content/wowproductimages/medium/940390.jpg",
        "name": "Fab Liquid Iron Sachets  20x10ml",
        "price": 16.95,
        "unitPrice": "$8.48 / 100ML"
    },
    {
        "category": "health-beauty",
        "href": "https://www.woolworths.com.au/shop/productdetails/798303/musashi-high-protein-p45-bar-choc-nut",
        "imgName": "798303.jpg",
        "imgSrc": "https://cdn0.woolworths.media/content/wowproductimages/medium/798303.jpg",
        "name": "Musashi High Protein P45 Bar Choc Nut 90g",
        "price": 5,
        "unitPrice": "$5.56 / 100G"
    },
    {
        "category": "health-beauty",
        "href": "https://www.woolworths.com.au/shop/productdetails/90000319/nivea-3-favourite-aerosol-deodorants-for-men-250ml-bundle",
        "imgName": "90000319.jpg",
        "imgSrc": "https://cdn0.woolworths.media/content/wowproductimages/medium/90000319.jpg",
        "name": "Nivea 3 Favourite Aerosol Deodorants For Men 250ml Bundle",
        "price": 13
    },
    {
        "category": "health-beauty",
        "href": "https://www.woolworths.com.au/shop/productdetails/90000290/nivea-men-invisible-b-w-roll-on-clear-50ml-x3-bundle",
        "imgName": "90000290.jpg",
        "imgSrc": "https://cdn0.woolworths.media/content/wowproductimages/medium/90000290.jpg",
        "name": "Nivea Men Invisible B&w Roll On Clear 50ml X3 Bundle",
        "price": 8,
        "unitPrice": "$5.33 / 100ML"
    }
]