[
    {
        "category": "household",
        "href": "https://www.woolworths.com.au/shop/productdetails/789872/vileda-mop-easy-wring-and-clean-refill",
        "imgName": "789872.jpg",
        "imgSrc": "https://cdn0.woolworths.media/content/wowproductimages/medium/789872.jpg",
        "name": "Vileda Mop Easy Wring And Clean Refill each",
        "price": 11.49,
        "unitPrice": "$11.49 / 1EA"
    },
    {
        "category": "household",
        "href": "https://www.woolworths.com.au/shop/productdetails/471191/inspire-print-bowl-large",
        "imgName": "471191.jpg",
        "imgSrc": "https://cdn0.woolworths.media/content/wowproductimages/medium/471191.jpg",
        "name": "Inspire Print Bowl Large each",
        "price": 5
    },
    {
        "category": "household",
        "href": "https://www.woolworths.com.au/shop/productdetails/43302/bop-it-micro-series",
        "imgName": "default.png",
        "imgSrc": "https://cdn0.woolworths.media/content/wowproductimages/large/default.png",
        "name": "Bop It Micro Series  1ea",
        "price": 15
    },
    {
        "category": "household",
        "href": "https://www.woolworths.com.au/shop/productdetails/442195/brita-f-g-active-bottle-blue",
        "imgName": "442195.jpg",
        "imgSrc": "https://cdn0.woolworths.media/content/wowproductimages/medium/442195.jpg",
        "name": "Brita F&g Active Bottle Blue 600ml each",
        "price": 15.95
    },
    {
        "category": "household",
        "href": "https://www.woolworths.com.au/shop/productdetails/743650/sistema-klip-it-container-1l",
        "imgName": "743650.jpg",
        "imgSrc": "https://cdn0.woolworths.media/content/wowproductimages/medium/743650.jpg",
        "name": "Sistema Klip It Container 1l  3pk",
        "price": 12.5,
        "unitPrice": "$12.50 / 1EA"
    },
    {
        "category": "household",
        "href": "https://www.woolworths.com.au/shop/productdetails/651995/expo-dry-erase-markers-2-in-1",
        "imgName": "651995.jpg",
        "imgSrc": "https://cdn0.woolworths.media/content/wowproductimages/medium/651995.jpg",
        "name": "Expo Dry Erase Markers 2 In 1 2pk",
        "price": 9
    },
    {
        "category": "household",
        "href": "https://www.woolworths.com.au/shop/productdetails/611641/decor-bamboo-side-plate-teal",
        "imgName": "611641.jpg",
        "imgSrc": "https://cdn0.woolworths.media/content/wowproductimages/medium/611641.jpg",
        "name": "Decor Bamboo Side Plate Teal each",
        "price": 4
    },
    {
        "category": "household",
        "href": "https://www.woolworths.com.au/shop/productdetails/882122/woolworths-a4-exercise-book-96-page",
        "imgName": "882122.jpg",
        "imgSrc": "https://cdn0.woolworths.media/content/wowproductimages/medium/882122.jpg",
        "name": "Woolworths A4 Exercise Book 96 Page 3pk",
        "price": 4
    },
    {
        "category": "household",
        "href": "https://www.woolworths.com.au/shop/productdetails/842221/scholl-gelactiv-insoles-women-s-everyday",
        "imgName": "842221.jpg",
        "imgSrc": "https://cdn0.woolworths.media/content/wowproductimages/medium/842221.jpg",
        "name": "Scholl Gelactiv Insoles Women's Everyday 1pk",
        "price": 27.97
    },
    {
        "category": "household",
        "href": "https://www.woolworths.com.au/shop/productdetails/790604/woolworths-essentials-stainless-steel-basic-grater",
        "imgName": "790604.jpg",
        "imgSrc": "https://cdn0.woolworths.media/content/wowproductimages/medium/790604.jpg",
        "name": "Woolworths Essentials Stainless Steel Basic Grater each",
        "price": 6
    },
    {
        "category": "household",
        "href": "https://www.woolworths.com.au/shop/productdetails/778275/woolworths-select-dusting-dustpan-brush-set",
        "imgName": "778275.jpg",
        "imgSrc": "https://cdn0.woolworths.media/content/wowproductimages/medium/778275.jpg",
        "name": "Woolworths Select Dusting Dustpan & Brush Set each",
        "price": 6.29,
        "unitPrice": "$6.29 / 1EA"
    },
    {
        "category": "household",
        "href": "https://www.woolworths.com.au/shop/productdetails/853876/inspire-measuring-cup",
        "imgName": "853876.jpg",
        "imgSrc": "https://cdn0.woolworths.media/content/wowproductimages/medium/853876.jpg",
        "name": "Inspire Measuring Cup  4pk",
        "price": 12
    },
    {
        "category": "household",
        "href": "https://www.woolworths.com.au/shop/productdetails/882364/woolworths-a4-display-book-20-pockets",
        "imgName": "882364.jpg",
        "imgSrc": "https://cdn0.woolworths.media/content/wowproductimages/medium/882364.jpg",
        "name": "Woolworths A4 Display Book 20 Pockets each",
        "price": 2.5
    },
    {
        "category": "household",
        "href": "https://www.woolworths.com.au/shop/productdetails/626669/brunnings-premium-garden-hose",
        "imgName": "626669.jpg",
        "imgSrc": "https://cdn0.woolworths.media/content/wowproductimages/medium/626669.jpg",
        "name": "Brunnings Premium Garden Hose  15m",
        "price": 20
    },
    {
        "category": "household",
        "href": "https://www.woolworths.com.au/shop/productdetails/662404/surf-laundry-powder-herbal-extracts",
        "imgName": "662404.jpg",
        "imgSrc": "https://cdn0.woolworths.media/content/wowproductimages/medium/662404.jpg",
        "name": "Surf Laundry Powder Herbal Extracts 4kg",
        "price": 13,
        "unitPrice": "$3.25 / 1KG"
    },
    {
        "category": "household",
        "href": "https://www.woolworths.com.au/shop/productdetails/610244/decor-bamboo-salad-bowl",
        "imgName": "610244.jpg",
        "imgSrc": "https://cdn0.woolworths.media/content/wowproductimages/medium/610244.jpg",
        "name": "Decor Bamboo Salad Bowl  each",
        "price": 12,
        "unitPrice": "$12.00 / 1EA"
    },
    {
        "category": "household",
        "href": "https://www.woolworths.com.au/shop/productdetails/313977/philips-halogen-clear-globe-42w-es-base",
        "imgName": "313977.jpg",
        "imgSrc": "https://cdn0.woolworths.media/content/wowproductimages/medium/313977.jpg",
        "name": "Philips Halogen Clear Globe 42w Es Base each",
        "price": 3.3
    },
    {
        "category": "household",
        "href": "https://www.woolworths.com.au/shop/productdetails/711919/sistema-plasticware-salad-to-go",
        "imgName": "711919.jpg",
        "imgSrc": "https://cdn0.woolworths.media/content/wowproductimages/medium/711919.jpg",
        "name": "Sistema Plasticware Salad To Go each",
        "price": 10.25
    },
    {
        "category": "household",
        "href": "https://www.woolworths.com.au/shop/productdetails/196464/quilton-double-length-toilet-tissue-3ply-white-360-sheets",
        "imgName": "196464.jpg",
        "imgSrc": "https://cdn0.woolworths.media/content/wowproductimages/medium/196464.jpg",
        "name": "Quilton Double Length Toilet Tissue 3ply White 360 Sheets 8pk",
        "price": 9.5,
        "unitPrice": "$0.33 / 100SS"
    },
    {
        "category": "household",
        "href": "https://www.woolworths.com.au/shop/productdetails/10432/earth-choice-dishwashing-liquid",
        "imgName": "010432.jpg",
        "imgSrc": "https://cdn0.woolworths.media/content/wowproductimages/medium/010432.jpg",
        "name": "Earth Choice Dishwashing Liquid 1l",
        "price": 2,
        "unitPrice": "$0.20 / 100ML"
    },
    {
        "category": "household",
        "href": "https://www.woolworths.com.au/shop/productdetails/158767/quilton-classic-toilet-tissue-3ply-white-180sheets",
        "imgName": "158767.jpg",
        "imgSrc": "https://cdn0.woolworths.media/content/wowproductimages/medium/158767.jpg",
        "name": "Quilton Classic Toilet Tissue 3ply White 180sheets 8pk",
        "price": 7,
        "unitPrice": "$0.49 / 100SS"
    },
    {
        "category": "household",
        "href": "https://www.woolworths.com.au/shop/productdetails/252038/handee-ultra-paper-towel-print-2ply-180ss",
        "imgName": "252038.jpg",
        "imgSrc": "https://cdn0.woolworths.media/content/wowproductimages/medium/252038.jpg",
        "name": "Handee Ultra Paper Towel Print 2ply 180ss 3pk",
        "price": 4.4,
        "unitPrice": "$2.44 / 100SS"
    },
    {
        "category": "household",
        "href": "https://www.woolworths.com.au/shop/productdetails/252037/handee-ultra-paper-towel-white",
        "imgName": "252037.jpg",
        "imgSrc": "https://cdn0.woolworths.media/content/wowproductimages/medium/252037.jpg",
        "name": "Handee Ultra Paper Towel White 3pk",
        "price": 4.4,
        "unitPrice": "$2.44 / 100SS"
    },
    {
        "category": "household",
        "href": "https://www.woolworths.com.au/shop/productdetails/565836/aroma-essentials-candle-french-pear",
        "imgName": "565836.jpg",
        "imgSrc": "https://cdn0.woolworths.media/content/wowproductimages/medium/565836.jpg",
        "name": "Aroma Essentials Candle French Pear 300g",
        "price": 15,
        "unitPrice": "$5.00 / 100G"
    },
    {
        "category": "household",
        "href": "https://www.woolworths.com.au/shop/productdetails/789512/woolworths-select-squeegee",
        "imgName": "789512.jpg",
        "imgSrc": "https://cdn0.woolworths.media/content/wowproductimages/medium/789512.jpg",
        "name": "Woolworths Select Squeegee  each",
        "price": 4.49,
        "unitPrice": "$4.49 / 1EA"
    },
    {
        "category": "household",
        "href": "https://www.woolworths.com.au/shop/productdetails/624271/bref-duo-active-toilet-cleaner-jasmine",
        "imgName": "624271.jpg",
        "imgSrc": "https://cdn0.woolworths.media/content/wowproductimages/medium/624271.jpg",
        "name": "Bref Duo Active Toilet Cleaner Jasmine 50ml",
        "price": 5,
        "unitPrice": "$10.00 / 100ML"
    },
    {
        "category": "household",
        "href": "https://www.woolworths.com.au/shop/productdetails/615011/paperclick-whiteboard-markers-black",
        "imgName": "615011.jpg",
        "imgSrc": "https://cdn0.woolworths.media/content/wowproductimages/medium/615011.jpg",
        "name": "Paperclick Whiteboard Markers Black 2pk",
        "price": 3
    },
    {
        "category": "household",
        "href": "https://www.woolworths.com.au/shop/productdetails/715821/ecostore-laundry-powder-combo-lemon",
        "imgName": "715821.jpg",
        "imgSrc": "https://cdn0.woolworths.media/content/wowproductimages/medium/715821.jpg",
        "name": "Ecostore Laundry Powder Combo Lemon 1kg",
        "price": 8.25,
        "unitPrice": "$8.25 / 1KG"
    },
    {
        "category": "household",
        "href": "https://www.woolworths.com.au/shop/productdetails/517094/sparkler-number-1-gold-or-silver",
        "imgName": "517094.jpg",
        "imgSrc": "https://cdn0.woolworths.media/content/wowproductimages/medium/517094.jpg",
        "name": "Sparkler Number 1 Gold Or Silver each",
        "price": 1.5,
        "unitPrice": "$1.50 / 1EA"
    },
    {
        "category": "household",
        "href": "https://www.woolworths.com.au/shop/productdetails/790584/woolworths-essentials-6pc-bamboo-utensil-set",
        "imgName": "790584.jpg",
        "imgSrc": "https://cdn0.woolworths.media/content/wowproductimages/medium/790584.jpg",
        "name": "Woolworths Essentials 6pc Bamboo Utensil Set each",
        "price": 6
    },
    {
        "category": "household",
        "href": "https://www.woolworths.com.au/shop/productdetails/463854/bref-power-active-toilet-cleaner-lemon-4-in-1",
        "imgName": "463854.jpg",
        "imgSrc": "https://cdn0.woolworths.media/content/wowproductimages/medium/463854.jpg",
        "name": "Bref Power Active Toilet Cleaner Lemon 4 In 1 50g",
        "price": 5,
        "unitPrice": "$10.00 / 100G"
    },
    {
        "category": "household",
        "href": "https://www.woolworths.com.au/shop/productdetails/442204/brita-fill-go-bottle-purple",
        "imgName": "442204.jpg",
        "imgSrc": "https://cdn0.woolworths.media/content/wowproductimages/medium/442204.jpg",
        "name": "Brita Fill & Go Bottle Purple 600ml",
        "price": 15.95
    },
    {
        "category": "household",
        "href": "https://www.woolworths.com.au/shop/productdetails/947675/zak-melamine-bowl-paw-patrol",
        "imgName": "947675.jpg",
        "imgSrc": "https://cdn0.woolworths.media/content/wowproductimages/medium/947675.jpg",
        "name": "Zak Melamine Bowl Paw Patrol each",
        "price": 5
    },
    {
        "category": "household",
        "href": "https://www.woolworths.com.au/shop/productdetails/789017/bosistos-insect-spray-dust-mites-eucalyptus",
        "imgName": "789017.jpg",
        "imgSrc": "https://cdn0.woolworths.media/content/wowproductimages/medium/789017.jpg",
        "name": "Bosistos Insect Spray Dust Mites Eucalyptus 200g",
        "price": 11.95,
        "unitPrice": "$5.98 / 100G"
    },
    {
        "category": "household",
        "href": "https://www.woolworths.com.au/shop/productdetails/365334/unisex-weather-protection-automatic-umbrella-purple",
        "imgName": "365334.jpg",
        "imgSrc": "https://cdn0.woolworths.media/content/wowproductimages/medium/365334.jpg",
        "name": "Unisex Weather Protection Automatic Umbrella Purple each",
        "price": 12.95
    },
    {
        "category": "household",
        "href": "https://www.woolworths.com.au/shop/productdetails/646653/sistema-laundry-stack-nest-basket",
        "imgName": "646653.jpg",
        "imgSrc": "https://cdn0.woolworths.media/content/wowproductimages/medium/646653.jpg",
        "name": "Sistema Laundry Stack & Nest Basket 1.2l",
        "price": 5
    },
    {
        "category": "household",
        "href": "https://www.woolworths.com.au/shop/productdetails/830233/energizer-eco-advanced-aa-batteries",
        "imgName": "830233.jpg",
        "imgSrc": "https://cdn0.woolworths.media/content/wowproductimages/medium/830233.jpg",
        "name": "Energizer Eco Advanced Aa Batteries 10pk",
        "price": 16.79,
        "unitPrice": "$1.68 / 1EA"
    },
    {
        "category": "household",
        "href": "https://www.woolworths.com.au/shop/productdetails/882386/woolworths-palm-cards",
        "imgName": "882386.jpg",
        "imgSrc": "https://cdn0.woolworths.media/content/wowproductimages/medium/882386.jpg",
        "name": "Woolworths Palm Cards  each",
        "price": 3
    },
    {
        "category": "household",
        "href": "https://www.woolworths.com.au/shop/productdetails/847742/scotts-osmocote-plus-organics",
        "imgName": "847742.jpg",
        "imgSrc": "https://cdn0.woolworths.media/content/wowproductimages/medium/847742.jpg",
        "name": "Scotts Osmocote Plus Organics 800g",
        "price": 10,
        "unitPrice": "$1.25 / 100G"
    },
    {
        "category": "household",
        "href": "https://www.woolworths.com.au/shop/productdetails/758191/wiltshire-bakeware-enamel-bake-baker-34cm",
        "imgName": "758191.jpg",
        "imgSrc": "https://cdn0.woolworths.media/content/wowproductimages/medium/758191.jpg",
        "name": "Wiltshire Bakeware Enamel Bake Baker 34cm each",
        "price": 19
    },
    {
        "category": "household",
        "href": "https://www.woolworths.com.au/shop/productdetails/634553/cool-gear-kids-bottle-with-flash-cap-414ml",
        "imgName": "634553.jpg",
        "imgSrc": "https://cdn0.woolworths.media/content/wowproductimages/medium/634553.jpg",
        "name": "Cool Gear Kids Bottle With Flash Cap 414ml ea",
        "price": 7
    },
    {
        "category": "household",
        "href": "https://www.woolworths.com.au/shop/productdetails/504762/duck-toilet-cleaner-5-in-1-rimblock-marine",
        "imgName": "504762.jpg",
        "imgSrc": "https://cdn0.woolworths.media/content/wowproductimages/medium/504762.jpg",
        "name": "Duck Toilet Cleaner 5 In 1 Rimblock Marine 30g",
        "price": 3.99,
        "unitPrice": "$13.30 / 100G"
    },
    {
        "category": "household",
        "href": "https://www.woolworths.com.au/shop/productdetails/777145/home-handyman-tools-picture-hangers",
        "imgName": "777145.jpg",
        "imgSrc": "https://cdn0.woolworths.media/content/wowproductimages/medium/777145.jpg",
        "name": "Home Handyman Tools Picture Hangers 10pk",
        "price": 2,
        "unitPrice": "$0.20 / 1EA"
    },
    {
        "category": "household",
        "href": "https://www.woolworths.com.au/shop/productdetails/495570/reusable-food-storage-container-1-75l",
        "imgName": "495570.jpg",
        "imgSrc": "https://cdn0.woolworths.media/content/wowproductimages/medium/495570.jpg",
        "name": "Reusable Food Storage Container 1.75l 2pk",
        "price": 5,
        "unitPrice": "$5.00 / 1EA"
    },
    {
        "category": "household",
        "href": "https://www.woolworths.com.au/shop/productdetails/884792/woolworths-a4-writing-pad",
        "imgName": "884792.jpg",
        "imgSrc": "https://cdn0.woolworths.media/content/wowproductimages/medium/884792.jpg",
        "name": "Woolworths A4 Writing Pad  3pk",
        "price": 5
    },
    {
        "category": "household",
        "href": "https://www.woolworths.com.au/shop/productdetails/733679/woolworths-essentials-underwear-women-s-bikini-size-8-10",
        "imgName": "733679.jpg",
        "imgSrc": "https://cdn0.woolworths.media/content/wowproductimages/medium/733679.jpg",
        "name": "Woolworths Essentials Underwear Women's Bikini Size 8-10 each",
        "price": 10
    },
    {
        "category": "household",
        "href": "https://www.woolworths.com.au/shop/productdetails/788312/party-candle-metallics-number-8",
        "imgName": "788312.jpg",
        "imgSrc": "https://cdn0.woolworths.media/content/wowproductimages/medium/788312.jpg",
        "name": "Party Candle Metallics Number 8 each",
        "price": 1,
        "unitPrice": "$1.00 / 1EA"
    },
    {
        "category": "household",
        "href": "https://www.woolworths.com.au/shop/productdetails/503704/triumph-sewing-machine-oil",
        "imgName": "503704.jpg",
        "imgSrc": "https://cdn0.woolworths.media/content/wowproductimages/medium/503704.jpg",
        "name": "Triumph Sewing Machine Oil  each",
        "price": 3.5
    },
    {
        "category": "household",
        "href": "https://www.woolworths.com.au/shop/productdetails/788178/party-candle-metallics-number-6",
        "imgName": "788178.jpg",
        "imgSrc": "https://cdn0.woolworths.media/content/wowproductimages/medium/788178.jpg",
        "name": "Party Candle Metallics Number 6 each",
        "price": 1,
        "unitPrice": "$1.00 / 1EA"
    },
    {
        "category": "household",
        "href": "https://www.woolworths.com.au/shop/productdetails/522502/sharpie-pro-chisel-tip-metal-pens-black",
        "imgName": "522502.jpg",
        "imgSrc": "https://cdn0.woolworths.media/content/wowproductimages/medium/522502.jpg",
        "name": "Sharpie Pro Chisel Tip Metal Pens Black 2pk",
        "price": 6.5
    },
    {
        "category": "household",
        "href": "https://www.woolworths.com.au/shop/productdetails/788960/party-candle-polka-dot",
        "imgName": "788960.jpg",
        "imgSrc": "https://cdn0.woolworths.media/content/wowproductimages/medium/788960.jpg",
        "name": "Party Candle Polka Dot 12pk",
        "price": 2.5,
        "unitPrice": "$0.21 / 1EA"
    },
    {
        "category": "household",
        "href": "https://www.woolworths.com.au/shop/productdetails/787464/woolworths-plastic-bowls-mixed-colour",
        "imgName": "787464.jpg",
        "imgSrc": "https://cdn0.woolworths.media/content/wowproductimages/medium/787464.jpg",
        "name": "Woolworths Plastic Bowls Mixed Colour 20pk",
        "price": 3,
        "unitPrice": "$0.15 / 1EA"
    },
    {
        "category": "household",
        "href": "https://www.woolworths.com.au/shop/productdetails/381815/hp-printer-ink-56-inkjet-black",
        "imgName": "381815.jpg",
        "imgSrc": "https://cdn0.woolworths.media/content/wowproductimages/medium/381815.jpg",
        "name": "Hp Printer Ink 56 Inkjet Black each",
        "price": 48
    },
    {
        "category": "household",
        "href": "https://www.woolworths.com.au/shop/productdetails/788847/party-balloons-happy-birthday",
        "imgName": "788847.jpg",
        "imgSrc": "https://cdn0.woolworths.media/content/wowproductimages/medium/788847.jpg",
        "name": "Party Balloons Happy Birthday 30cm 20pk",
        "price": 3,
        "unitPrice": "$0.15 / 1EA"
    },
    {
        "category": "household",
        "href": "https://www.woolworths.com.au/shop/productdetails/575650/woolworths-printed-foil-tray",
        "imgName": "575650.jpg",
        "imgSrc": "https://cdn0.woolworths.media/content/wowproductimages/medium/575650.jpg",
        "name": "Woolworths Printed Foil Tray  2pk",
        "price": 4,
        "unitPrice": "$2.00 / 1EA"
    },
    {
        "category": "household",
        "href": "https://www.woolworths.com.au/shop/productdetails/632136/yates-lawn-repair",
        "imgName": "632136.jpg",
        "imgSrc": "https://cdn0.woolworths.media/content/wowproductimages/medium/632136.jpg",
        "name": "Yates Lawn Repair  1kg",
        "price": 14,
        "unitPrice": "$1.40 / 100G"
    },
    {
        "category": "household",
        "href": "https://www.woolworths.com.au/shop/productdetails/788093/party-favours-novelty-bubbles",
        "imgName": "788093.jpg",
        "imgSrc": "https://cdn0.woolworths.media/content/wowproductimages/medium/788093.jpg",
        "name": "Party Favours Novelty Bubbles 24pk",
        "price": 8,
        "unitPrice": "$8.00 / 1EA"
    },
    {
        "category": "household",
        "href": "https://www.woolworths.com.au/shop/productdetails/830225/energizer-eco-advanced-aaa-batteries",
        "imgName": "830225.jpg",
        "imgSrc": "https://cdn0.woolworths.media/content/wowproductimages/medium/830225.jpg",
        "name": "Energizer Eco Advanced Aaa Batteries 10pk",
        "price": 16.79,
        "unitPrice": "$1.68 / 1EA"
    },
    {
        "category": "household",
        "href": "https://www.woolworths.com.au/shop/productdetails/573468/kleenex-viva-paper-towel-white",
        "imgName": "573468.jpg",
        "imgSrc": "https://cdn0.woolworths.media/content/wowproductimages/medium/573468.jpg",
        "name": "Kleenex Viva Paper Towel White 6pk",
        "price": 8,
        "unitPrice": "$2.22 / 100SS"
    },
    {
        "category": "household",
        "href": "https://www.woolworths.com.au/shop/productdetails/659937/omo-touch-of-comfort-laundry-powder",
        "imgName": "659937.jpg",
        "imgSrc": "https://cdn0.woolworths.media/content/wowproductimages/medium/659937.jpg",
        "name": "Omo Touch Of Comfort Laundry Powder 2kg",
        "price": 19.99,
        "unitPrice": "$10.00 / 1KG"
    },
    {
        "category": "household",
        "href": "https://www.woolworths.com.au/shop/productdetails/325114/vileda-mop-extra-long-cotton-refill",
        "imgName": "325114.jpg",
        "imgSrc": "https://cdn0.woolworths.media/content/wowproductimages/medium/325114.jpg",
        "name": "Vileda Mop Extra Long Cotton Refill each",
        "price": 8.49
    },
    {
        "category": "household",
        "href": "https://www.woolworths.com.au/shop/productdetails/515927/hp-officejet-all-in-one-printer",
        "imgName": "515927.jpg",
        "imgSrc": "https://cdn0.woolworths.media/content/wowproductimages/medium/515927.jpg",
        "name": "Hp Officejet All In One Printer each",
        "price": 80
    },
    {
        "category": "household",
        "href": "https://www.woolworths.com.au/shop/productdetails/651973/papermate-inkjoy-liquid-roller-black",
        "imgName": "651973.jpg",
        "imgSrc": "https://cdn0.woolworths.media/content/wowproductimages/medium/651973.jpg",
        "name": "Papermate Inkjoy Liquid Roller Black 1pk",
        "price": 4
    },
    {
        "category": "household",
        "href": "https://www.woolworths.com.au/shop/productdetails/788982/party-candle-star-with-holder",
        "imgName": "788982.jpg",
        "imgSrc": "https://cdn0.woolworths.media/content/wowproductimages/medium/788982.jpg",
        "name": "Party Candle Star With Holder 12pk",
        "price": 3,
        "unitPrice": "$0.25 / 1EA"
    },
    {
        "category": "household",
        "href": "https://www.woolworths.com.au/shop/productdetails/778052/habee-savers-scissors-triple-value-pack",
        "imgName": "778052.jpg",
        "imgSrc": "https://cdn0.woolworths.media/content/wowproductimages/medium/778052.jpg",
        "name": "Habee Savers Scissors Triple Value Pack each",
        "price": 15
    },
    {
        "category": "household",
        "href": "https://www.woolworths.com.au/shop/productdetails/572393/umbrella-mens-big-brolly-red-white",
        "imgName": "default.png",
        "imgSrc": "https://cdn0.woolworths.media/content/wowproductimages/large/default.png",
        "name": "Umbrella Mens Big Brolly Red White each",
        "price": 17.95
    },
    {
        "category": "household",
        "href": "https://www.woolworths.com.au/shop/productdetails/773921/home-essentials-kitchen-manchester-apron-pretty",
        "imgName": "773921.jpg",
        "imgSrc": "https://cdn0.woolworths.media/content/wowproductimages/medium/773921.jpg",
        "name": "Home Essentials Kitchen Manchester Apron Pretty each",
        "price": 12,
        "unitPrice": "$12.00 / 1EA"
    },
    {
        "category": "household",
        "href": "https://www.woolworths.com.au/shop/productdetails/254009/faber-castell-coloured-pencils-tri-grip",
        "imgName": "254009.jpg",
        "imgSrc": "https://cdn0.woolworths.media/content/wowproductimages/medium/254009.jpg",
        "name": "Faber-castell Coloured Pencils Tri Grip 12pk",
        "price": 4.5
    },
    {
        "category": "household",
        "href": "https://www.woolworths.com.au/shop/productdetails/315229/woolworths-essentials-binder-folder-a4-128-pages",
        "imgName": "315229.jpg",
        "imgSrc": "https://cdn0.woolworths.media/content/wowproductimages/medium/315229.jpg",
        "name": "Woolworths Essentials Binder Folder A4 128 Pages 3pk",
        "price": 5
    },
    {
        "category": "household",
        "href": "https://www.woolworths.com.au/shop/productdetails/318975/razzamatazz-body-contour-pantyhose-opaque-tights-70-denier",
        "imgName": "318975.jpg",
        "imgSrc": "https://cdn0.woolworths.media/content/wowproductimages/medium/318975.jpg",
        "name": "Razzamatazz Body Contour Pantyhose Opaque Tights 70 Denier each",
        "price": 12
    },
    {
        "category": "household",
        "href": "https://www.woolworths.com.au/shop/productdetails/829920/inspire-vacuum-bag",
        "imgName": "829920.jpg",
        "imgSrc": "https://cdn0.woolworths.media/content/wowproductimages/medium/829920.jpg",
        "name": "Inspire Vacuum Bag  each",
        "price": 10
    },
    {
        "category": "household",
        "href": "https://www.woolworths.com.au/shop/productdetails/615014/paperclick-ring-binder",
        "imgName": "615014.jpg",
        "imgSrc": "https://cdn0.woolworths.media/content/wowproductimages/medium/615014.jpg",
        "name": "Paperclick Ring Binder  1ea",
        "price": 3
    },
    {
        "category": "household",
        "href": "https://www.woolworths.com.au/shop/productdetails/517119/sparkler-number-2-gold-or-silver",
        "imgName": "517119.jpg",
        "imgSrc": "https://cdn0.woolworths.media/content/wowproductimages/medium/517119.jpg",
        "name": "Sparkler Number 2 Gold Or Silver each",
        "price": 1.5,
        "unitPrice": "$1.50 / 1EA"
    },
    {
        "category": "household",
        "href": "https://www.woolworths.com.au/shop/productdetails/788311/party-candle-metallics-number-7",
        "imgName": "788311.jpg",
        "imgSrc": "https://cdn0.woolworths.media/content/wowproductimages/medium/788311.jpg",
        "name": "Party Candle Metallics Number 7 each",
        "price": 1,
        "unitPrice": "$1.00 / 1EA"
    },
    {
        "category": "household",
        "href": "https://www.woolworths.com.au/shop/productdetails/787496/woolworths-plastic-table-cover-white",
        "imgName": "787496.jpg",
        "imgSrc": "https://cdn0.woolworths.media/content/wowproductimages/medium/787496.jpg",
        "name": "Woolworths Plastic Table Cover White each",
        "price": 2,
        "unitPrice": "$2.00 / 1EA"
    },
    {
        "category": "household",
        "href": "https://www.woolworths.com.au/shop/productdetails/713714/epson-printer-ink-138-magenta",
        "imgName": "713714.jpg",
        "imgSrc": "https://cdn0.woolworths.media/content/wowproductimages/medium/713714.jpg",
        "name": "Epson Printer Ink 138 Magenta each",
        "price": 30
    },
    {
        "category": "household",
        "href": "https://www.woolworths.com.au/shop/productdetails/520559/all-day-ladies-ladies-invisible-footlet-9-11",
        "imgName": "520559.jpg",
        "imgSrc": "https://cdn0.woolworths.media/content/wowproductimages/medium/520559.jpg",
        "name": "All Day Ladies Ladies Invisible Footlet 9/11 3pk",
        "price": 8
    },
    {
        "category": "household",
        "href": "https://www.woolworths.com.au/shop/productdetails/660222/radiant-laundry-liquid-sports-wash",
        "imgName": "660222.jpg",
        "imgSrc": "https://cdn0.woolworths.media/content/wowproductimages/medium/660222.jpg",
        "name": "Radiant Laundry Liquid Sports Wash 1l",
        "price": 10,
        "unitPrice": "$10.00 / 1L"
    },
    {
        "category": "household",
        "href": "https://www.woolworths.com.au/shop/productdetails/402321/philips-led-scene-switch-b22",
        "imgName": "402321.jpg",
        "imgSrc": "https://cdn0.woolworths.media/content/wowproductimages/medium/402321.jpg",
        "name": "Philips Led Scene Switch B22 each",
        "price": 17.5,
        "unitPrice": "$17.50 / 1EA"
    },
    {
        "category": "household",
        "href": "https://www.woolworths.com.au/shop/productdetails/187727/eveready-gold-9v-batteries",
        "imgName": "187727.jpg",
        "imgSrc": "https://cdn0.woolworths.media/content/wowproductimages/medium/187727.jpg",
        "name": "Eveready Gold 9v Batteries  2pk",
        "price": 9.99,
        "unitPrice": "$5.00 / 1EA"
    },
    {
        "category": "household",
        "href": "https://www.woolworths.com.au/shop/productdetails/729661/mortein-nature-indoor-insect-control-eucalyptus-refill",
        "imgName": "729661.jpg",
        "imgSrc": "https://cdn0.woolworths.media/content/wowproductimages/medium/729661.jpg",
        "name": "Mortein Nature Indoor Insect Control Eucalyptus Refill 152g",
        "price": 16,
        "unitPrice": "$10.39 / 100G"
    },
    {
        "category": "household",
        "href": "https://www.woolworths.com.au/shop/productdetails/252072/hercules-click-zip-sandwich-bags-large-resealable-twin",
        "imgName": "252072.jpg",
        "imgSrc": "https://cdn0.woolworths.media/content/wowproductimages/medium/252072.jpg",
        "name": "Hercules Click Zip Sandwich Bags Large Resealable Twin 25pk",
        "price": 2.45,
        "unitPrice": "$0.10 / 1EA"
    },
    {
        "category": "household",
        "href": "https://www.woolworths.com.au/shop/productdetails/583772/air-wick-pure-aerosol-mediterranean-sun",
        "imgName": "583772.jpg",
        "imgSrc": "https://cdn0.woolworths.media/content/wowproductimages/medium/583772.jpg",
        "name": "Air Wick Pure Aerosol Mediterranean Sun 159g",
        "price": 6.5,
        "unitPrice": "$4.09 / 100G"
    },
    {
        "category": "household",
        "href": "https://www.woolworths.com.au/shop/productdetails/741515/woolworths-essentials-underwear-brief-size-l",
        "imgName": "741515.jpg",
        "imgSrc": "https://cdn0.woolworths.media/content/wowproductimages/medium/741515.jpg",
        "name": "Woolworths Essentials Underwear Brief Size L 5pk",
        "price": 14,
        "unitPrice": "$2.80 / 1EA"
    },
    {
        "category": "household",
        "href": "https://www.woolworths.com.au/shop/productdetails/225948/triumph-scissors-embroidery-120mm",
        "imgName": "225948.jpg",
        "imgSrc": "https://cdn0.woolworths.media/content/wowproductimages/medium/225948.jpg",
        "name": "Triumph Scissors Embroidery 120mm each",
        "price": 6
    },
    {
        "category": "household",
        "href": "https://www.woolworths.com.au/shop/productdetails/355590/woolworths-essentials-womens-socks-anklet-sport-size-8-11",
        "imgName": "355590.jpg",
        "imgSrc": "https://cdn0.woolworths.media/content/wowproductimages/medium/355590.jpg",
        "name": "Woolworths Essentials Womens Socks Anklet Sport Size 8-11 size 8-11 3pk",
        "price": 7,
        "unitPrice": "$2.33 / 1EA"
    },
    {
        "category": "household",
        "href": "https://www.woolworths.com.au/shop/productdetails/635753/decor-match-ups-oblong-container-350ml",
        "imgName": "635753.jpg",
        "imgSrc": "https://cdn0.woolworths.media/content/wowproductimages/medium/635753.jpg",
        "name": "Decor Match Ups Oblong Container 350ml each",
        "price": 4
    },
    {
        "category": "household",
        "href": "https://www.woolworths.com.au/shop/productdetails/643081/energizer-anti-shock-phone-case-2m-iphone-6-7-8",
        "imgName": "643081.jpg",
        "imgSrc": "https://cdn0.woolworths.media/content/wowproductimages/medium/643081.jpg",
        "name": "Energizer Anti-shock Phone Case 2m Iphone 6/7/8 each",
        "price": 25
    },
    {
        "category": "household",
        "href": "https://www.woolworths.com.au/shop/productdetails/57706/ansell-gloves-silverlined-large-size-9",
        "imgName": "057706.jpg",
        "imgSrc": "https://cdn0.woolworths.media/content/wowproductimages/medium/057706.jpg",
        "name": "Ansell Gloves Silverlined Large Size 9 1 pair",
        "price": 3.1,
        "unitPrice": "$3.10 / 1EA"
    },
    {
        "category": "household",
        "href": "https://www.woolworths.com.au/shop/productdetails/753931/woolworths-manilla-folders-manilla-folder-foolscap",
        "imgName": "753931.jpg",
        "imgSrc": "https://cdn0.woolworths.media/content/wowproductimages/medium/753931.jpg",
        "name": "Woolworths Manilla Folders Manilla Folder Foolscap each",
        "price": 3
    },
    {
        "category": "household",
        "href": "https://www.woolworths.com.au/shop/productdetails/517081/select-sandwich-bags",
        "imgName": "517081.jpg",
        "imgSrc": "https://cdn0.woolworths.media/content/wowproductimages/medium/517081.jpg",
        "name": "Select Sandwich Bags  65pk",
        "price": 2,
        "unitPrice": "$0.03 / 1EA"
    },
    {
        "category": "household",
        "href": "https://www.woolworths.com.au/shop/productdetails/790671/sabco-handle-holder",
        "imgName": "790671.jpg",
        "imgSrc": "https://cdn0.woolworths.media/content/wowproductimages/medium/790671.jpg",
        "name": "Sabco Handle Holder each",
        "price": 10.59,
        "unitPrice": "$10.59 / 1EA"
    },
    {
        "category": "household",
        "href": "https://www.woolworths.com.au/shop/productdetails/829010/essentials-matte-tights-black-120d-tall",
        "imgName": "829010.jpg",
        "imgSrc": "https://cdn0.woolworths.media/content/wowproductimages/medium/829010.jpg",
        "name": "Essentials Matte Tights Black 120d Tall 1pk",
        "price": 9
    },
    {
        "category": "household",
        "href": "https://www.woolworths.com.au/shop/productdetails/43303/simon-micro-series",
        "imgName": "default.png",
        "imgSrc": "https://cdn0.woolworths.media/content/wowproductimages/large/default.png",
        "name": "Simon Micro Series  1ea",
        "price": 15
    },
    {
        "category": "household",
        "href": "https://www.woolworths.com.au/shop/productdetails/923994/wiltshire-stainless-steel-cooks-knife-20cm",
        "imgName": "923994.jpg",
        "imgSrc": "https://cdn0.woolworths.media/content/wowproductimages/medium/923994.jpg",
        "name": "Wiltshire Stainless Steel Cooks Knife 20cm each",
        "price": 20
    },
    {
        "category": "household",
        "href": "https://www.woolworths.com.au/shop/productdetails/505406/inspire-nut-cracker",
        "imgName": "505406.jpg",
        "imgSrc": "https://cdn0.woolworths.media/content/wowproductimages/medium/505406.jpg",
        "name": "Inspire Nut Cracker  ea",
        "price": 6
    },
    {
        "category": "household",
        "href": "https://www.woolworths.com.au/shop/productdetails/887183/logitech-headset-h151",
        "imgName": "887183.jpg",
        "imgSrc": "https://cdn0.woolworths.media/content/wowproductimages/medium/887183.jpg",
        "name": "Logitech Headset H151 each",
        "price": 30
    },
    {
        "category": "household",
        "href": "https://www.woolworths.com.au/shop/productdetails/586411/finish-quantum-ultimate-dishwashing-tablets-original",
        "imgName": "586411.jpg",
        "imgSrc": "https://cdn0.woolworths.media/content/wowproductimages/medium/586411.jpg",
        "name": "Finish Quantum Ultimate Dishwashing Tablets Original 16pk",
        "price": 15.5,
        "unitPrice": "$0.97 / 1EA"
    },
    {
        "category": "household",
        "href": "https://www.woolworths.com.au/shop/productdetails/493524/triumph-glue-pen-craft",
        "imgName": "493524.jpg",
        "imgSrc": "https://cdn0.woolworths.media/content/wowproductimages/medium/493524.jpg",
        "name": "Triumph Glue Pen Craft 1ea",
        "price": 5
    },
    {
        "category": "household",
        "href": "https://www.woolworths.com.au/shop/productdetails/442192/brita-f-g-vita-bottle-purple",
        "imgName": "442192.jpg",
        "imgSrc": "https://cdn0.woolworths.media/content/wowproductimages/medium/442192.jpg",
        "name": "Brita F&g Vita Bottle Purple 600ml each",
        "price": 21
    },
    {
        "category": "household",
        "href": "https://www.woolworths.com.au/shop/productdetails/30551/austrap-mouse-trap-plastic",
        "imgName": "030551.jpg",
        "imgSrc": "https://cdn0.woolworths.media/content/wowproductimages/medium/030551.jpg",
        "name": "Austrap Mouse Trap Plastic each",
        "price": 1.49,
        "unitPrice": "$1.49 / 1EA"
    },
    {
        "category": "household",
        "href": "https://www.woolworths.com.au/shop/productdetails/332168/sistema-klip-it-meat-keeper-plus",
        "imgName": "332168.jpg",
        "imgSrc": "https://cdn0.woolworths.media/content/wowproductimages/medium/332168.jpg",
        "name": "Sistema Klip It Meat Keeper Plus each",
        "price": 9.99
    },
    {
        "category": "household",
        "href": "https://www.woolworths.com.au/shop/productdetails/740491/philips-halogen-r7s-plusline-150w",
        "imgName": "740491.jpg",
        "imgSrc": "https://cdn0.woolworths.media/content/wowproductimages/medium/740491.jpg",
        "name": "Philips Halogen R7s Plusline 150w each",
        "price": 5.5,
        "unitPrice": "$5.50 / 1EA"
    },
    {
        "category": "household",
        "href": "https://www.woolworths.com.au/shop/productdetails/159489/habee-savers-needles-household-repair",
        "imgName": "159489.jpg",
        "imgSrc": "https://cdn0.woolworths.media/content/wowproductimages/medium/159489.jpg",
        "name": "Habee Savers Needles Household Repair each",
        "price": 2
    },
    {
        "category": "household",
        "href": "https://www.woolworths.com.au/shop/productdetails/432651/woolworths-snack-bowl-blue",
        "imgName": "432651.jpg",
        "imgSrc": "https://cdn0.woolworths.media/content/wowproductimages/medium/432651.jpg",
        "name": "Woolworths Snack Bowl Blue 4pk",
        "price": 3,
        "unitPrice": "$0.75 / 1EA"
    },
    {
        "category": "household",
        "href": "https://www.woolworths.com.au/shop/productdetails/777278/sistema-plasticware-triple-split-to-go",
        "imgName": "777278.jpg",
        "imgSrc": "https://cdn0.woolworths.media/content/wowproductimages/medium/777278.jpg",
        "name": "Sistema Plasticware Triple Split To Go each",
        "price": 11.99
    },
    {
        "category": "household",
        "href": "https://www.woolworths.com.au/shop/productdetails/962222/energizer-specialty-e96-aaaa",
        "imgName": "962222.jpg",
        "imgSrc": "https://cdn0.woolworths.media/content/wowproductimages/medium/962222.jpg",
        "name": "Energizer Specialty E96 Aaaa 2pk",
        "price": 8.99,
        "unitPrice": "$8.99 / 1EA"
    },
    {
        "category": "household",
        "href": "https://www.woolworths.com.au/shop/productdetails/303386/eveready-aa-rechargable-batteries",
        "imgName": "303386.jpg",
        "imgSrc": "https://cdn0.woolworths.media/content/wowproductimages/medium/303386.jpg",
        "name": "Eveready Aa Rechargable Batteries  4pk",
        "price": 16.99,
        "unitPrice": "$4.25 / 1EA"
    },
    {
        "category": "household",
        "href": "https://www.woolworths.com.au/shop/productdetails/455884/kambrook-stick-mixer-mix-and-store",
        "imgName": "455884.jpg",
        "imgSrc": "https://cdn0.woolworths.media/content/wowproductimages/medium/455884.jpg",
        "name": "Kambrook Stick Mixer Mix And Store each",
        "price": 49
    },
    {
        "category": "household",
        "href": "https://www.woolworths.com.au/shop/productdetails/432457/method-floor-cleaner-almond",
        "imgName": "432457.jpg",
        "imgSrc": "https://cdn0.woolworths.media/content/wowproductimages/medium/432457.jpg",
        "name": "Method Floor Cleaner Almond 739ml",
        "price": 6,
        "unitPrice": "$0.81 / 100ML"
    },
    {
        "category": "household",
        "href": "https://www.woolworths.com.au/shop/productdetails/926930/wiltshire-stainless-steel-milk-saucepan-14cm",
        "imgName": "926930.jpg",
        "imgSrc": "https://cdn0.woolworths.media/content/wowproductimages/medium/926930.jpg",
        "name": "Wiltshire Stainless Steel Milk Saucepan 14cm each",
        "price": 25
    },
    {
        "category": "household",
        "href": "https://www.woolworths.com.au/shop/productdetails/510479/wiltshire-graters-3-piece-set",
        "imgName": "510479.jpg",
        "imgSrc": "https://cdn0.woolworths.media/content/wowproductimages/medium/510479.jpg",
        "name": "Wiltshire Graters 3 Piece Set each",
        "price": 14
    },
    {
        "category": "household",
        "href": "https://www.woolworths.com.au/shop/productdetails/360161/sistema-plasticware-breakfast-to-go-530ml",
        "imgName": "360161.jpg",
        "imgSrc": "https://cdn0.woolworths.media/content/wowproductimages/medium/360161.jpg",
        "name": "Sistema Plasticware Breakfast To Go 530ml each",
        "price": 5.15
    },
    {
        "category": "household",
        "href": "https://www.woolworths.com.au/shop/productdetails/495553/reusable-food-storage-container-200ml",
        "imgName": "495553.jpg",
        "imgSrc": "https://cdn0.woolworths.media/content/wowproductimages/medium/495553.jpg",
        "name": "Reusable Food Storage Container 200ml 6pk",
        "price": 5,
        "unitPrice": "$5.00 / 1EA"
    },
    {
        "category": "household",
        "href": "https://www.woolworths.com.au/shop/productdetails/541605/acrosteel-stonehenge-wok-with-lid-30cm",
        "imgName": "541605.jpg",
        "imgSrc": "https://cdn0.woolworths.media/content/wowproductimages/medium/541605.jpg",
        "name": "Acrosteel Stonehenge Wok With Lid 30cm each",
        "price": 45
    },
    {
        "category": "household",
        "href": "https://www.woolworths.com.au/shop/productdetails/925795/jamie-oliver-basting-brush",
        "imgName": "925795.jpg",
        "imgSrc": "https://cdn0.woolworths.media/content/wowproductimages/medium/925795.jpg",
        "name": "Jamie Oliver Basting Brush  each",
        "price": 10
    },
    {
        "category": "household",
        "href": "https://www.woolworths.com.au/shop/productdetails/500100/scotts-lawn-builder-extreme-green",
        "imgName": "500100.jpg",
        "imgSrc": "https://cdn0.woolworths.media/content/wowproductimages/medium/500100.jpg",
        "name": "Scotts Lawn Builder Extreme Green 1l",
        "price": 18,
        "unitPrice": "$1.80 / 100ML"
    },
    {
        "category": "household",
        "href": "https://www.woolworths.com.au/shop/productdetails/251185/quilton-double-length-toilet-tissue-3-ply-prints-360-sheets",
        "imgName": "251185.jpg",
        "imgSrc": "https://cdn0.woolworths.media/content/wowproductimages/medium/251185.jpg",
        "name": "Quilton Double Length Toilet Tissue 3 Ply Prints 360 Sheets 8pk",
        "price": 9.5,
        "unitPrice": "$0.33 / 100SS"
    },
    {
        "category": "household",
        "href": "https://www.woolworths.com.au/shop/productdetails/70655/energizer-max-type-d-batteries",
        "imgName": "070655.jpg",
        "imgSrc": "https://cdn0.woolworths.media/content/wowproductimages/medium/070655.jpg",
        "name": "Energizer Max Type D Batteries  4pk",
        "price": 11.99,
        "unitPrice": "$3.00 / 1EA"
    },
    {
        "category": "household",
        "href": "https://www.woolworths.com.au/shop/productdetails/340278/sistema-klipo-cutlery-set-to-go",
        "imgName": "340278.jpg",
        "imgSrc": "https://cdn0.woolworths.media/content/wowproductimages/medium/340278.jpg",
        "name": "Sistema Klipo Cutlery Set To Go each",
        "price": 7.15
    },
    {
        "category": "household",
        "href": "https://www.woolworths.com.au/shop/productdetails/251162/habee-savers-safety-pins-assorted",
        "imgName": "251162.jpg",
        "imgSrc": "https://cdn0.woolworths.media/content/wowproductimages/medium/251162.jpg",
        "name": "Habee Savers Safety Pins Assorted 80pk",
        "price": 4
    },
    {
        "category": "household",
        "href": "https://www.woolworths.com.au/shop/productdetails/942432/zak-stainless-steel-bottle-spiderman",
        "imgName": "942432.jpg",
        "imgSrc": "https://cdn0.woolworths.media/content/wowproductimages/medium/942432.jpg",
        "name": "Zak Stainless Steel Bottle Spiderman 473ml",
        "price": 11
    },
    {
        "category": "household",
        "href": "https://www.woolworths.com.au/shop/productdetails/278467/sistema-klip-it-plasticware-round",
        "imgName": "278467.jpg",
        "imgSrc": "https://cdn0.woolworths.media/content/wowproductimages/medium/278467.jpg",
        "name": "Sistema Klip It Plasticware Round 640ml",
        "price": 4.99
    },
    {
        "category": "household",
        "href": "https://www.woolworths.com.au/shop/productdetails/90000462/pine-o-cleen-surface-wipes-lemonlime-120pk-x4-bundle",
        "imgName": "90000462.jpg",
        "imgSrc": "https://cdn0.woolworths.media/content/wowproductimages/medium/90000462.jpg",
        "name": "Pine O Cleen Surface Wipes Lemonlime 120pk X4 Bundle",
        "price": 30,
        "unitPrice": "$0.06 / 1EA"
    },
    {
        "category": "household",
        "href": "https://www.woolworths.com.au/shop/productdetails/790851/woolworths-bbq-accessory-skewers-bamboo-30cm",
        "imgName": "790851.jpg",
        "imgSrc": "https://cdn0.woolworths.media/content/wowproductimages/medium/790851.jpg",
        "name": "Woolworths Bbq Accessory Skewers Bamboo 30cm 25pk",
        "price": 4,
        "unitPrice": "$0.16 / 1EA"
    },
    {
        "category": "household",
        "href": "https://www.woolworths.com.au/shop/productdetails/6594/razzamatazz-body-magic-pantyhose-control-nearly-black-tall",
        "imgName": "006594.jpg",
        "imgSrc": "https://cdn0.woolworths.media/content/wowproductimages/medium/006594.jpg",
        "name": "Razzamatazz Body Magic Pantyhose Control Nearly Black Tall each",
        "price": 8
    },
    {
        "category": "household",
        "href": "https://www.woolworths.com.au/shop/productdetails/43716/kiwi-parade-gloss-black",
        "imgName": "043716.jpg",
        "imgSrc": "https://cdn0.woolworths.media/content/wowproductimages/medium/043716.jpg",
        "name": "Kiwi Parade Gloss Black 38g",
        "price": 4,
        "unitPrice": "$10.53 / 100G"
    },
    {
        "category": "household",
        "href": "https://www.woolworths.com.au/shop/productdetails/663727/toshiba-sd-card-32gb",
        "imgName": "663727.jpg",
        "imgSrc": "https://cdn0.woolworths.media/content/wowproductimages/medium/663727.jpg",
        "name": "Toshiba Sd Card 32gb  each",
        "price": 30
    },
    {
        "category": "household",
        "href": "https://www.woolworths.com.au/shop/productdetails/364986/essentials-knee-high-opaque-pattern-black-one-size",
        "imgName": "364986.jpg",
        "imgSrc": "https://cdn0.woolworths.media/content/wowproductimages/medium/364986.jpg",
        "name": "Essentials Knee High Opaque Pattern Black One Size 3pk",
        "price": 6
    },
    {
        "category": "household",
        "href": "https://www.woolworths.com.au/shop/productdetails/172716/staingo-stain-remover",
        "imgName": "172716.jpg",
        "imgSrc": "https://cdn0.woolworths.media/content/wowproductimages/medium/172716.jpg",
        "name": "Staingo Stain Remover  200ml",
        "price": 9,
        "unitPrice": "$45.00 / 1L"
    },
    {
        "category": "household",
        "href": "https://www.woolworths.com.au/shop/productdetails/57247/ozkleen-shower-power-shower-cleaner-squeeze-pack",
        "imgName": "057247.jpg",
        "imgSrc": "https://cdn0.woolworths.media/content/wowproductimages/medium/057247.jpg",
        "name": "Ozkleen Shower Power Shower Cleaner Squeeze Pack 750ml",
        "price": 6.8,
        "unitPrice": "$0.91 / 100ML"
    },
    {
        "category": "household",
        "href": "https://www.woolworths.com.au/shop/productdetails/428415/woolworths-sticky-men",
        "imgName": "428415.jpg",
        "imgSrc": "https://cdn0.woolworths.media/content/wowproductimages/medium/428415.jpg",
        "name": "Woolworths Sticky Men  each",
        "price": 4
    },
    {
        "category": "household",
        "href": "https://www.woolworths.com.au/shop/productdetails/229901/homebrand-adhesive-super-glue-twin-pack",
        "imgName": "229901.jpg",
        "imgSrc": "https://cdn0.woolworths.media/content/wowproductimages/medium/229901.jpg",
        "name": "Homebrand Adhesive Super Glue Twin Pack 6ml",
        "price": 2.49,
        "unitPrice": "$41.50 / 100ML"
    },
    {
        "category": "household",
        "href": "https://www.woolworths.com.au/shop/productdetails/517131/sparkler-number-5-gold-or-silver",
        "imgName": "517131.jpg",
        "imgSrc": "https://cdn0.woolworths.media/content/wowproductimages/medium/517131.jpg",
        "name": "Sparkler Number 5 Gold Or Silver each",
        "price": 1.5,
        "unitPrice": "$1.50 / 1EA"
    },
    {
        "category": "household",
        "href": "https://www.woolworths.com.au/shop/productdetails/788180/party-candle-metallics-number-5",
        "imgName": "788180.jpg",
        "imgSrc": "https://cdn0.woolworths.media/content/wowproductimages/medium/788180.jpg",
        "name": "Party Candle Metallics Number 5 each",
        "price": 1,
        "unitPrice": "$1.00 / 1EA"
    },
    {
        "category": "household",
        "href": "https://www.woolworths.com.au/shop/productdetails/545639/cold-power-regular-front-top-liquid",
        "imgName": "545639.jpg",
        "imgSrc": "https://cdn0.woolworths.media/content/wowproductimages/medium/545639.jpg",
        "name": "Cold Power Regular Front & Top Liquid 2l",
        "price": 16.5,
        "unitPrice": "$8.25 / 1L"
    },
    {
        "category": "household",
        "href": "https://www.woolworths.com.au/shop/productdetails/581331/dettol-surface-wipes",
        "imgName": "581331.jpg",
        "imgSrc": "https://cdn0.woolworths.media/content/wowproductimages/medium/581331.jpg",
        "name": "Dettol Surface Wipes  120pk",
        "price": 10,
        "unitPrice": "$0.08 / 1EA"
    },
    {
        "category": "household",
        "href": "https://www.woolworths.com.au/shop/productdetails/517092/sparkler-straight",
        "imgName": "517092.jpg",
        "imgSrc": "https://cdn0.woolworths.media/content/wowproductimages/medium/517092.jpg",
        "name": "Sparkler Straight  24cm 24pk",
        "price": 2,
        "unitPrice": "$0.08 / 1EA"
    },
    {
        "category": "household",
        "href": "https://www.woolworths.com.au/shop/productdetails/782846/woolworths-essentials-cookware-saucepan",
        "imgName": "782846.jpg",
        "imgSrc": "https://cdn0.woolworths.media/content/wowproductimages/medium/782846.jpg",
        "name": "Woolworths Essentials Cookware Saucepan 16cm each",
        "price": 19,
        "special": 13.3
    },
    {
        "category": "household",
        "href": "https://www.woolworths.com.au/shop/productdetails/213896/artline-permanent-marker-black",
        "imgName": "213896.jpg",
        "imgSrc": "https://cdn0.woolworths.media/content/wowproductimages/medium/213896.jpg",
        "name": "Artline Permanent Marker Black 90mm 2pk",
        "price": 7.5
    },
    {
        "category": "household",
        "href": "https://www.woolworths.com.au/shop/productdetails/383196/canon-printer-ink-pg510-black-fine",
        "imgName": "383196.jpg",
        "imgSrc": "https://cdn0.woolworths.media/content/wowproductimages/medium/383196.jpg",
        "name": "Canon Printer Ink Pg510 Black Fine each",
        "price": 38
    },
    {
        "category": "household",
        "href": "https://www.woolworths.com.au/shop/productdetails/336491/cuddly-concentrate-sunshine-fresh",
        "imgName": "336491.jpg",
        "imgSrc": "https://cdn0.woolworths.media/content/wowproductimages/medium/336491.jpg",
        "name": "Cuddly Concentrate Sunshine Fresh 1l",
        "price": 8.99,
        "unitPrice": "$8.99 / 1L"
    },
    {
        "category": "household",
        "href": "https://www.woolworths.com.au/shop/productdetails/634831/decor-match-ups-oblong-container-1l",
        "imgName": "634831.jpg",
        "imgSrc": "https://cdn0.woolworths.media/content/wowproductimages/medium/634831.jpg",
        "name": "Decor Match Ups Oblong Container 1l each",
        "price": 6
    },
    {
        "category": "household",
        "href": "https://www.woolworths.com.au/shop/productdetails/789748/party-costume-glow-sticks",
        "imgName": "789748.jpg",
        "imgSrc": "https://cdn0.woolworths.media/content/wowproductimages/medium/789748.jpg",
        "name": "Party Costume Glow Sticks 4pk",
        "price": 4,
        "unitPrice": "$1.00 / 1EA"
    },
    {
        "category": "household",
        "href": "https://www.woolworths.com.au/shop/productdetails/788727/raid-insect-spray-earth-options",
        "imgName": "788727.jpg",
        "imgSrc": "https://cdn0.woolworths.media/content/wowproductimages/medium/788727.jpg",
        "name": "Raid Insect Spray Earth Options 320g",
        "price": 6.99,
        "unitPrice": "$2.18 / 100G"
    },
    {
        "category": "household",
        "href": "https://www.woolworths.com.au/shop/productdetails/257831/diabetic-living",
        "imgName": "257831.jpg",
        "imgSrc": "https://cdn0.woolworths.media/content/wowproductimages/medium/257831.jpg",
        "name": "Diabetic Living",
        "price": 7.99
    },
    {
        "category": "household",
        "href": "https://www.woolworths.com.au/shop/productdetails/47591/safe-n-sure-mouse-trap",
        "imgName": "047591.jpg",
        "imgSrc": "https://cdn0.woolworths.media/content/wowproductimages/medium/047591.jpg",
        "name": "Safe N Sure Mouse Trap  2pk",
        "price": 3.89,
        "unitPrice": "$1.95 / 1EA"
    },
    {
        "category": "household",
        "href": "https://www.woolworths.com.au/shop/productdetails/773133/woolworths-select-wool-wash",
        "imgName": "773133.jpg",
        "imgSrc": "https://cdn0.woolworths.media/content/wowproductimages/medium/773133.jpg",
        "name": "Woolworths Select Wool Wash  1.25l",
        "price": 1.99,
        "unitPrice": "$1.59 / 1L"
    },
    {
        "category": "household",
        "href": "https://www.woolworths.com.au/shop/productdetails/643496/energizer-anti-shock-phone-case-2m-iphone-6-plus-7-plus-8-plus",
        "imgName": "643496.jpg",
        "imgSrc": "https://cdn0.woolworths.media/content/wowproductimages/medium/643496.jpg",
        "name": "Energizer Anti-shock Phone Case 2m Iphone 6 Plus /7 Plus /8 Plus each",
        "price": 25
    },
    {
        "category": "household",
        "href": "https://www.woolworths.com.au/shop/productdetails/75121/immerse-basin-plug-stainless-steel",
        "imgName": "075121.jpg",
        "imgSrc": "https://cdn0.woolworths.media/content/wowproductimages/medium/075121.jpg",
        "name": "Immerse Basin Plug Stainless Steel 50mm",
        "price": 5,
        "unitPrice": "$5.00 / 1EA"
    },
    {
        "category": "household",
        "href": "https://www.woolworths.com.au/shop/productdetails/758106/ambi-pur-plug-in-air-freshener-refill-linen-sky",
        "imgName": "758106.jpg",
        "imgSrc": "https://cdn0.woolworths.media/content/wowproductimages/medium/758106.jpg",
        "name": "Ambi Pur Plug In Air Freshener Refill Linen & Sky 20ml",
        "price": 7.34,
        "unitPrice": "$3.67 / 10ML"
    },
    {
        "category": "household",
        "href": "https://www.woolworths.com.au/shop/productdetails/507148/jamie-oliver-alforno-dish",
        "imgName": "507148.jpg",
        "imgSrc": "https://cdn0.woolworths.media/content/wowproductimages/medium/507148.jpg",
        "name": "Jamie Oliver Alforno Dish  each",
        "price": 19.95
    },
    {
        "category": "household",
        "href": "https://www.woolworths.com.au/shop/productdetails/31737/sunlight-laundry-soap",
        "imgName": "031737.jpg",
        "imgSrc": "https://cdn0.woolworths.media/content/wowproductimages/medium/031737.jpg",
        "name": "Sunlight Laundry Soap  500g",
        "price": 3.4,
        "unitPrice": "$6.80 / 1KG"
    },
    {
        "category": "household",
        "href": "https://www.woolworths.com.au/shop/productdetails/377681/ambi-pur-air-effects-comfort-aerosol-air-freshener-lavender-vanilla",
        "imgName": "377681.jpg",
        "imgSrc": "https://cdn0.woolworths.media/content/wowproductimages/medium/377681.jpg",
        "name": "Ambi Pur Air Effects Comfort Aerosol Air Freshener Lavender & Vanilla 275g",
        "price": 6,
        "unitPrice": "$0.22 / 10G"
    },
    {
        "category": "household",
        "href": "https://www.woolworths.com.au/shop/productdetails/226813/energizer-12v-batteries",
        "imgName": "226813.jpg",
        "imgSrc": "https://cdn0.woolworths.media/content/wowproductimages/medium/226813.jpg",
        "name": "Energizer 12v Batteries  2pk",
        "price": 5.69,
        "unitPrice": "$2.85 / 1EA"
    },
    {
        "category": "household",
        "href": "https://www.woolworths.com.au/shop/productdetails/373689/vileda-mop-extra-wide-refill",
        "imgName": "373689.jpg",
        "imgSrc": "https://cdn0.woolworths.media/content/wowproductimages/medium/373689.jpg",
        "name": "Vileda Mop Extra Wide Refill each",
        "price": 9.49,
        "unitPrice": "$9.49 / 1EA"
    },
    {
        "category": "household",
        "href": "https://www.woolworths.com.au/shop/productdetails/333111/post-it-mini-notes-4-cube-pack",
        "imgName": "333111.jpg",
        "imgSrc": "https://cdn0.woolworths.media/content/wowproductimages/medium/333111.jpg",
        "name": "Post-it\u00ae Mini Notes 4 Cube Pack 4 cube pack",
        "price": 5.5
    },
    {
        "category": "household",
        "href": "https://www.woolworths.com.au/shop/productdetails/599431/essentials-sauce-dish",
        "imgName": "599431.jpg",
        "imgSrc": "https://cdn0.woolworths.media/content/wowproductimages/medium/599431.jpg",
        "name": "Essentials Sauce Dish  1ea",
        "price": 1.5
    },
    {
        "category": "household",
        "href": "https://www.woolworths.com.au/shop/productdetails/725090/blitzem-insect-control-wasp-nest-destroyer",
        "imgName": "725090.jpg",
        "imgSrc": "https://cdn0.woolworths.media/content/wowproductimages/medium/725090.jpg",
        "name": "Blitzem Insect Control Wasp Nest Destroyer 350g",
        "price": 15,
        "unitPrice": "$4.29 / 100G"
    },
    {
        "category": "household",
        "href": "https://www.woolworths.com.au/shop/productdetails/455885/kambrook-kettle-stainless-steel",
        "imgName": "455885.jpg",
        "imgSrc": "https://cdn0.woolworths.media/content/wowproductimages/medium/455885.jpg",
        "name": "Kambrook Kettle Stainless Steel 1.8l each",
        "price": 49
    },
    {
        "category": "household",
        "href": "https://www.woolworths.com.au/shop/productdetails/751508/woolworths-essentials-filing-document-holder",
        "imgName": "751508.jpg",
        "imgSrc": "https://cdn0.woolworths.media/content/wowproductimages/medium/751508.jpg",
        "name": "Woolworths Essentials Filing Document Holder each",
        "price": 2
    },
    {
        "category": "household",
        "href": "https://www.woolworths.com.au/shop/productdetails/634038/inspire-bamboo-tea-towel",
        "imgName": "634038.jpg",
        "imgSrc": "https://cdn0.woolworths.media/content/wowproductimages/medium/634038.jpg",
        "name": "Inspire Bamboo Tea Towel 2pk",
        "price": 8
    },
    {
        "category": "household",
        "href": "https://www.woolworths.com.au/shop/productdetails/58478/glad-kitchen-tidy-bags-wavetop-large",
        "imgName": "058478.jpg",
        "imgSrc": "https://cdn0.woolworths.media/content/wowproductimages/medium/058478.jpg",
        "name": "Glad Kitchen Tidy Bags Wavetop Large 30pk",
        "price": 3.8,
        "unitPrice": "$0.13 / 1EA"
    },
    {
        "category": "household",
        "href": "https://www.woolworths.com.au/shop/productdetails/32443/razzamatazz-knee-hi-black",
        "imgName": "032443.jpg",
        "imgSrc": "https://cdn0.woolworths.media/content/wowproductimages/medium/032443.jpg",
        "name": "Razzamatazz Knee Hi Black one size 2pk",
        "price": 4
    },
    {
        "category": "household",
        "href": "https://www.woolworths.com.au/shop/productdetails/897826/woolworths-reusable-shopping-bag",
        "imgName": "897826.jpg",
        "imgSrc": "https://cdn0.woolworths.media/content/wowproductimages/medium/897826.jpg",
        "name": "Woolworths Reusable Shopping Bag  each",
        "price": 0.15
    },
    {
        "category": "household",
        "href": "https://www.woolworths.com.au/shop/productdetails/356718/woolworths-essentials-socks-mens-sport-anklet-black-6-10",
        "imgName": "356718.jpg",
        "imgSrc": "https://cdn0.woolworths.media/content/wowproductimages/medium/356718.jpg",
        "name": "Woolworths Essentials Socks Mens Sport Anklet Black 6-10 3pk",
        "price": 10,
        "unitPrice": "$3.33 / 1EA"
    },
    {
        "category": "household",
        "href": "https://www.woolworths.com.au/shop/productdetails/251849/damp-rid-moisture-absorber-refill",
        "imgName": "251849.jpg",
        "imgSrc": "https://cdn0.woolworths.media/content/wowproductimages/medium/251849.jpg",
        "name": "Damp Rid Moisture Absorber Refill 1.19kg",
        "price": 8.59,
        "unitPrice": "$0.72 / 100G"
    },
    {
        "category": "household",
        "href": "https://www.woolworths.com.au/shop/productdetails/90000480/quilton-tuffy-white-paper-towels-4ply-x3-bundle",
        "imgName": "90000480.jpg",
        "imgSrc": "https://cdn0.woolworths.media/content/wowproductimages/medium/90000480.jpg",
        "name": "Quilton Tuffy White Paper Towels 4ply X3 Bundle",
        "price": 10,
        "unitPrice": "$1.85 / 100SS"
    },
    {
        "category": "household",
        "href": "https://www.woolworths.com.au/shop/productdetails/90000848/omo-active-2l-comfort-frangipani-750ml-bundle",
        "imgName": "90000848.jpg",
        "imgSrc": "https://cdn0.woolworths.media/content/wowproductimages/medium/90000848.jpg",
        "name": "Omo Active 2l & Comfort Frangipani 750ml Bundle",
        "price": 22
    },
    {
        "category": "household",
        "href": "https://www.woolworths.com.au/shop/productdetails/90000846/omo-active-2l-comfort-sunshiny-day-800ml-bundle",
        "imgName": "90000846.jpg",
        "imgSrc": "https://cdn0.woolworths.media/content/wowproductimages/medium/90000846.jpg",
        "name": "Omo Active 2l & Comfort Sunshiny Day 800ml Bundle",
        "price": 22
    },
    {
        "category": "household",
        "href": "https://www.woolworths.com.au/shop/productdetails/795312/energizer-advanced-9v-batteries",
        "imgName": "795312.jpg",
        "imgSrc": "https://cdn0.woolworths.media/content/wowproductimages/medium/795312.jpg",
        "name": "Energizer Advanced 9v Batteries  2pk",
        "price": 13.99,
        "unitPrice": "$7.00 / 1EA"
    },
    {
        "category": "household",
        "href": "https://www.woolworths.com.au/shop/productdetails/948537/zak-sandwich-container-spiderman",
        "imgName": "948537.jpg",
        "imgSrc": "https://cdn0.woolworths.media/content/wowproductimages/medium/948537.jpg",
        "name": "Zak Sandwich Container Spiderman each",
        "price": 5
    },
    {
        "category": "household",
        "href": "https://www.woolworths.com.au/shop/productdetails/642966/energizer-classic-screen-protector-iphone-5s-se",
        "imgName": "642966.jpg",
        "imgSrc": "https://cdn0.woolworths.media/content/wowproductimages/medium/642966.jpg",
        "name": "Energizer Classic Screen Protector Iphone 5s /se each",
        "price": 15
    },
    {
        "category": "household",
        "href": "https://www.woolworths.com.au/shop/productdetails/322135/eveready-dolphin-6v-lantern-batteries",
        "imgName": "322135.jpg",
        "imgSrc": "https://cdn0.woolworths.media/content/wowproductimages/medium/322135.jpg",
        "name": "Eveready Dolphin 6v Lantern Batteries  each",
        "price": 10.99
    },
    {
        "category": "household",
        "href": "https://www.woolworths.com.au/shop/productdetails/729886/kids-rain-weather-protection-poncho",
        "imgName": "729886.jpg",
        "imgSrc": "https://cdn0.woolworths.media/content/wowproductimages/medium/729886.jpg",
        "name": "Kids Rain Weather Protection Poncho each",
        "price": 2.95
    },
    {
        "category": "household",
        "href": "https://www.woolworths.com.au/shop/productdetails/511662/wiltshire-laser-20cm-carving-knife",
        "imgName": "511662.jpg",
        "imgSrc": "https://cdn0.woolworths.media/content/wowproductimages/medium/511662.jpg",
        "name": "Wiltshire Laser 20cm Carving Knife each",
        "price": 10
    },
    {
        "category": "household",
        "href": "https://www.woolworths.com.au/shop/productdetails/31992/handy-andy-original-fresh-scent",
        "imgName": "031992.jpg",
        "imgSrc": "https://cdn0.woolworths.media/content/wowproductimages/medium/031992.jpg",
        "name": "Handy Andy Original Fresh Scent  750ml",
        "price": 3.99,
        "unitPrice": "$0.53 / 100ML"
    },
    {
        "category": "household",
        "href": "https://www.woolworths.com.au/shop/productdetails/48129/harper-s-bazaar",
        "imgName": "048129.jpg",
        "imgSrc": "https://cdn0.woolworths.media/content/wowproductimages/medium/048129.jpg",
        "name": "Harper's Bazaar",
        "price": 8.99
    },
    {
        "category": "household",
        "href": "https://www.woolworths.com.au/shop/productdetails/740451/philips-reflector-r50-globe-40w-ses-base",
        "imgName": "740451.jpg",
        "imgSrc": "https://cdn0.woolworths.media/content/wowproductimages/medium/740451.jpg",
        "name": "Philips Reflector R50 Globe 40w Ses Base each",
        "price": 4.4,
        "unitPrice": "$4.40 / 1EA"
    },
    {
        "category": "household",
        "href": "https://www.woolworths.com.au/shop/productdetails/700593/comfort-fabric-conditioner-rosy-blush",
        "imgName": "700593.jpg",
        "imgSrc": "https://cdn0.woolworths.media/content/wowproductimages/medium/700593.jpg",
        "name": "Comfort Fabric Conditioner Rosy Blush 800ml",
        "price": 6.99,
        "unitPrice": "$8.74 / 1L"
    },
    {
        "category": "household",
        "href": "https://www.woolworths.com.au/shop/productdetails/381845/hp-printer-ink-75-tri-colour-inkprint",
        "imgName": "381845.jpg",
        "imgSrc": "https://cdn0.woolworths.media/content/wowproductimages/medium/381845.jpg",
        "name": "Hp Printer Ink 75 Tri-colour Inkprint each",
        "price": 45
    },
    {
        "category": "household",
        "href": "https://www.woolworths.com.au/shop/productdetails/545756/cold-power-regular-front-top-liquid-capsules",
        "imgName": "545756.jpg",
        "imgSrc": "https://cdn0.woolworths.media/content/wowproductimages/medium/545756.jpg",
        "name": "Cold Power Regular Front & Top Liquid Capsules 30pk",
        "price": 18,
        "unitPrice": "$0.60 / 1EA"
    },
    {
        "category": "household",
        "href": "https://www.woolworths.com.au/shop/productdetails/786635/jamie-oliver-terracotta-bowls-set",
        "imgName": "786635.jpg",
        "imgSrc": "https://cdn0.woolworths.media/content/wowproductimages/medium/786635.jpg",
        "name": "Jamie Oliver Terracotta Bowls Set 3 piece",
        "price": 20
    },
    {
        "category": "household",
        "href": "https://www.woolworths.com.au/shop/productdetails/363830/energizer-lithium-ultimate-9v-batteries",
        "imgName": "363830.jpg",
        "imgSrc": "https://cdn0.woolworths.media/content/wowproductimages/medium/363830.jpg",
        "name": "Energizer Lithium Ultimate 9v Batteries  each",
        "price": 16,
        "unitPrice": "$16.00 / 1EA"
    },
    {
        "category": "household",
        "href": "https://www.woolworths.com.au/shop/productdetails/598718/omo-laundry-dual-capsules",
        "imgName": "598718.jpg",
        "imgSrc": "https://cdn0.woolworths.media/content/wowproductimages/medium/598718.jpg",
        "name": "Omo Laundry Dual Capsules 16pk",
        "price": 12.49,
        "unitPrice": "$0.78 / 1EA"
    },
    {
        "category": "household",
        "href": "https://www.woolworths.com.au/shop/productdetails/251846/damp-rid-moisture-absorber-refillable",
        "imgName": "251846.jpg",
        "imgSrc": "https://cdn0.woolworths.media/content/wowproductimages/medium/251846.jpg",
        "name": "Damp Rid Moisture Absorber Refillable 300g",
        "price": 7.09,
        "unitPrice": "$2.36 / 100G"
    },
    {
        "category": "household",
        "href": "https://www.woolworths.com.au/shop/productdetails/492687/windex-electronics-wipes-screen-cleaner",
        "imgName": "492687.jpg",
        "imgSrc": "https://cdn0.woolworths.media/content/wowproductimages/medium/492687.jpg",
        "name": "Windex Electronics Wipes Screen Cleaner 25pk",
        "price": 7.5,
        "unitPrice": "$0.30 / 1EA"
    },
    {
        "category": "household",
        "href": "https://www.woolworths.com.au/shop/productdetails/517115/sparkler-straight",
        "imgName": "517115.jpg",
        "imgSrc": "https://cdn0.woolworths.media/content/wowproductimages/medium/517115.jpg",
        "name": "Sparkler Straight  40cm 8pk",
        "price": 3,
        "unitPrice": "$0.38 / 1EA"
    },
    {
        "category": "household",
        "href": "https://www.woolworths.com.au/shop/productdetails/663921/toshiba-sm02-16gb-usb-2pk",
        "imgName": "663921.jpg",
        "imgSrc": "https://cdn0.woolworths.media/content/wowproductimages/medium/663921.jpg",
        "name": "Toshiba Sm02 16gb Usb 2pk  2pk",
        "price": 26
    },
    {
        "category": "household",
        "href": "https://www.woolworths.com.au/shop/productdetails/210245/dishmatic-micro-soft-refills",
        "imgName": "210245.jpg",
        "imgSrc": "https://cdn0.woolworths.media/content/wowproductimages/medium/210245.jpg",
        "name": "Dishmatic Micro- Soft Refills 3pk",
        "price": 5.99,
        "unitPrice": "$2.00 / 1EA"
    },
    {
        "category": "household",
        "href": "https://www.woolworths.com.au/shop/productdetails/250380/triumph-scissors-titanium-coated-230mm",
        "imgName": "250380.jpg",
        "imgSrc": "https://cdn0.woolworths.media/content/wowproductimages/medium/250380.jpg",
        "name": "Triumph Scissors Titanium Coated 230mm each",
        "price": 13
    },
    {
        "category": "household",
        "href": "https://www.woolworths.com.au/shop/productdetails/701053/off-skintastic-insect-repellent-tropical-spray",
        "imgName": "701053.jpg",
        "imgSrc": "https://cdn0.woolworths.media/content/wowproductimages/medium/701053.jpg",
        "name": "Off Skintastic Insect Repellent Tropical Spray 150g",
        "price": 7.3,
        "unitPrice": "$4.87 / 100G"
    },
    {
        "category": "household",
        "href": "https://www.woolworths.com.au/shop/productdetails/770468/scotch-brite-stay-clean-no-scratch-scrub-sponge",
        "imgName": "770468.jpg",
        "imgSrc": "https://cdn0.woolworths.media/content/wowproductimages/medium/770468.jpg",
        "name": "Scotch-brite Stay Clean No Scratch Scrub Sponge 2pk",
        "price": 3.99,
        "unitPrice": "$2.00 / 1EA"
    },
    {
        "category": "household",
        "href": "https://www.woolworths.com.au/shop/productdetails/716230/footcare-by-maseur-advanced-memory-foam-insole",
        "imgName": "716230.jpg",
        "imgSrc": "https://cdn0.woolworths.media/content/wowproductimages/medium/716230.jpg",
        "name": "Footcare By Maseur Advanced Memory Foam Insole 1pair",
        "price": 19.49
    },
    {
        "category": "household",
        "href": "https://www.woolworths.com.au/shop/productdetails/158029/willow-waste-bin-flip-top-tidy-large",
        "imgName": "158029.jpg",
        "imgSrc": "https://cdn0.woolworths.media/content/wowproductimages/medium/158029.jpg",
        "name": "Willow Waste Bin Flip Top Tidy Large each",
        "price": 12,
        "unitPrice": "$12.00 / 1EA"
    },
    {
        "category": "household",
        "href": "https://www.woolworths.com.au/shop/productdetails/251994/decor-lunch-break-dressing-tubs",
        "imgName": "251994.jpg",
        "imgSrc": "https://cdn0.woolworths.media/content/wowproductimages/medium/251994.jpg",
        "name": "Decor Lunch Break Dressing Tubs 35ml 6pk",
        "price": 4.49
    },
    {
        "category": "household",
        "href": "https://www.woolworths.com.au/shop/productdetails/313979/philips-eco-halogen-globe-frosted-42w-bc-base",
        "imgName": "313979.jpg",
        "imgSrc": "https://cdn0.woolworths.media/content/wowproductimages/medium/313979.jpg",
        "name": "Philips Eco Halogen Globe Frosted 42w Bc Base each",
        "price": 3.3
    },
    {
        "category": "household",
        "href": "https://www.woolworths.com.au/shop/productdetails/643084/energizer-ultimate-type-c-1-2m-cable-black",
        "imgName": "643084.jpg",
        "imgSrc": "https://cdn0.woolworths.media/content/wowproductimages/medium/643084.jpg",
        "name": "Energizer Ultimate Type C 1.2m Cable - Black each",
        "price": 25
    },
    {
        "category": "household",
        "href": "https://www.woolworths.com.au/shop/productdetails/728928/woolworths-select-candle-vanilla",
        "imgName": "728928.jpg",
        "imgSrc": "https://cdn0.woolworths.media/content/wowproductimages/medium/728928.jpg",
        "name": "Woolworths Select Candle Vanilla each",
        "price": 4,
        "unitPrice": "$4.00 / 1EA"
    },
    {
        "category": "household",
        "href": "https://www.woolworths.com.au/shop/productdetails/796588/decor-lunch-break-lunchbox",
        "imgName": "796588.jpg",
        "imgSrc": "https://cdn0.woolworths.media/content/wowproductimages/medium/796588.jpg",
        "name": "Decor Lunch Break Lunchbox  1l",
        "price": 6.99
    },
    {
        "category": "household",
        "href": "https://www.woolworths.com.au/shop/productdetails/254715/kodak-photo-paper-gloss-4x6",
        "imgName": "254715.jpg",
        "imgSrc": "https://cdn0.woolworths.media/content/wowproductimages/medium/254715.jpg",
        "name": "Kodak Photo Paper Gloss 4x6 60pk",
        "price": 11
    },
    {
        "category": "household",
        "href": "https://www.woolworths.com.au/shop/productdetails/309388/decor-bright-healthy-lunch-break-snack-dip-tubs",
        "imgName": "309388.jpg",
        "imgSrc": "https://cdn0.woolworths.media/content/wowproductimages/medium/309388.jpg",
        "name": "Decor Bright & Healthy Lunch Break Snack & Dip Tubs 75ml 6pk",
        "price": 5.99
    },
    {
        "category": "household",
        "href": "https://www.woolworths.com.au/shop/productdetails/970069/energizer-led-3-in-1-light-fusion-directional-light",
        "imgName": "970069.jpg",
        "imgSrc": "https://cdn0.woolworths.media/content/wowproductimages/medium/970069.jpg",
        "name": "Energizer Led 3 In 1 Light Fusion Directional Light each",
        "price": 34.99,
        "unitPrice": "$34.99 / 1EA"
    },
    {
        "category": "household",
        "href": "https://www.woolworths.com.au/shop/productdetails/635327/decor-zen-bottle-with-straw-glass-silicone-590ml",
        "imgName": "635327.jpg",
        "imgSrc": "https://cdn0.woolworths.media/content/wowproductimages/medium/635327.jpg",
        "name": "Decor Zen Bottle With Straw Glass Silicone 590ml each",
        "price": 19.99
    },
    {
        "category": "household",
        "href": "https://www.woolworths.com.au/shop/productdetails/842218/scholl-gelactiv-insoles-men-s-work",
        "imgName": "842218.jpg",
        "imgSrc": "https://cdn0.woolworths.media/content/wowproductimages/medium/842218.jpg",
        "name": "Scholl Gelactiv Insoles Men's Work 1 pair",
        "price": 27.97
    },
    {
        "category": "household",
        "href": "https://www.woolworths.com.au/shop/productdetails/847933/epson-printer-ink-220-std-capacity-cyan",
        "imgName": "847933.jpg",
        "imgSrc": "https://cdn0.woolworths.media/content/wowproductimages/medium/847933.jpg",
        "name": "Epson Printer Ink 220 Std Capacity Cyan each",
        "price": 16
    },
    {
        "category": "household",
        "href": "https://www.woolworths.com.au/shop/productdetails/220731/woolworths-essentials-colouring-pencils",
        "imgName": "220731.jpg",
        "imgSrc": "https://cdn0.woolworths.media/content/wowproductimages/medium/220731.jpg",
        "name": "Woolworths Essentials Colouring Pencils  36pk",
        "price": 4
    },
    {
        "category": "household",
        "href": "https://www.woolworths.com.au/shop/productdetails/500871/sistema-klip-it-tritan-canister-square",
        "imgName": "500871.jpg",
        "imgSrc": "https://cdn0.woolworths.media/content/wowproductimages/medium/500871.jpg",
        "name": "Sistema Klip It Tritan Canister Square 700ml each",
        "price": 8
    },
    {
        "category": "household",
        "href": "https://www.woolworths.com.au/shop/productdetails/706222/air-wick-manual-spray-air-freshener-frangipani-mango",
        "imgName": "706222.jpg",
        "imgSrc": "https://cdn0.woolworths.media/content/wowproductimages/medium/706222.jpg",
        "name": "Air Wick Manual Spray Air Freshener Frangipani Mango 237g",
        "price": 2.49,
        "unitPrice": "$0.11 / 10G"
    },
    {
        "category": "household",
        "href": "https://www.woolworths.com.au/shop/productdetails/571544/comfort-aroma-fabric-softener-amber-rose",
        "imgName": "571544.jpg",
        "imgSrc": "https://cdn0.woolworths.media/content/wowproductimages/medium/571544.jpg",
        "name": "Comfort Aroma Fabric Softener Amber & Rose 750ml",
        "price": 6.99,
        "unitPrice": "$9.32 / 1L"
    },
    {
        "category": "household",
        "href": "https://www.woolworths.com.au/shop/productdetails/900112/combat-roach-killing-bait-strips",
        "imgName": "900112.jpg",
        "imgSrc": "https://cdn0.woolworths.media/content/wowproductimages/medium/900112.jpg",
        "name": "Combat Roach Killing Bait Strips  20g",
        "price": 12,
        "unitPrice": "$60.00 / 100G"
    },
    {
        "category": "household",
        "href": "https://www.woolworths.com.au/shop/productdetails/788983/party-entertaining-frill-picks",
        "imgName": "788983.jpg",
        "imgSrc": "https://cdn0.woolworths.media/content/wowproductimages/medium/788983.jpg",
        "name": "Party Entertaining Frill Picks 100pk",
        "price": 3,
        "unitPrice": "$0.03 / 1EA"
    },
    {
        "category": "household",
        "href": "https://www.woolworths.com.au/shop/productdetails/16010/woolworths-essentials-measurement-ruler-plastic-30cm",
        "imgName": "016010.jpg",
        "imgSrc": "https://cdn0.woolworths.media/content/wowproductimages/medium/016010.jpg",
        "name": "Woolworths Essentials Measurement Ruler Plastic 30cm each",
        "price": 1
    },
    {
        "category": "household",
        "href": "https://www.woolworths.com.au/shop/productdetails/420722/scotch-transparent-duct-tape",
        "imgName": "420722.jpg",
        "imgSrc": "https://cdn0.woolworths.media/content/wowproductimages/medium/420722.jpg",
        "name": "Scotch Transparent Duct Tape  each",
        "price": 6,
        "unitPrice": "$6.00 / 1EA"
    },
    {
        "category": "household",
        "href": "https://www.woolworths.com.au/shop/productdetails/90000449/dettol-floor-cleaning-refills-15pk-x5-bundle",
        "imgName": "90000449.jpg",
        "imgSrc": "https://cdn0.woolworths.media/content/wowproductimages/medium/90000449.jpg",
        "name": "Dettol Floor Cleaning Refills 15pk X5 Bundle",
        "price": 20,
        "unitPrice": "$0.27 / 1EA"
    },
    {
        "category": "household",
        "href": "https://www.woolworths.com.au/shop/productdetails/90000847/omo-active-2l-comfort-amber-rose-750ml-bundle",
        "imgName": "90000847.jpg",
        "imgSrc": "https://cdn0.woolworths.media/content/wowproductimages/medium/90000847.jpg",
        "name": "Omo Active 2l & Comfort Amber Rose 750ml Bundle",
        "price": 22
    },
    {
        "category": "household",
        "href": "https://www.woolworths.com.au/shop/productdetails/90000492/ambi-pur-rocky-springs-air-freshener-with-car-freshener-bundle",
        "imgName": "90000492.jpg",
        "imgSrc": "https://cdn0.woolworths.media/content/wowproductimages/medium/90000492.jpg",
        "name": "Ambi Pur Rocky Springs Air Freshener With Car Freshener Bundle",
        "price": 12
    },
    {
        "category": "household",
        "href": "https://www.woolworths.com.au/shop/productdetails/209562/korjo-journey-europe-adaptor",
        "imgName": "209562.jpg",
        "imgSrc": "https://cdn0.woolworths.media/content/wowproductimages/medium/209562.jpg",
        "name": "Korjo Journey Europe Adaptor  each",
        "price": 10.5
    },
    {
        "category": "household",
        "href": "https://www.woolworths.com.au/shop/productdetails/44727/glen-20-disinfectant-spray-crisp-linen",
        "imgName": "044727.jpg",
        "imgSrc": "https://cdn0.woolworths.media/content/wowproductimages/medium/044727.jpg",
        "name": "Glen 20 Disinfectant Spray Crisp Linen 175g",
        "price": 4.49,
        "unitPrice": "$0.26 / 10G"
    },
    {
        "category": "household",
        "href": "https://www.woolworths.com.au/shop/productdetails/172555/purity-fabric-softener-sensitive",
        "imgName": "172555.jpg",
        "imgSrc": "https://cdn0.woolworths.media/content/wowproductimages/medium/172555.jpg",
        "name": "Purity Fabric Softener Sensitive 1.25l",
        "price": 3.99,
        "unitPrice": "$3.19 / 1L"
    },
    {
        "category": "household",
        "href": "https://www.woolworths.com.au/shop/productdetails/447872/pokemon-trading-cards",
        "imgName": "447872.jpg",
        "imgSrc": "https://cdn0.woolworths.media/content/wowproductimages/medium/447872.jpg",
        "name": "Pokemon Trading Cards  1ea",
        "price": 6
    },
    {
        "category": "household",
        "href": "https://www.woolworths.com.au/shop/productdetails/777603/hollywood-fashion-tape",
        "imgName": "777603.jpg",
        "imgSrc": "https://cdn0.woolworths.media/content/wowproductimages/medium/777603.jpg",
        "name": "Hollywood Fashion Tape  each",
        "price": 19.95,
        "unitPrice": "$19.95 / 1EA"
    },
    {
        "category": "household",
        "href": "https://www.woolworths.com.au/shop/productdetails/970032/energizer-vision-hd-plus-headlight",
        "imgName": "970032.jpg",
        "imgSrc": "https://cdn0.woolworths.media/content/wowproductimages/medium/970032.jpg",
        "name": "Energizer Vision Hd Plus Headlight  each",
        "price": 34.99,
        "unitPrice": "$34.99 / 1EA"
    },
    {
        "category": "household",
        "href": "https://www.woolworths.com.au/shop/productdetails/725386/woolworths-essentials-envelopes-c5",
        "imgName": "725386.jpg",
        "imgSrc": "https://cdn0.woolworths.media/content/wowproductimages/medium/725386.jpg",
        "name": "Woolworths Essentials Envelopes C5 25pk",
        "price": 4
    },
    {
        "category": "household",
        "href": "https://www.woolworths.com.au/shop/productdetails/43467/sistema-clear-storage-810ml",
        "imgName": "043467.jpg",
        "imgSrc": "https://cdn0.woolworths.media/content/wowproductimages/medium/043467.jpg",
        "name": "Sistema Clear Storage 810ml each",
        "price": 4
    },
    {
        "category": "household",
        "href": "https://www.woolworths.com.au/shop/productdetails/790962/ajax-professional-bathroom-cleaner-mould-remover-trigger",
        "imgName": "790962.jpg",
        "imgSrc": "https://cdn0.woolworths.media/content/wowproductimages/medium/790962.jpg",
        "name": "Ajax Professional Bathroom Cleaner Mould Remover Trigger 500ml",
        "price": 5.8,
        "unitPrice": "$1.16 / 100ML"
    },
    {
        "category": "household",
        "href": "https://www.woolworths.com.au/shop/productdetails/731142/microfibre-bath-mat-lagoon-48x78cm",
        "imgName": "731142.jpg",
        "imgSrc": "https://cdn0.woolworths.media/content/wowproductimages/medium/731142.jpg",
        "name": "Microfibre Bath Mat Lagoon 48x78cm each",
        "price": 20
    },
    {
        "category": "household",
        "href": "https://www.woolworths.com.au/shop/productdetails/829917/inspire-vacuum-bag",
        "imgName": "829917.jpg",
        "imgSrc": "https://cdn0.woolworths.media/content/wowproductimages/medium/829917.jpg",
        "name": "Inspire Vacuum Bag  2pk",
        "price": 15
    },
    {
        "category": "household",
        "href": "https://www.woolworths.com.au/shop/productdetails/830404/inspire-collapsible-box-with-lid",
        "imgName": "830404.jpg",
        "imgSrc": "https://cdn0.woolworths.media/content/wowproductimages/medium/830404.jpg",
        "name": "Inspire Collapsible Box With Lid each",
        "price": 15,
        "unitPrice": "$15.00 / 1EA"
    },
    {
        "category": "household",
        "href": "https://www.woolworths.com.au/shop/productdetails/814536/propert-digital-kitchen-scale-3kg-round-glass-top",
        "imgName": "814536.jpg",
        "imgSrc": "https://cdn0.woolworths.media/content/wowproductimages/medium/814536.jpg",
        "name": "Propert Digital Kitchen Scale 3kg Round Glass Top each",
        "price": 19.99
    },
    {
        "category": "household",
        "href": "https://www.woolworths.com.au/shop/productdetails/712508/oakwood-leather-polish-conditioner-wipes",
        "imgName": "712508.jpg",
        "imgSrc": "https://cdn0.woolworths.media/content/wowproductimages/medium/712508.jpg",
        "name": "Oakwood Leather Polish Conditioner Wipes 20pk",
        "price": 5.35,
        "unitPrice": "$0.27 / 1EA"
    },
    {
        "category": "household",
        "href": "https://www.woolworths.com.au/shop/productdetails/381828/hp-printer-ink-21-inkjet-black",
        "imgName": "381828.jpg",
        "imgSrc": "https://cdn0.woolworths.media/content/wowproductimages/medium/381828.jpg",
        "name": "Hp Printer Ink 21 Inkjet Black each",
        "price": 34.3
    },
    {
        "category": "household",
        "href": "https://www.woolworths.com.au/shop/productdetails/428416/woolworths-bouncy-ball",
        "imgName": "428416.jpg",
        "imgSrc": "https://cdn0.woolworths.media/content/wowproductimages/medium/428416.jpg",
        "name": "Woolworths Bouncy Ball  each",
        "price": 4
    },
    {
        "category": "household",
        "href": "https://www.woolworths.com.au/shop/productdetails/433278/soften-fabric-softener-concentrate-ocean-fresh",
        "imgName": "433278.jpg",
        "imgSrc": "https://cdn0.woolworths.media/content/wowproductimages/medium/433278.jpg",
        "name": "Soften Fabric Softener Concentrate Ocean Fresh 250ml",
        "price": 1.19,
        "unitPrice": "$0.48 / 100ML"
    },
    {
        "category": "household",
        "href": "https://www.woolworths.com.au/shop/productdetails/420495/philips-led-10-5w-1055-lumen-warm-bc",
        "imgName": "420495.jpg",
        "imgSrc": "https://cdn0.woolworths.media/content/wowproductimages/medium/420495.jpg",
        "name": "Philips Led 10.5w 1055 Lumen Warm Bc 1ea",
        "price": 13
    },
    {
        "category": "household",
        "href": "https://www.woolworths.com.au/shop/productdetails/428232/woolworths-balloons-round-white",
        "imgName": "428232.jpg",
        "imgSrc": "https://cdn0.woolworths.media/content/wowproductimages/medium/428232.jpg",
        "name": "Woolworths Balloons Round White 30cm each",
        "price": 2
    },
    {
        "category": "household",
        "href": "https://www.woolworths.com.au/shop/productdetails/39309/kevron-accessories-key-tags",
        "imgName": "039309.jpg",
        "imgSrc": "https://cdn0.woolworths.media/content/wowproductimages/medium/039309.jpg",
        "name": "Kevron Accessories Key Tags 4pk",
        "price": 3
    },
    {
        "category": "household",
        "href": "https://www.woolworths.com.au/shop/productdetails/158287/habee-savers-fabric-care-comb-with-metal-edge",
        "imgName": "158287.jpg",
        "imgSrc": "https://cdn0.woolworths.media/content/wowproductimages/medium/158287.jpg",
        "name": "Habee Savers Fabric Care Comb With Metal Edge 1pk",
        "price": 3.5
    },
    {
        "category": "household",
        "href": "https://www.woolworths.com.au/shop/productdetails/38155/multix-freezer-bags-small-tear-off",
        "imgName": "038155.jpg",
        "imgSrc": "https://cdn0.woolworths.media/content/wowproductimages/medium/038155.jpg",
        "name": "Multix Freezer Bags Small Tear Off 120pk",
        "price": 2.39,
        "unitPrice": "$0.02 / 1EA"
    },
    {
        "category": "household",
        "href": "https://www.woolworths.com.au/shop/productdetails/100303/razzamatazz-tan-anklet-one-size",
        "imgName": "100303.jpg",
        "imgSrc": "https://cdn0.woolworths.media/content/wowproductimages/medium/100303.jpg",
        "name": "Razzamatazz Tan Anklet One Size 2pk",
        "price": 3
    },
    {
        "category": "household",
        "href": "https://www.woolworths.com.au/shop/productdetails/923986/wiltshire-stainless-steel-santoku-knife-18cm",
        "imgName": "923986.jpg",
        "imgSrc": "https://cdn0.woolworths.media/content/wowproductimages/medium/923986.jpg",
        "name": "Wiltshire Stainless Steel Santoku Knife 18cm each",
        "price": 20
    },
    {
        "category": "household",
        "href": "https://www.woolworths.com.au/shop/productdetails/706948/maped-sharpener-eraser-eraser-sharpener",
        "imgName": "706948.jpg",
        "imgSrc": "https://cdn0.woolworths.media/content/wowproductimages/medium/706948.jpg",
        "name": "Maped Sharpener & Eraser Eraser & Sharpener each",
        "price": 4
    },
    {
        "category": "household",
        "href": "https://www.woolworths.com.au/shop/productdetails/748141/sistema-plasticware-dressing-pot-to-go",
        "imgName": "748141.jpg",
        "imgSrc": "https://cdn0.woolworths.media/content/wowproductimages/medium/748141.jpg",
        "name": "Sistema Plasticware Dressing Pot To Go each",
        "price": 4.99
    },
    {
        "category": "household",
        "href": "https://www.woolworths.com.au/shop/productdetails/300350/eveready-dolphin-mini-2d-torch",
        "imgName": "300350.jpg",
        "imgSrc": "https://cdn0.woolworths.media/content/wowproductimages/medium/300350.jpg",
        "name": "Eveready Dolphin Mini 2d Torch  each",
        "price": 14.49
    },
    {
        "category": "household",
        "href": "https://www.woolworths.com.au/shop/productdetails/189817/scotch-brite-non-scratch-scrub-sponge",
        "imgName": "189817.jpg",
        "imgSrc": "https://cdn0.woolworths.media/content/wowproductimages/medium/189817.jpg",
        "name": "Scotch-brite Non Scratch Scrub Sponge 3pk",
        "price": 4.29,
        "unitPrice": "$1.43 / 1EA"
    },
    {
        "category": "household",
        "href": "https://www.woolworths.com.au/shop/productdetails/695763/home-essentials-dinnerware-small-bowl-white",
        "imgName": "695763.jpg",
        "imgSrc": "https://cdn0.woolworths.media/content/wowproductimages/medium/695763.jpg",
        "name": "Home Essentials Dinnerware Small Bowl White each",
        "price": 2.5
    },
    {
        "category": "household",
        "href": "https://www.woolworths.com.au/shop/productdetails/757366/ambi-pur-plug-in-air-freshener-set-vanilla-harmony",
        "imgName": "757366.jpg",
        "imgSrc": "https://cdn0.woolworths.media/content/wowproductimages/medium/757366.jpg",
        "name": "Ambi Pur Plug In Air Freshener Set Vanilla Harmony 20ml",
        "price": 9.2,
        "unitPrice": "$4.60 / 10ML"
    },
    {
        "category": "household",
        "href": "https://www.woolworths.com.au/shop/productdetails/381723/epson-printer-ink-133-value-pack-4-ink-20-shot",
        "imgName": "381723.jpg",
        "imgSrc": "https://cdn0.woolworths.media/content/wowproductimages/medium/381723.jpg",
        "name": "Epson Printer Ink 133 Value Pack 4 Ink & 20 Shot 1ea",
        "price": 86
    },
    {
        "category": "household",
        "href": "https://www.woolworths.com.au/shop/productdetails/757630/sistema-plasticware-snack-to-go",
        "imgName": "757630.jpg",
        "imgSrc": "https://cdn0.woolworths.media/content/wowproductimages/medium/757630.jpg",
        "name": "Sistema Plasticware Snack To Go each",
        "price": 4.99
    },
    {
        "category": "household",
        "href": "https://www.woolworths.com.au/shop/productdetails/786952/jamie-oliver-knife-set",
        "imgName": "786952.jpg",
        "imgSrc": "https://cdn0.woolworths.media/content/wowproductimages/medium/786952.jpg",
        "name": "Jamie Oliver Knife Set  3 piece",
        "price": 24
    },
    {
        "category": "household",
        "href": "https://www.woolworths.com.au/shop/productdetails/21979/jif-cream-cleaner-lemon",
        "imgName": "021979.jpg",
        "imgSrc": "https://cdn0.woolworths.media/content/wowproductimages/medium/021979.jpg",
        "name": "Jif Cream Cleaner Lemon 375ml",
        "price": 2.99,
        "unitPrice": "$0.80 / 100ML"
    },
    {
        "category": "household",
        "href": "https://www.woolworths.com.au/shop/productdetails/18772/castrol-car-care-dot-4-brake-fluid",
        "imgName": "018772.jpg",
        "imgSrc": "https://cdn0.woolworths.media/content/wowproductimages/medium/018772.jpg",
        "name": "Castrol Car Care Dot 4 Brake Fluid 500ml",
        "price": 10.49,
        "unitPrice": "$2.10 / 100ML"
    },
    {
        "category": "household",
        "href": "https://www.woolworths.com.au/shop/productdetails/39680/homebrand-brown-paper-sandwich-bags-for-lunch",
        "imgName": "039680.jpg",
        "imgSrc": "https://cdn0.woolworths.media/content/wowproductimages/medium/039680.jpg",
        "name": "Homebrand Brown Paper Sandwich Bags For Lunch 100pk",
        "price": 2.5,
        "unitPrice": "$0.03 / 1EA"
    },
    {
        "category": "household",
        "href": "https://www.woolworths.com.au/shop/productdetails/26970/essentials-fabric-softener-green-apple",
        "imgName": "026970.jpg",
        "imgSrc": "https://cdn0.woolworths.media/content/wowproductimages/medium/026970.jpg",
        "name": "Essentials Fabric Softener Green Apple 250ml",
        "price": 0.69,
        "unitPrice": "$2.76 / 1L"
    },
    {
        "category": "household",
        "href": "https://www.woolworths.com.au/shop/productdetails/10124/green-gardener-garden-hose-coupling",
        "imgName": "010124.jpg",
        "imgSrc": "https://cdn0.woolworths.media/content/wowproductimages/medium/010124.jpg",
        "name": "Green Gardener Garden Hose Coupling 1pk",
        "price": 3
    },
    {
        "category": "household",
        "href": "https://www.woolworths.com.au/shop/productdetails/31795/exit-mould-bathroom-cleaner-trigger",
        "imgName": "031795.jpg",
        "imgSrc": "https://cdn0.woolworths.media/content/wowproductimages/medium/031795.jpg",
        "name": "Exit Mould Bathroom Cleaner Trigger 500ml",
        "price": 6.7,
        "unitPrice": "$1.34 / 100ML"
    },
    {
        "category": "household",
        "href": "https://www.woolworths.com.au/shop/productdetails/11703/multix-garden-drawtight-garbage-bags",
        "imgName": "011703.jpg",
        "imgSrc": "https://cdn0.woolworths.media/content/wowproductimages/medium/011703.jpg",
        "name": "Multix Garden Drawtight Garbage Bags 3pk",
        "price": 3.4,
        "unitPrice": "$1.13 / 1EA"
    },
    {
        "category": "household",
        "href": "https://www.woolworths.com.au/shop/productdetails/248876/jack-hammer-car-care-elastoc-strap-900mm",
        "imgName": "248876.jpg",
        "imgSrc": "https://cdn0.woolworths.media/content/wowproductimages/medium/248876.jpg",
        "name": "Jack Hammer Car Care Elastoc Strap 900mm each",
        "price": 4
    },
    {
        "category": "household",
        "href": "https://www.woolworths.com.au/shop/productdetails/175896/vileda-refill-cloths-fresh-attractive",
        "imgName": "175896.jpg",
        "imgSrc": "https://cdn0.woolworths.media/content/wowproductimages/medium/175896.jpg",
        "name": "Vileda Refill Cloths Fresh Attractive 10pk",
        "price": 7.99,
        "unitPrice": "$0.80 / 1EA"
    },
    {
        "category": "household",
        "href": "https://www.woolworths.com.au/shop/productdetails/196149/lux-pure-laundry-soap-flakes",
        "imgName": "196149.jpg",
        "imgSrc": "https://cdn0.woolworths.media/content/wowproductimages/medium/196149.jpg",
        "name": "Lux Pure Laundry Soap Flakes 700g",
        "price": 7.15,
        "unitPrice": "$10.21 / 1KG"
    },
    {
        "category": "household",
        "href": "https://www.woolworths.com.au/shop/productdetails/255885/yates-blitz-em-insect-control-ant-flea-tick-killer",
        "imgName": "255885.jpg",
        "imgSrc": "https://cdn0.woolworths.media/content/wowproductimages/medium/255885.jpg",
        "name": "Yates Blitz-em Insect Control Ant Flea & Tick Killer 600g",
        "price": 11.8,
        "unitPrice": "$1.97 / 100G"
    },
    {
        "category": "household",
        "href": "https://www.woolworths.com.au/shop/productdetails/364440/moki-noise-isolation-earbuds-black-or-white",
        "imgName": "364440.jpg",
        "imgSrc": "https://cdn0.woolworths.media/content/wowproductimages/medium/364440.jpg",
        "name": "Moki Noise Isolation Earbuds Black Or White each",
        "price": 10
    },
    {
        "category": "household",
        "href": "https://www.woolworths.com.au/shop/productdetails/382606/sistema-klip-it-plasticware-biscuit",
        "imgName": "382606.jpg",
        "imgSrc": "https://cdn0.woolworths.media/content/wowproductimages/medium/382606.jpg",
        "name": "Sistema Klip It Plasticware Biscuit each",
        "price": 7.65
    },
    {
        "category": "household",
        "href": "https://www.woolworths.com.au/shop/productdetails/524441/energizer-wall-charger-adaptor-universal-high-tech-2-4a-2-usb-black",
        "imgName": "524441.jpg",
        "imgSrc": "https://cdn0.woolworths.media/content/wowproductimages/medium/524441.jpg",
        "name": "Energizer Wall Charger Adaptor Universal High Tech 2.4a 2 Usb Black each",
        "price": 20
    },
    {
        "category": "household",
        "href": "https://www.woolworths.com.au/shop/productdetails/383179/canon-printer-ink-cli526bk-inkjet-black",
        "imgName": "383179.jpg",
        "imgSrc": "https://cdn0.woolworths.media/content/wowproductimages/medium/383179.jpg",
        "name": "Canon Printer Ink Cli526bk Inkjet Black each",
        "price": 29
    },
    {
        "category": "household",
        "href": "https://www.woolworths.com.au/shop/productdetails/774960/taste-summertime-cookbook-cookbook-collection",
        "imgName": "774960.jpg",
        "imgSrc": "https://cdn0.woolworths.media/content/wowproductimages/medium/774960.jpg",
        "name": "Taste Summertime Cookbook Cookbook Collection each",
        "price": 9.99
    },
    {
        "category": "household",
        "href": "https://www.woolworths.com.au/shop/productdetails/741322/philips-haloge-clear-candle-bc-base-2pk",
        "imgName": "741322.jpg",
        "imgSrc": "https://cdn0.woolworths.media/content/wowproductimages/medium/741322.jpg",
        "name": "Philips Haloge Clear Candle Bc Base 2pk 2pk",
        "price": 5.5,
        "unitPrice": "$2.75 / 1EA"
    },
    {
        "category": "household",
        "href": "https://www.woolworths.com.au/shop/productdetails/700915/raid-advanced-auto-insect-control-system-indoor-primary",
        "imgName": "700915.jpg",
        "imgSrc": "https://cdn0.woolworths.media/content/wowproductimages/medium/700915.jpg",
        "name": "Raid Advanced Auto Insect Control System Indoor Primary 185g",
        "price": 29.99,
        "unitPrice": "$16.21 / 100G"
    },
    {
        "category": "household",
        "href": "https://www.woolworths.com.au/shop/productdetails/725387/woolworths-essentials-envelopes-deluxe",
        "imgName": "725387.jpg",
        "imgSrc": "https://cdn0.woolworths.media/content/wowproductimages/medium/725387.jpg",
        "name": "Woolworths Essentials Envelopes Deluxe 25pk",
        "price": 4
    },
    {
        "category": "household",
        "href": "https://www.woolworths.com.au/shop/productdetails/933648/smash-pencil-case-eva-small",
        "imgName": "933648.jpg",
        "imgSrc": "https://cdn0.woolworths.media/content/wowproductimages/medium/933648.jpg",
        "name": "Smash Pencil Case Eva Small each",
        "price": 10
    },
    {
        "category": "household",
        "href": "https://www.woolworths.com.au/shop/productdetails/848802/hp-printer-ink-62-tri-colour",
        "imgName": "848802.jpg",
        "imgSrc": "https://cdn0.woolworths.media/content/wowproductimages/medium/848802.jpg",
        "name": "Hp Printer Ink 62 Tri-colour each",
        "price": 39
    },
    {
        "category": "household",
        "href": "https://www.woolworths.com.au/shop/productdetails/710051/energizer-max-9v-batteries",
        "imgName": "710051.jpg",
        "imgSrc": "https://cdn0.woolworths.media/content/wowproductimages/medium/710051.jpg",
        "name": "Energizer Max 9v Batteries  4pk",
        "price": 16.99,
        "unitPrice": "$4.25 / 1EA"
    },
    {
        "category": "household",
        "href": "https://www.woolworths.com.au/shop/productdetails/781153/logitech-speakers-z120-assorted",
        "imgName": "781153.jpg",
        "imgSrc": "https://cdn0.woolworths.media/content/wowproductimages/medium/781153.jpg",
        "name": "Logitech Speakers Z120 Assorted each",
        "price": 29.95
    },
    {
        "category": "household",
        "href": "https://www.woolworths.com.au/shop/productdetails/841903/air-wick-life-scents-mystical-garden-freshmatic-refill",
        "imgName": "841903.jpg",
        "imgSrc": "https://cdn0.woolworths.media/content/wowproductimages/medium/841903.jpg",
        "name": "Air Wick Life Scents Mystical Garden Freshmatic Refill 157g",
        "price": 7.99,
        "unitPrice": "$5.09 / 100G"
    },
    {
        "category": "household",
        "href": "https://www.woolworths.com.au/shop/productdetails/741008/glade-sense-spray-automatic-spray-hawaiian-breeze",
        "imgName": "741008.jpg",
        "imgSrc": "https://cdn0.woolworths.media/content/wowproductimages/medium/741008.jpg",
        "name": "Glade Sense & Spray Automatic Spray Hawaiian Breeze 12.2g",
        "price": 11.35,
        "unitPrice": "$93.03 / 100G"
    },
    {
        "category": "household",
        "href": "https://www.woolworths.com.au/shop/productdetails/780234/adesso-appliance-sandwich-press-4-slice",
        "imgName": "780234.jpg",
        "imgSrc": "https://cdn0.woolworths.media/content/wowproductimages/medium/780234.jpg",
        "name": "Adesso Appliance Sandwich Press 4 Slice each",
        "price": 35
    },
    {
        "category": "household",
        "href": "https://www.woolworths.com.au/shop/productdetails/865629/air-wick-life-scents-turquoise-oasis-plug-in-refill",
        "imgName": "865629.jpg",
        "imgSrc": "https://cdn0.woolworths.media/content/wowproductimages/medium/865629.jpg",
        "name": "Air Wick Life Scents Turquoise Oasis Plug In Refill 19ml",
        "price": 7.49,
        "unitPrice": "$3.94 / 10ML"
    },
    {
        "category": "household",
        "href": "https://www.woolworths.com.au/shop/productdetails/898566/jamie-oliver-rec-bowl",
        "imgName": "898566.jpg",
        "imgSrc": "https://cdn0.woolworths.media/content/wowproductimages/medium/898566.jpg",
        "name": "Jamie Oliver Rec Bowl 20cm",
        "price": 8
    },
    {
        "category": "household",
        "href": "https://www.woolworths.com.au/shop/productdetails/866757/air-wick-life-scents-mystical-garden-plug-in-refill",
        "imgName": "866757.jpg",
        "imgSrc": "https://cdn0.woolworths.media/content/wowproductimages/medium/866757.jpg",
        "name": "Air Wick Life Scents Mystical Garden Plug In Refill 19ml",
        "price": 7.49,
        "unitPrice": "$3.94 / 10ML"
    },
    {
        "category": "household",
        "href": "https://www.woolworths.com.au/shop/productdetails/11652/philips-reflector-par38-globe-120w-es-base",
        "imgName": "011652.jpg",
        "imgSrc": "https://cdn0.woolworths.media/content/wowproductimages/medium/011652.jpg",
        "name": "Philips Reflector Par38 Globe 120w Es Base each",
        "price": 7.9
    },
    {
        "category": "household",
        "href": "https://www.woolworths.com.au/shop/productdetails/13538/australian-house-garden",
        "imgName": "013538.jpg",
        "imgSrc": "https://cdn0.woolworths.media/content/wowproductimages/medium/013538.jpg",
        "name": "Australian House & Garden",
        "price": 8.5
    },
    {
        "category": "household",
        "href": "https://www.woolworths.com.au/shop/productdetails/10703/aerogard-insect-repellent-tropical",
        "imgName": "010703.jpg",
        "imgSrc": "https://cdn0.woolworths.media/content/wowproductimages/medium/010703.jpg",
        "name": "Aerogard Insect Repellent Tropical 150g",
        "price": 7.15,
        "unitPrice": "$4.77 / 100G"
    },
    {
        "category": "household",
        "href": "https://www.woolworths.com.au/shop/productdetails/20031/ansell-gloves-silverlined-medium-size-8",
        "imgName": "020031.jpg",
        "imgSrc": "https://cdn0.woolworths.media/content/wowproductimages/medium/020031.jpg",
        "name": "Ansell Gloves Silverlined Medium Size 8 1 pair",
        "price": 3.1,
        "unitPrice": "$3.10 / 1EA"
    },
    {
        "category": "household",
        "href": "https://www.woolworths.com.au/shop/productdetails/8476/sard-wonder-stain-remover-stick",
        "imgName": "008476.jpg",
        "imgSrc": "https://cdn0.woolworths.media/content/wowproductimages/medium/008476.jpg",
        "name": "Sard Wonder Stain Remover Stick 125g",
        "price": 5,
        "unitPrice": "$50.00 / 1KG"
    },
    {
        "category": "household",
        "href": "https://www.woolworths.com.au/shop/productdetails/57941/woolworths-essentials-womens-socks-anklet-sport-size-2-8",
        "imgName": "057941.jpg",
        "imgSrc": "https://cdn0.woolworths.media/content/wowproductimages/medium/057941.jpg",
        "name": "Woolworths Essentials Womens Socks Anklet Sport Size 2-8 3pk",
        "price": 7,
        "unitPrice": "$2.33 / 1EA"
    },
    {
        "category": "household",
        "href": "https://www.woolworths.com.au/shop/productdetails/53275/jif-cleaning-cloth-ballerina",
        "imgName": "053275.jpg",
        "imgSrc": "https://cdn0.woolworths.media/content/wowproductimages/medium/053275.jpg",
        "name": "Jif Cleaning Cloth Ballerina 2pk",
        "price": 2.99,
        "unitPrice": "$1.50 / 1EA"
    },
    {
        "category": "household",
        "href": "https://www.woolworths.com.au/shop/productdetails/114787/silvo-silver-polish",
        "imgName": "114787.jpg",
        "imgSrc": "https://cdn0.woolworths.media/content/wowproductimages/medium/114787.jpg",
        "name": "Silvo Silver Polish  250ml",
        "price": 9.3,
        "unitPrice": "$3.72 / 100ML"
    },
    {
        "category": "household",
        "href": "https://www.woolworths.com.au/shop/productdetails/98317/wd-40-lubricant-multi-purpose",
        "imgName": "098317.jpg",
        "imgSrc": "https://cdn0.woolworths.media/content/wowproductimages/medium/098317.jpg",
        "name": "Wd 40 Lubricant Multi Purpose 255g",
        "price": 6.5,
        "unitPrice": "$2.55 / 100G"
    },
    {
        "category": "household",
        "href": "https://www.woolworths.com.au/shop/productdetails/229281/puzzler-sudoku-australia",
        "imgName": "229281.jpg",
        "imgSrc": "https://cdn0.woolworths.media/content/wowproductimages/medium/229281.jpg",
        "name": "Puzzler Sudoku Australia",
        "price": 5.95
    },
    {
        "category": "household",
        "href": "https://www.woolworths.com.au/shop/productdetails/173940/home-handyman-tape-duct-tape-48mmx25m",
        "imgName": "173940.jpg",
        "imgSrc": "https://cdn0.woolworths.media/content/wowproductimages/medium/173940.jpg",
        "name": "Home Handyman Tape Duct Tape 48mmx25m each",
        "price": 6,
        "unitPrice": "$0.24 / 1M"
    },
    {
        "category": "household",
        "href": "https://www.woolworths.com.au/shop/productdetails/256320/ambi-pur-car-premium-clip-air-freshener-for-her",
        "imgName": "256320.jpg",
        "imgSrc": "https://cdn0.woolworths.media/content/wowproductimages/medium/256320.jpg",
        "name": "Ambi Pur Car Premium Clip Air Freshener For Her 7.5ml",
        "price": 8.9
    },
    {
        "category": "household",
        "href": "https://www.woolworths.com.au/shop/productdetails/272564/kiwi-shoe-care-boot-laces-black",
        "imgName": "272564.jpg",
        "imgSrc": "https://cdn0.woolworths.media/content/wowproductimages/medium/272564.jpg",
        "name": "Kiwi Shoe Care Boot Laces Black 1ea",
        "price": 2.89
    },
    {
        "category": "household",
        "href": "https://www.woolworths.com.au/shop/productdetails/249865/philips-pilot-globe-15w-ses-base",
        "imgName": "249865.jpg",
        "imgSrc": "https://cdn0.woolworths.media/content/wowproductimages/medium/249865.jpg",
        "name": "Philips Pilot Globe 15w Ses Base  2pk",
        "price": 6,
        "unitPrice": "$3.00 / 1EA"
    },
    {
        "category": "household",
        "href": "https://www.woolworths.com.au/shop/productdetails/323715/woolworths-select-oven-bags-large-35cm-x-48cm",
        "imgName": "323715.jpg",
        "imgSrc": "https://cdn0.woolworths.media/content/wowproductimages/medium/323715.jpg",
        "name": "Woolworths Select Oven Bags Large 35cm X 48cm 4pk",
        "price": 1.5,
        "unitPrice": "$0.38 / 1EA"
    },
    {
        "category": "household",
        "href": "https://www.woolworths.com.au/shop/productdetails/339810/razzamatazz-pantyhose-control-brazen-tall",
        "imgName": "339810.jpg",
        "imgSrc": "https://cdn0.woolworths.media/content/wowproductimages/medium/339810.jpg",
        "name": "Razzamatazz Pantyhose Control Brazen Tall 2pk",
        "price": 6
    },
    {
        "category": "household",
        "href": "https://www.woolworths.com.au/shop/productdetails/335444/jackson-2-outlet-usb-charger-with-mains-outlet",
        "imgName": "335444.jpg",
        "imgSrc": "https://cdn0.woolworths.media/content/wowproductimages/medium/335444.jpg",
        "name": "Jackson 2 Outlet Usb Charger With Mains Outlet  each",
        "price": 19.99
    },
    {
        "category": "household",
        "href": "https://www.woolworths.com.au/shop/productdetails/333113/post-it-super-sticky-jewel-pop-pad",
        "imgName": "333113.jpg",
        "imgSrc": "https://cdn0.woolworths.media/content/wowproductimages/medium/333113.jpg",
        "name": "Post-it\u00ae Super Sticky Jewel Pop Pad 3pk",
        "price": 5.3
    },
    {
        "category": "household",
        "href": "https://www.woolworths.com.au/shop/productdetails/333515/stabilo-swing-cool-pen-highlighters",
        "imgName": "333515.jpg",
        "imgSrc": "https://cdn0.woolworths.media/content/wowproductimages/medium/333515.jpg",
        "name": "Stabilo Swing Cool Pen Highlighters 4pk",
        "price": 6.5
    },
    {
        "category": "household",
        "href": "https://www.woolworths.com.au/shop/productdetails/517095/sparkler-straight-coloured",
        "imgName": "517095.jpg",
        "imgSrc": "https://cdn0.woolworths.media/content/wowproductimages/medium/517095.jpg",
        "name": "Sparkler Straight Coloured  16pk",
        "price": 3,
        "unitPrice": "$0.19 / 1EA"
    },
    {
        "category": "household",
        "href": "https://www.woolworths.com.au/shop/productdetails/381842/hp-printer-ink-564-magenta",
        "imgName": "381842.jpg",
        "imgSrc": "https://cdn0.woolworths.media/content/wowproductimages/medium/381842.jpg",
        "name": "Hp Printer Ink 564 Magenta each",
        "price": 23
    },
    {
        "category": "household",
        "href": "https://www.woolworths.com.au/shop/productdetails/479790/underworks-sneaker-socks",
        "imgName": "479790.jpg",
        "imgSrc": "https://cdn0.woolworths.media/content/wowproductimages/medium/479790.jpg",
        "name": "Underworks Sneaker Socks 2pk",
        "price": 6
    },
    {
        "category": "household",
        "href": "https://www.woolworths.com.au/shop/productdetails/471231/inspire-stoneware-side-plate-charcoal",
        "imgName": "471231.jpg",
        "imgSrc": "https://cdn0.woolworths.media/content/wowproductimages/medium/471231.jpg",
        "name": "Inspire Stoneware Side Plate Charcoal each"
    },
    {
        "category": "household",
        "href": "https://www.woolworths.com.au/shop/productdetails/495523/decor-pumped-bands-tritan-bottle",
        "imgName": "495523.jpg",
        "imgSrc": "https://cdn0.woolworths.media/content/wowproductimages/medium/495523.jpg",
        "name": "Decor Pumped Bands Tritan Bottle  750ml each",
        "price": 9.99
    },
    {
        "category": "household",
        "href": "https://www.woolworths.com.au/shop/productdetails/518055/jackson-1-5-metre-hdmi-cable",
        "imgName": "518055.jpg",
        "imgSrc": "https://cdn0.woolworths.media/content/wowproductimages/medium/518055.jpg",
        "name": "Jackson 1.5 Metre Hdmi Cable  each",
        "price": 15,
        "unitPrice": "$15.00 / 1EA"
    },
    {
        "category": "household",
        "href": "https://www.woolworths.com.au/shop/productdetails/626480/paperclick-wireless-keyboard-mouse-combo-2-4ghz",
        "imgName": "626480.jpg",
        "imgSrc": "https://cdn0.woolworths.media/content/wowproductimages/medium/626480.jpg",
        "name": "Paperclick Wireless Keyboard & Mouse Combo 2.4ghz each",
        "price": 19
    },
    {
        "category": "household",
        "href": "https://www.woolworths.com.au/shop/productdetails/619374/speedsteam-iron",
        "imgName": "619374.jpg",
        "imgSrc": "https://cdn0.woolworths.media/content/wowproductimages/medium/619374.jpg",
        "name": "Speedsteam Iron  each",
        "price": 29
    },
    {
        "category": "household",
        "href": "https://www.woolworths.com.au/shop/productdetails/725462/woolworths-essentials-stapler-set-mini",
        "imgName": "725462.jpg",
        "imgSrc": "https://cdn0.woolworths.media/content/wowproductimages/medium/725462.jpg",
        "name": "Woolworths Essentials Stapler Set Mini each",
        "price": 5
    },
    {
        "category": "household",
        "href": "https://www.woolworths.com.au/shop/productdetails/711799/sistema-klip-it-plasticware",
        "imgName": "711799.jpg",
        "imgSrc": "https://cdn0.woolworths.media/content/wowproductimages/medium/711799.jpg",
        "name": "Sistema Klip It Plasticware  10pk",
        "price": 24.99,
        "unitPrice": "$24.99 / 1EA"
    },
    {
        "category": "household",
        "href": "https://www.woolworths.com.au/shop/productdetails/776782/energizer-flashlight-7-led-headlight",
        "imgName": "776782.jpg",
        "imgSrc": "https://cdn0.woolworths.media/content/wowproductimages/medium/776782.jpg",
        "name": "Energizer Flashlight 7 Led Headlight each",
        "price": 44.99,
        "unitPrice": "$44.99 / 1EA"
    },
    {
        "category": "household",
        "href": "https://www.woolworths.com.au/shop/productdetails/749123/selleys-super-glue-fix-n-go",
        "imgName": "749123.jpg",
        "imgSrc": "https://cdn0.woolworths.media/content/wowproductimages/medium/749123.jpg",
        "name": "Selleys Super Glue Fix N Go 3pk",
        "price": 4.79,
        "unitPrice": "$1.60 / 1EA"
    },
    {
        "category": "household",
        "href": "https://www.woolworths.com.au/shop/productdetails/787057/jamie-oliver-medium-pop-jar-red-lid",
        "imgName": "787057.jpg",
        "imgSrc": "https://cdn0.woolworths.media/content/wowproductimages/medium/787057.jpg",
        "name": "Jamie Oliver Medium Pop Jar Red Lid each",
        "price": 8
    },
    {
        "category": "household",
        "href": "https://www.woolworths.com.au/shop/productdetails/847945/epson-printer-ink-220-std-capacity-magenta",
        "imgName": "847945.jpg",
        "imgSrc": "https://cdn0.woolworths.media/content/wowproductimages/medium/847945.jpg",
        "name": "Epson Printer Ink 220 Std Capacity Magenta each",
        "price": 17
    },
    {
        "category": "household",
        "href": "https://www.woolworths.com.au/shop/productdetails/663726/toshiba-sd-card-16gb",
        "imgName": "663726.jpg",
        "imgSrc": "https://cdn0.woolworths.media/content/wowproductimages/medium/663726.jpg",
        "name": "Toshiba Sd Card 16gb  each",
        "price": 23
    },
    {
        "category": "household",
        "href": "https://www.woolworths.com.au/shop/productdetails/21462/redheads-matches-handy-pack",
        "imgName": "021462.jpg",
        "imgSrc": "https://cdn0.woolworths.media/content/wowproductimages/medium/021462.jpg",
        "name": "Redheads Matches Handy Pack 270pk",
        "price": 2.74,
        "unitPrice": "$1.01 / 100EA"
    },
    {
        "category": "household",
        "href": "https://www.woolworths.com.au/shop/productdetails/20069/reva-pegs-plastic",
        "imgName": "020069.jpg",
        "imgSrc": "https://cdn0.woolworths.media/content/wowproductimages/medium/020069.jpg",
        "name": "Reva Pegs Plastic 48pk",
        "price": 6.49,
        "unitPrice": "$0.14 / 1EA"
    },
    {
        "category": "household",
        "href": "https://www.woolworths.com.au/shop/productdetails/31783/gumption-paste-multi-purpose-cleanser",
        "imgName": "031783.jpg",
        "imgSrc": "https://cdn0.woolworths.media/content/wowproductimages/medium/031783.jpg",
        "name": "Gumption Paste Multi Purpose Cleanser 500g",
        "price": 5.39,
        "unitPrice": "$1.08 / 100G"
    },
    {
        "category": "household",
        "href": "https://www.woolworths.com.au/shop/productdetails/27114/multix-super-strong-garbage-bags",
        "imgName": "027114.jpg",
        "imgSrc": "https://cdn0.woolworths.media/content/wowproductimages/medium/027114.jpg",
        "name": "Multix Super Strong Garbage Bags 10pk",
        "price": 4,
        "unitPrice": "$0.40 / 1EA"
    },
    {
        "category": "household",
        "href": "https://www.woolworths.com.au/shop/productdetails/35460/multix-freezer-bags-medium-tear-off",
        "imgName": "035460.jpg",
        "imgSrc": "https://cdn0.woolworths.media/content/wowproductimages/medium/035460.jpg",
        "name": "Multix Freezer Bags Medium Tear Off 80pk",
        "price": 2.39,
        "unitPrice": "$0.03 / 1EA"
    },
    {
        "category": "household",
        "href": "https://www.woolworths.com.au/shop/productdetails/27941/softly-wool-wash-liquid-regular",
        "imgName": "027941.jpg",
        "imgSrc": "https://cdn0.woolworths.media/content/wowproductimages/medium/027941.jpg",
        "name": "Softly Wool Wash Liquid Regular 1.25l",
        "price": 7.19,
        "unitPrice": "$5.75 / 1L"
    },
    {
        "category": "household",
        "href": "https://www.woolworths.com.au/shop/productdetails/42687/allendale-pantyhose-statique-spray",
        "imgName": "042687.jpg",
        "imgSrc": "https://cdn0.woolworths.media/content/wowproductimages/medium/042687.jpg",
        "name": "Allendale Pantyhose Statique Spray 150ml",
        "price": 7
    },
    {
        "category": "household",
        "href": "https://www.woolworths.com.au/shop/productdetails/100718/liquid-paper-pen",
        "imgName": "100718.jpg",
        "imgSrc": "https://cdn0.woolworths.media/content/wowproductimages/medium/100718.jpg",
        "name": "Liquid Paper Pen  2pk",
        "price": 6.75
    },
    {
        "category": "household",
        "href": "https://www.woolworths.com.au/shop/productdetails/115254/orange-power-manual-spray-air-freshener-orange-oil",
        "imgName": "115254.jpg",
        "imgSrc": "https://cdn0.woolworths.media/content/wowproductimages/medium/115254.jpg",
        "name": "Orange Power Manual Spray Air Freshener Orange Oil 125ml",
        "price": 4.19,
        "unitPrice": "$0.34 / 10ML"
    },
    {
        "category": "household",
        "href": "https://www.woolworths.com.au/shop/productdetails/74394/clr-multipurpose-cleaner-calscium-lime-rust",
        "imgName": "074394.jpg",
        "imgSrc": "https://cdn0.woolworths.media/content/wowproductimages/medium/074394.jpg",
        "name": "Clr Multipurpose Cleaner Calscium Lime Rust 750ml",
        "price": 13.49,
        "unitPrice": "$1.80 / 100ML"
    },
    {
        "category": "household",
        "href": "https://www.woolworths.com.au/shop/productdetails/48130/actizyme-drain-cleaner-safe-pellet-natural",
        "imgName": "048130.jpg",
        "imgSrc": "https://cdn0.woolworths.media/content/wowproductimages/medium/048130.jpg",
        "name": "Actizyme Drain Cleaner Safe Pellet Natural 450g",
        "price": 21.49,
        "unitPrice": "$4.78 / 100G"
    },
    {
        "category": "household",
        "href": "https://www.woolworths.com.au/shop/productdetails/157758/habee-savers-sewing-kits-for-travel-32piece",
        "imgName": "157758.jpg",
        "imgSrc": "https://cdn0.woolworths.media/content/wowproductimages/medium/157758.jpg",
        "name": "Habee Savers Sewing Kits For Travel 32piece 1pk",
        "price": 4.2
    },
    {
        "category": "household",
        "href": "https://www.woolworths.com.au/shop/productdetails/228551/home-handyman-tools-windowscraper",
        "imgName": "228551.jpg",
        "imgSrc": "https://cdn0.woolworths.media/content/wowproductimages/medium/228551.jpg",
        "name": "Home Handyman Tools Windowscraper each",
        "price": 3
    },
    {
        "category": "household",
        "href": "https://www.woolworths.com.au/shop/productdetails/204867/no-vac-sanitiser-deodoriser-carpet-garden-breeze",
        "imgName": "204867.jpg",
        "imgSrc": "https://cdn0.woolworths.media/content/wowproductimages/medium/204867.jpg",
        "name": "No Vac Sanitiser & Deodoriser Carpet Garden Breeze 290g",
        "price": 4.99,
        "unitPrice": "$1.72 / 100G"
    },
    {
        "category": "household",
        "href": "https://www.woolworths.com.au/shop/productdetails/283096/papermate-correction-liquid-paper-white",
        "imgName": "283096.jpg",
        "imgSrc": "https://cdn0.woolworths.media/content/wowproductimages/medium/283096.jpg",
        "name": "Papermate Correction Liquid Paper White 2pk",
        "price": 4.5
    },
    {
        "category": "household",
        "href": "https://www.woolworths.com.au/shop/productdetails/232821/homebrand-gloves-medium",
        "imgName": "232821.jpg",
        "imgSrc": "https://cdn0.woolworths.media/content/wowproductimages/medium/232821.jpg",
        "name": "Homebrand Gloves Medium 2pk",
        "price": 0.99,
        "unitPrice": "$0.50 / 1EA"
    },
    {
        "category": "household",
        "href": "https://www.woolworths.com.au/shop/productdetails/235619/white-king-multipurpose-power-cleaner-lemon",
        "imgName": "235619.jpg",
        "imgSrc": "https://cdn0.woolworths.media/content/wowproductimages/medium/235619.jpg",
        "name": "White King Multipurpose Power Cleaner Lemon 1l",
        "price": 4.15,
        "unitPrice": "$0.42 / 100ML"
    },
    {
        "category": "household",
        "href": "https://www.woolworths.com.au/shop/productdetails/339811/razzamatazz-pantyhose-control-brazen-x-tall",
        "imgName": "339811.jpg",
        "imgSrc": "https://cdn0.woolworths.media/content/wowproductimages/medium/339811.jpg",
        "name": "Razzamatazz Pantyhose Control Brazen X-tall 2pk",
        "price": 6
    },
    {
        "category": "household",
        "href": "https://www.woolworths.com.au/shop/productdetails/373470/vileda-mop-super-squeeze-extra-wide-mop",
        "imgName": "373470.jpg",
        "imgSrc": "https://cdn0.woolworths.media/content/wowproductimages/medium/373470.jpg",
        "name": "Vileda Mop Super Squeeze Extra Wide Mop each",
        "price": 21.99,
        "unitPrice": "$21.99 / 1EA"
    },
    {
        "category": "household",
        "href": "https://www.woolworths.com.au/shop/productdetails/402276/philips-led-25lm-candle-e14-b35",
        "imgName": "402276.jpg",
        "imgSrc": "https://cdn0.woolworths.media/content/wowproductimages/medium/402276.jpg",
        "name": "Philips Led 25lm Candle E14 B35 each",
        "price": 9.99,
        "unitPrice": "$9.99 / 1EA"
    },
    {
        "category": "household",
        "href": "https://www.woolworths.com.au/shop/productdetails/432484/inspire-soup-mug-orange",
        "imgName": "432484.jpg",
        "imgSrc": "https://cdn0.woolworths.media/content/wowproductimages/medium/432484.jpg",
        "name": "Inspire Soup Mug Orange 500ml",
        "price": 4
    },
    {
        "category": "household",
        "href": "https://www.woolworths.com.au/shop/productdetails/254593/eveready-value-battery-charger",
        "imgName": "254593.jpg",
        "imgSrc": "https://cdn0.woolworths.media/content/wowproductimages/medium/254593.jpg",
        "name": "Eveready Value Battery Charger  each",
        "price": 20.99
    },
    {
        "category": "household",
        "href": "https://www.woolworths.com.au/shop/productdetails/268125/chevron-type-c-batteries",
        "imgName": "268125.jpg",
        "imgSrc": "https://cdn0.woolworths.media/content/wowproductimages/medium/268125.jpg",
        "name": "Chevron Type C Batteries  4pk",
        "price": 5,
        "unitPrice": "$1.25 / 1EA"
    },
    {
        "category": "household",
        "href": "https://www.woolworths.com.au/shop/productdetails/701684/new-idea-recipe-book-bbq-essentials",
        "imgName": "701684.jpg",
        "imgSrc": "https://cdn0.woolworths.media/content/wowproductimages/medium/701684.jpg",
        "name": "New Idea Recipe Book Bbq Essentials",
        "price": 9.99
    },
    {
        "category": "household",
        "href": "https://www.woolworths.com.au/shop/productdetails/471198/inspire-stoneware-bowl-black",
        "imgName": "471198.jpg",
        "imgSrc": "https://cdn0.woolworths.media/content/wowproductimages/medium/471198.jpg",
        "name": "Inspire Stoneware Bowl Black 10cm each",
        "price": 4
    },
    {
        "category": "household",
        "href": "https://www.woolworths.com.au/shop/productdetails/789401/woolworths-select-plastic-plates-red",
        "imgName": "789401.jpg",
        "imgSrc": "https://cdn0.woolworths.media/content/wowproductimages/medium/789401.jpg",
        "name": "Woolworths Select Plastic Plates Red 20pk",
        "price": 4.5,
        "unitPrice": "$0.23 / 1EA"
    },
    {
        "category": "household",
        "href": "https://www.woolworths.com.au/shop/productdetails/712688/o-cedar-polish-furniture",
        "imgName": "712688.jpg",
        "imgSrc": "https://cdn0.woolworths.media/content/wowproductimages/medium/712688.jpg",
        "name": "O Cedar Polish Furniture 300ml",
        "price": 7.99,
        "unitPrice": "$2.66 / 100ML"
    },
    {
        "category": "household",
        "href": "https://www.woolworths.com.au/shop/productdetails/747426/vileda-mop-easy-wring-clean",
        "imgName": "747426.jpg",
        "imgSrc": "https://cdn0.woolworths.media/content/wowproductimages/medium/747426.jpg",
        "name": "Vileda Mop Easy Wring & Clean each",
        "price": 49.99,
        "unitPrice": "$49.99 / 1EA"
    },
    {
        "category": "household",
        "href": "https://www.woolworths.com.au/shop/productdetails/346720/chux-original-superwipes-roll",
        "imgName": "346720.jpg",
        "imgSrc": "https://cdn0.woolworths.media/content/wowproductimages/medium/346720.jpg",
        "name": "Chux Original Superwipes Roll 25pk",
        "price": 5.99,
        "unitPrice": "$0.24 / 1EA"
    },
    {
        "category": "household",
        "href": "https://www.woolworths.com.au/shop/productdetails/792019/hub-it-sport-earphones-sport",
        "imgName": "792019.jpg",
        "imgSrc": "https://cdn0.woolworths.media/content/wowproductimages/medium/792019.jpg",
        "name": "Hub It Sport Earphones Sport each",
        "price": 6
    },
    {
        "category": "household",
        "href": "https://www.woolworths.com.au/shop/productdetails/647261/ratsak-pre-baited-mouse-trap",
        "imgName": "647261.jpg",
        "imgSrc": "https://cdn0.woolworths.media/content/wowproductimages/medium/647261.jpg",
        "name": "Ratsak Pre-baited Mouse Trap 2pk",
        "price": 8,
        "unitPrice": "$4.00 / 1EA"
    },
    {
        "category": "household",
        "href": "https://www.woolworths.com.au/shop/productdetails/788985/party-loot-bags-clear-with-ties",
        "imgName": "788985.jpg",
        "imgSrc": "https://cdn0.woolworths.media/content/wowproductimages/medium/788985.jpg",
        "name": "Party Loot Bags Clear With Ties 30pk",
        "price": 2,
        "unitPrice": "$0.07 / 1EA"
    },
    {
        "category": "household",
        "href": "https://www.woolworths.com.au/shop/productdetails/781691/canon-printer-ink-pg645-black-ink-tank",
        "imgName": "781691.jpg",
        "imgSrc": "https://cdn0.woolworths.media/content/wowproductimages/medium/781691.jpg",
        "name": "Canon Printer Ink Pg645 Black Ink Tank each",
        "price": 29
    },
    {
        "category": "household",
        "href": "https://www.woolworths.com.au/shop/productdetails/882119/woolworths-grid-book-9x7-inches",
        "imgName": "882119.jpg",
        "imgSrc": "https://cdn0.woolworths.media/content/wowproductimages/medium/882119.jpg",
        "name": "Woolworths Grid Book 9x7 Inches 64pg each",
        "price": 1
    },
    {
        "category": "household",
        "href": "https://www.woolworths.com.au/shop/productdetails/11718/domestos-disinfectant-bleach-toilet-cleaner-original",
        "imgName": "011718.jpg",
        "imgSrc": "https://cdn0.woolworths.media/content/wowproductimages/medium/011718.jpg",
        "name": "Domestos Disinfectant Bleach Toilet Cleaner Original 1.25l",
        "price": 5.49,
        "unitPrice": "$0.44 / 100ML"
    },
    {
        "category": "household",
        "href": "https://www.woolworths.com.au/shop/productdetails/19439/essentials-top-front-loader",
        "imgName": "019439.jpg",
        "imgSrc": "https://cdn0.woolworths.media/content/wowproductimages/medium/019439.jpg",
        "name": "Essentials Top & Front Loader  4kg",
        "price": 3.69,
        "unitPrice": "$0.92 / 1KG"
    },
    {
        "category": "household",
        "href": "https://www.woolworths.com.au/shop/productdetails/331552/prevention-magazine",
        "imgName": "331552.jpg",
        "imgSrc": "https://cdn0.woolworths.media/content/wowproductimages/medium/331552.jpg",
        "name": "Prevention Magazine",
        "price": 7.5
    },
    {
        "category": "household",
        "href": "https://www.woolworths.com.au/shop/productdetails/471234/inspire-stoneware-bowl-charcoal",
        "imgName": "471234.jpg",
        "imgSrc": "https://cdn0.woolworths.media/content/wowproductimages/medium/471234.jpg",
        "name": "Inspire Stoneware Bowl Charcoal 10cm each",
        "price": 3
    },
    {
        "category": "household",
        "href": "https://www.woolworths.com.au/shop/productdetails/512128/trolls-collectable",
        "imgName": "512128.jpg",
        "imgSrc": "https://cdn0.woolworths.media/content/wowproductimages/medium/512128.jpg",
        "name": "Trolls Collectable  1ea",
        "price": 10
    },
    {
        "category": "household",
        "href": "https://www.woolworths.com.au/shop/productdetails/728149/woolworths-display-book-a4-assorted-colours",
        "imgName": "728149.jpg",
        "imgSrc": "https://cdn0.woolworths.media/content/wowproductimages/medium/728149.jpg",
        "name": "Woolworths Display Book A4 Assorted Colours 20 pockets each",
        "price": 2.5
    },
    {
        "category": "household",
        "href": "https://www.woolworths.com.au/shop/productdetails/742023/home-essentials-kitchen-manchester-jumbo-tea-towels",
        "imgName": "742023.jpg",
        "imgSrc": "https://cdn0.woolworths.media/content/wowproductimages/medium/742023.jpg",
        "name": "Home Essentials Kitchen Manchester Jumbo Tea Towels 3 pack",
        "price": 8,
        "unitPrice": "$2.67 / 1EA"
    },
    {
        "category": "household",
        "href": "https://www.woolworths.com.au/shop/productdetails/764377/nourish-magazine",
        "imgName": "764377.jpg",
        "imgSrc": "https://cdn0.woolworths.media/content/wowproductimages/medium/764377.jpg",
        "name": "Nourish Magazine",
        "price": 6.95
    },
    {
        "category": "household",
        "href": "https://www.woolworths.com.au/shop/productdetails/889298/epson-printer-ink-200-std-capacity-magenta",
        "imgName": "889298.jpg",
        "imgSrc": "https://cdn0.woolworths.media/content/wowproductimages/medium/889298.jpg",
        "name": "Epson Printer Ink 200 Std Capacity Magenta each",
        "price": 15
    },
    {
        "category": "household",
        "href": "https://www.woolworths.com.au/shop/productdetails/7420/essentials-cutlery-stainless-steel-table-fork",
        "imgName": "007420.jpg",
        "imgSrc": "https://cdn0.woolworths.media/content/wowproductimages/medium/007420.jpg",
        "name": "Essentials Cutlery Stainless Steel Table Fork 4pk"
    },
    {
        "category": "household",
        "href": "https://www.woolworths.com.au/shop/productdetails/4575/wt-demineralised-water-ironing",
        "imgName": "004575.jpg",
        "imgSrc": "https://cdn0.woolworths.media/content/wowproductimages/medium/004575.jpg",
        "name": "Wt Demineralised Water Ironing 2l",
        "price": 1.6,
        "unitPrice": "$0.80 / 1L"
    },
    {
        "category": "household",
        "href": "https://www.woolworths.com.au/shop/productdetails/8960/essentials-pre-wash-stain-remover",
        "imgName": "008960.jpg",
        "imgSrc": "https://cdn0.woolworths.media/content/wowproductimages/medium/008960.jpg",
        "name": "Essentials Pre Wash Stain Remover 500ml",
        "price": 1.25,
        "unitPrice": "$0.25 / 100ML"
    },
    {
        "category": "household",
        "href": "https://www.woolworths.com.au/shop/productdetails/24472/vin-a-clean-cleaning-vinegar",
        "imgName": "024472.jpg",
        "imgSrc": "https://cdn0.woolworths.media/content/wowproductimages/medium/024472.jpg",
        "name": "Vin-a-clean Cleaning Vinegar  2l",
        "price": 2.74,
        "unitPrice": "$0.14 / 100ML"
    },
    {
        "category": "household",
        "href": "https://www.woolworths.com.au/shop/productdetails/12677/new-idea",
        "imgName": "012677.jpg",
        "imgSrc": "https://cdn0.woolworths.media/content/wowproductimages/medium/012677.jpg",
        "name": "New Idea",
        "price": 4.5
    },
    {
        "category": "household",
        "href": "https://www.woolworths.com.au/shop/productdetails/29165/mortein-plus-insect-control-superbaits-nest-killer",
        "imgName": "029165.jpg",
        "imgSrc": "https://cdn0.woolworths.media/content/wowproductimages/medium/029165.jpg",
        "name": "Mortein Plus Insect Control Superbaits Nest Killer 21g",
        "price": 10.6,
        "unitPrice": "$50.48 / 100G"
    },
    {
        "category": "household",
        "href": "https://www.woolworths.com.au/shop/productdetails/59731/chevron-extension-lead-3m-10-amps",
        "imgName": "059731.jpg",
        "imgSrc": "https://cdn0.woolworths.media/content/wowproductimages/medium/059731.jpg",
        "name": "Chevron Extension Lead 3m 10 Amps each",
        "price": 5
    },
    {
        "category": "household",
        "href": "https://www.woolworths.com.au/shop/productdetails/65008/earth-choice-top-front-loader",
        "imgName": "065008.jpg",
        "imgSrc": "https://cdn0.woolworths.media/content/wowproductimages/medium/065008.jpg",
        "name": "Earth Choice Top & Front Loader  1l",
        "price": 2.39,
        "unitPrice": "$2.39 / 1L"
    },
    {
        "category": "household",
        "href": "https://www.woolworths.com.au/shop/productdetails/59957/chevron-extension-lead-5m-10-amps",
        "imgName": "059957.jpg",
        "imgSrc": "https://cdn0.woolworths.media/content/wowproductimages/medium/059957.jpg",
        "name": "Chevron Extension Lead 5m 10 Amps each",
        "price": 7
    },
    {
        "category": "household",
        "href": "https://www.woolworths.com.au/shop/productdetails/43499/sistema-storage-with-tray-7-9l",
        "imgName": "043499.jpg",
        "imgSrc": "https://cdn0.woolworths.media/content/wowproductimages/medium/043499.jpg",
        "name": "Sistema Storage With Tray 7.9l each",
        "price": 10
    },
    {
        "category": "household",
        "href": "https://www.woolworths.com.au/shop/productdetails/59297/air-wick-floor-carpet-deodorant-vanilla",
        "imgName": "059297.jpg",
        "imgSrc": "https://cdn0.woolworths.media/content/wowproductimages/medium/059297.jpg",
        "name": "Air Wick Floor Carpet Deodorant Vanilla 500g",
        "price": 3.25,
        "unitPrice": "$0.65 / 100G"
    },
    {
        "category": "household",
        "href": "https://www.woolworths.com.au/shop/productdetails/47365/home-handyman-foam-tape-double-sided",
        "imgName": "047365.jpg",
        "imgSrc": "https://cdn0.woolworths.media/content/wowproductimages/medium/047365.jpg",
        "name": "Home Handyman Foam Tape Double Sided 12mmx2m",
        "price": 3
    },
    {
        "category": "household",
        "href": "https://www.woolworths.com.au/shop/productdetails/67600/footcare-by-maseur-odour-stop-extra-tough-insole",
        "imgName": "067600.jpg",
        "imgSrc": "https://cdn0.woolworths.media/content/wowproductimages/medium/067600.jpg",
        "name": "Footcare By Maseur Odour Stop Extra Tough Insole 1pair",
        "price": 4.49
    },
    {
        "category": "household",
        "href": "https://www.woolworths.com.au/shop/productdetails/45745/decor-tellfresh-cake-storer-with-lifter",
        "imgName": "045745.jpg",
        "imgSrc": "https://cdn0.woolworths.media/content/wowproductimages/medium/045745.jpg",
        "name": "Decor Tellfresh Cake Storer With Lifter each",
        "price": 13.29
    },
    {
        "category": "household",
        "href": "https://www.woolworths.com.au/shop/productdetails/84606/mr-muscle-crystal-drain-cleaner-crystals",
        "imgName": "084606.jpg",
        "imgSrc": "https://cdn0.woolworths.media/content/wowproductimages/medium/084606.jpg",
        "name": "Mr Muscle Crystal Drain Cleaner Crystals 500g",
        "price": 11,
        "unitPrice": "$2.20 / 100G"
    },
    {
        "category": "household",
        "href": "https://www.woolworths.com.au/shop/productdetails/202534/krash-magazine",
        "imgName": "202534.jpg",
        "imgSrc": "https://cdn0.woolworths.media/content/wowproductimages/medium/202534.jpg",
        "name": "Krash Magazine  each",
        "price": 6.99
    },
    {
        "category": "household",
        "href": "https://www.woolworths.com.au/shop/productdetails/177119/sabco-lightng-mop-easy-change-refill",
        "imgName": "177119.jpg",
        "imgSrc": "https://cdn0.woolworths.media/content/wowproductimages/medium/177119.jpg",
        "name": "Sabco Lightng Mop Easy Change Refill 2pk",
        "price": 13.49,
        "unitPrice": "$6.75 / 1EA"
    },
    {
        "category": "household",
        "href": "https://www.woolworths.com.au/shop/productdetails/196680/sistema-klip-it-container-lunch-plus",
        "imgName": "196680.jpg",
        "imgSrc": "https://cdn0.woolworths.media/content/wowproductimages/medium/196680.jpg",
        "name": "Sistema Klip It Container Lunch Plus 1.2l",
        "price": 4.99,
        "unitPrice": "$4.99 / 1EA"
    },
    {
        "category": "household",
        "href": "https://www.woolworths.com.au/shop/productdetails/232820/homebrand-gloves-small",
        "imgName": "232820.jpg",
        "imgSrc": "https://cdn0.woolworths.media/content/wowproductimages/medium/232820.jpg",
        "name": "Homebrand Gloves Small 2pk",
        "price": 0.99,
        "unitPrice": "$0.50 / 1EA"
    },
    {
        "category": "household",
        "href": "https://www.woolworths.com.au/shop/productdetails/294453/home-essentials-kitchen-manchester-tea-towel-cotton-check-45x70cm",
        "imgName": "294453.jpg",
        "imgSrc": "https://cdn0.woolworths.media/content/wowproductimages/medium/294453.jpg",
        "name": "Home Essentials Kitchen Manchester Tea Towel Cotton Check 45x70cm 4pk",
        "price": 8,
        "unitPrice": "$2.00 / 1EA"
    },
    {
        "category": "household",
        "href": "https://www.woolworths.com.au/shop/productdetails/320148/woolworths-home-essentials-bath-mat-microfibre-blue-48x78cm",
        "imgName": "320148.jpg",
        "imgSrc": "https://cdn0.woolworths.media/content/wowproductimages/medium/320148.jpg",
        "name": "Woolworths Home Essentials Bath Mat Microfibre Blue 48x78cm each",
        "price": 20
    },
    {
        "category": "household",
        "href": "https://www.woolworths.com.au/shop/productdetails/332303/sistema-klip-it-plasticware-bakery-3-5l",
        "imgName": "332303.jpg",
        "imgSrc": "https://cdn0.woolworths.media/content/wowproductimages/medium/332303.jpg",
        "name": "Sistema Klip It Plasticware Bakery 3.5l each",
        "price": 11.5
    },
    {
        "category": "household",
        "href": "https://www.woolworths.com.au/shop/productdetails/341029/woolworths-select-manual-spray-air-freshener-vanilla",
        "imgName": "341029.jpg",
        "imgSrc": "https://cdn0.woolworths.media/content/wowproductimages/medium/341029.jpg",
        "name": "Woolworths Select Manual Spray Air Freshener Vanilla 150g",
        "price": 1.9,
        "unitPrice": "$0.13 / 10G"
    },
    {
        "category": "household",
        "href": "https://www.woolworths.com.au/shop/productdetails/341030/woolworths-select-manual-spray-air-freshener-frangipani",
        "imgName": "341030.jpg",
        "imgSrc": "https://cdn0.woolworths.media/content/wowproductimages/medium/341030.jpg",
        "name": "Woolworths Select Manual Spray Air Freshener Frangipani 150g",
        "price": 1.9,
        "unitPrice": "$0.13 / 10G"
    },
    {
        "category": "household",
        "href": "https://www.woolworths.com.au/shop/productdetails/321275/ecostore-fabric-softener",
        "imgName": "321275.jpg",
        "imgSrc": "https://cdn0.woolworths.media/content/wowproductimages/medium/321275.jpg",
        "name": "Ecostore Fabric Softener  500ml",
        "price": 6.99,
        "unitPrice": "$13.98 / 1L"
    },
    {
        "category": "household",
        "href": "https://www.woolworths.com.au/shop/productdetails/321007/command-medium-hooks-value-pack",
        "imgName": "321007.jpg",
        "imgSrc": "https://cdn0.woolworths.media/content/wowproductimages/medium/321007.jpg",
        "name": "Command Medium Hooks Value Pack 6pk",
        "price": 13.5,
        "unitPrice": "$2.25 / 1EA"
    },
    {
        "category": "household",
        "href": "https://www.woolworths.com.au/shop/productdetails/380055/woolworths-essentials-scissors-soft-grip",
        "imgName": "380055.jpg",
        "imgSrc": "https://cdn0.woolworths.media/content/wowproductimages/medium/380055.jpg",
        "name": "Woolworths Essentials Scissors Soft Grip each",
        "price": 4
    },
    {
        "category": "household",
        "href": "https://www.woolworths.com.au/shop/productdetails/352344/roundup-garden-weed-killer-fast-action",
        "imgName": "352344.jpg",
        "imgSrc": "https://cdn0.woolworths.media/content/wowproductimages/medium/352344.jpg",
        "name": "Roundup Garden Weed Killer Fast Action 1l",
        "price": 20,
        "unitPrice": "$2.00 / 100ML"
    },
    {
        "category": "household",
        "href": "https://www.woolworths.com.au/shop/productdetails/352346/blitzem-garden-snail-slug-pellets",
        "imgName": "352346.jpg",
        "imgSrc": "https://cdn0.woolworths.media/content/wowproductimages/medium/352346.jpg",
        "name": "Blitzem Garden Snail & Slug Pellets 500g",
        "price": 3.8,
        "unitPrice": "$0.76 / 100G"
    },
    {
        "category": "household",
        "href": "https://www.woolworths.com.au/shop/productdetails/337755/homebrand-toilet-tissue-2ply-white",
        "imgName": "337755.jpg",
        "imgSrc": "https://cdn0.woolworths.media/content/wowproductimages/medium/337755.jpg",
        "name": "Homebrand Toilet Tissue 2ply White 12pk",
        "price": 3.65,
        "unitPrice": "$0.12 / 100SS"
    },
    {
        "category": "household",
        "href": "https://www.woolworths.com.au/shop/productdetails/341028/woolworths-select-manual-spray-air-freshener-lavender-fields",
        "imgName": "341028.jpg",
        "imgSrc": "https://cdn0.woolworths.media/content/wowproductimages/medium/341028.jpg",
        "name": "Woolworths Select Manual Spray Air Freshener Lavender Fields 150g",
        "price": 1.9,
        "unitPrice": "$0.13 / 10G"
    },
    {
        "category": "household",
        "href": "https://www.woolworths.com.au/shop/productdetails/383860/uhu-glu-stick-clear",
        "imgName": "383860.jpg",
        "imgSrc": "https://cdn0.woolworths.media/content/wowproductimages/medium/383860.jpg",
        "name": "Uhu Glu Stick Clear 40g each",
        "price": 3.7
    },
    {
        "category": "household",
        "href": "https://www.woolworths.com.au/shop/productdetails/367141/home-essentials-cutlery-pearl-table-knife",
        "imgName": "367141.jpg",
        "imgSrc": "https://cdn0.woolworths.media/content/wowproductimages/medium/367141.jpg",
        "name": "Home Essentials Cutlery Pearl Table Knife 4pk",
        "price": 6
    },
    {
        "category": "household",
        "href": "https://www.woolworths.com.au/shop/productdetails/471190/inspire-print-antipasto-dish",
        "imgName": "471190.jpg",
        "imgSrc": "https://cdn0.woolworths.media/content/wowproductimages/medium/471190.jpg",
        "name": "Inspire Print Antipasto Dish  each",
        "price": 2
    },
    {
        "category": "household",
        "href": "https://www.woolworths.com.au/shop/productdetails/432603/inspire-bullet-mug-porcelain-orange",
        "imgName": "432603.jpg",
        "imgSrc": "https://cdn0.woolworths.media/content/wowproductimages/medium/432603.jpg",
        "name": "Inspire Bullet Mug Porcelain Orange each",
        "price": 3
    },
    {
        "category": "household",
        "href": "https://www.woolworths.com.au/shop/productdetails/485590/hercules-sandwich-bags-twin-zip-jumbo",
        "imgName": "485590.jpg",
        "imgSrc": "https://cdn0.woolworths.media/content/wowproductimages/medium/485590.jpg",
        "name": "Hercules Sandwich Bags Twin Zip Jumbo 8 pack",
        "price": 3.99,
        "unitPrice": "$0.50 / 1EA"
    },
    {
        "category": "household",
        "href": "https://www.woolworths.com.au/shop/productdetails/492055/yates-lawn-fertiliser-hose-on",
        "imgName": "492055.jpg",
        "imgSrc": "https://cdn0.woolworths.media/content/wowproductimages/medium/492055.jpg",
        "name": "Yates Lawn Fertiliser Hose On 2l",
        "price": 14,
        "unitPrice": "$0.70 / 100ML"
    },
    {
        "category": "household",
        "href": "https://www.woolworths.com.au/shop/productdetails/642979/energizer-anti-shock-phone-case-1-2m-iphone-6-7-8",
        "imgName": "642979.jpg",
        "imgSrc": "https://cdn0.woolworths.media/content/wowproductimages/medium/642979.jpg",
        "name": "Energizer Anti-shock Phone Case 1.2m Iphone 6/7/8 1ea",
        "price": 20
    },
    {
        "category": "household",
        "href": "https://www.woolworths.com.au/shop/productdetails/598466/inspire-large-oval-platter",
        "imgName": "598466.jpg",
        "imgSrc": "https://cdn0.woolworths.media/content/wowproductimages/medium/598466.jpg",
        "name": "Inspire Large Oval Platter  1ea",
        "price": 10
    },
    {
        "category": "household",
        "href": "https://www.woolworths.com.au/shop/productdetails/618578/moki-exo-evolve-bluetooth-earphones",
        "imgName": "618578.jpg",
        "imgSrc": "https://cdn0.woolworths.media/content/wowproductimages/medium/618578.jpg",
        "name": "Moki Exo Evolve Bluetooth Earphones each",
        "price": 30
    },
    {
        "category": "household",
        "href": "https://www.woolworths.com.au/shop/productdetails/642426/buzz-disposable-fly-trap",
        "imgName": "642426.jpg",
        "imgSrc": "https://cdn0.woolworths.media/content/wowproductimages/medium/642426.jpg",
        "name": "Buzz Disposable Fly Trap each",
        "price": 9,
        "unitPrice": "$9.00 / 1EA"
    },
    {
        "category": "household",
        "href": "https://www.woolworths.com.au/shop/productdetails/738604/earth-choice-dishwashing-tablets",
        "imgName": "738604.jpg",
        "imgSrc": "https://cdn0.woolworths.media/content/wowproductimages/medium/738604.jpg",
        "name": "Earth Choice Dishwashing Tablets 42pk",
        "price": 16.2,
        "unitPrice": "$0.39 / 1EA"
    },
    {
        "category": "household",
        "href": "https://www.woolworths.com.au/shop/productdetails/747318/kiwi-shoe-care-shoe-laces-yellow-brown",
        "imgName": "747318.jpg",
        "imgSrc": "https://cdn0.woolworths.media/content/wowproductimages/medium/747318.jpg",
        "name": "Kiwi Shoe Care Shoe Laces Yellow/brown 150cm each",
        "price": 2.99
    },
    {
        "category": "household",
        "href": "https://www.woolworths.com.au/shop/productdetails/651874/elmers-glitter-glue",
        "imgName": "651874.jpg",
        "imgSrc": "https://cdn0.woolworths.media/content/wowproductimages/medium/651874.jpg",
        "name": "Elmers Glitter Glue  177ml",
        "price": 7
    },
    {
        "category": "household",
        "href": "https://www.woolworths.com.au/shop/productdetails/790221/woolworths-select-cutlery-set-dark-blue",
        "imgName": "790221.jpg",
        "imgSrc": "https://cdn0.woolworths.media/content/wowproductimages/medium/790221.jpg",
        "name": "Woolworths Select Cutlery Set Dark Blue 18pk",
        "price": 3,
        "unitPrice": "$0.17 / 1EA"
    },
    {
        "category": "household",
        "href": "https://www.woolworths.com.au/shop/productdetails/746728/fabulon-fabric-care-lemon-aerosol",
        "imgName": "746728.jpg",
        "imgSrc": "https://cdn0.woolworths.media/content/wowproductimages/medium/746728.jpg",
        "name": "Fabulon Fabric Care Lemon Aerosol 385g",
        "price": 5.59,
        "unitPrice": "$14.52 / 1KG"
    },
    {
        "category": "household",
        "href": "https://www.woolworths.com.au/shop/productdetails/763451/vileda-mop-bucket",
        "imgName": "763451.jpg",
        "imgSrc": "https://cdn0.woolworths.media/content/wowproductimages/medium/763451.jpg",
        "name": "Vileda Mop Bucket each",
        "price": 36.2,
        "unitPrice": "$36.20 / 1EA"
    },
    {
        "category": "household",
        "href": "https://www.woolworths.com.au/shop/productdetails/756630/canon-printer-ink-cl641-tri-colour-inktank",
        "imgName": "756630.jpg",
        "imgSrc": "https://cdn0.woolworths.media/content/wowproductimages/medium/756630.jpg",
        "name": "Canon Printer Ink Cl641 Tri Colour Inktank each",
        "price": 32
    },
    {
        "category": "household",
        "href": "https://www.woolworths.com.au/shop/productdetails/749142/all-day-socks-mens-black-11-13",
        "imgName": "749142.jpg",
        "imgSrc": "https://cdn0.woolworths.media/content/wowproductimages/medium/749142.jpg",
        "name": "All Day Socks Mens Black 11-13 2pk",
        "price": 15,
        "unitPrice": "$7.50 / 1EA"
    },
    {
        "category": "household",
        "href": "https://www.woolworths.com.au/shop/productdetails/759711/earth-choice-inwash-soaker-booster",
        "imgName": "759711.jpg",
        "imgSrc": "https://cdn0.woolworths.media/content/wowproductimages/medium/759711.jpg",
        "name": "Earth Choice Inwash & Soaker & Booster 2kg",
        "price": 11.99,
        "unitPrice": "$6.00 / 1KG"
    },
    {
        "category": "household",
        "href": "https://www.woolworths.com.au/shop/productdetails/767064/elle-magazine",
        "imgName": "767064.jpg",
        "imgSrc": "https://cdn0.woolworths.media/content/wowproductimages/medium/767064.jpg",
        "name": "Elle Magazine",
        "price": 8.5
    },
    {
        "category": "household",
        "href": "https://www.woolworths.com.au/shop/productdetails/786624/hub-micro-usb-sync-charge-cable-for-multiple-devices-1-2m-long",
        "imgName": "786624.jpg",
        "imgSrc": "https://cdn0.woolworths.media/content/wowproductimages/medium/786624.jpg",
        "name": "Hub Micro Usb Sync & Charge Cable For Multiple Devices 1.2m Long each",
        "price": 20
    },
    {
        "category": "household",
        "href": "https://www.woolworths.com.au/shop/productdetails/789783/party-costume-glow-wandstick",
        "imgName": "789783.jpg",
        "imgSrc": "https://cdn0.woolworths.media/content/wowproductimages/medium/789783.jpg",
        "name": "Party Costume Glow Wandstick each",
        "price": 2
    },
    {
        "category": "household",
        "href": "https://www.woolworths.com.au/shop/productdetails/786632/jamie-oliver-terracotta-baking-dish",
        "imgName": "786632.jpg",
        "imgSrc": "https://cdn0.woolworths.media/content/wowproductimages/medium/786632.jpg",
        "name": "Jamie Oliver Terracotta Baking Dish 22.5cm",
        "price": 13
    },
    {
        "category": "household",
        "href": "https://www.woolworths.com.au/shop/productdetails/786621/hub-micro-usb-charge-cable-for-multiple-device-1-2m-long",
        "imgName": "786621.jpg",
        "imgSrc": "https://cdn0.woolworths.media/content/wowproductimages/medium/786621.jpg",
        "name": "Hub Micro Usb & Charge Cable For Multiple Device 1.2m Long each",
        "price": 20
    },
    {
        "category": "household",
        "href": "https://www.woolworths.com.au/shop/productdetails/783521/command-picture-hanging-strips-large-black",
        "imgName": "783521.jpg",
        "imgSrc": "https://cdn0.woolworths.media/content/wowproductimages/medium/783521.jpg",
        "name": "Command Picture Hanging Strips Large Black each",
        "price": 7.5
    },
    {
        "category": "household",
        "href": "https://www.woolworths.com.au/shop/productdetails/789558/talon-insect-control-ant-kill-gel",
        "imgName": "789558.jpg",
        "imgSrc": "https://cdn0.woolworths.media/content/wowproductimages/medium/789558.jpg",
        "name": "Talon Insect Control Ant Kill Gel 5g",
        "price": 8,
        "unitPrice": "$160.00 / 100G"
    },
    {
        "category": "household",
        "href": "https://www.woolworths.com.au/shop/productdetails/867401/epson-printer-ink-220-std-capacity-value-pack",
        "imgName": "867401.jpg",
        "imgSrc": "https://cdn0.woolworths.media/content/wowproductimages/medium/867401.jpg",
        "name": "Epson Printer Ink 220 Std Capacity Value Pack each",
        "price": 59
    },
    {
        "category": "household",
        "href": "https://www.woolworths.com.au/shop/productdetails/840603/schticky-lint-roller-set-3-piece-reusable",
        "imgName": "840603.jpg",
        "imgSrc": "https://cdn0.woolworths.media/content/wowproductimages/medium/840603.jpg",
        "name": "Schticky Lint Roller Set 3 Piece Reusable each",
        "price": 10
    },
    {
        "category": "household",
        "href": "https://www.woolworths.com.au/shop/productdetails/898964/jamie-oliver-y-peeler",
        "imgName": "898964.jpg",
        "imgSrc": "https://cdn0.woolworths.media/content/wowproductimages/medium/898964.jpg",
        "name": "Jamie Oliver Y Peeler  each",
        "price": 8
    },
    {
        "category": "household",
        "href": "https://www.woolworths.com.au/shop/productdetails/770776/staysharp-utensil-multi-purpose-utility-knife",
        "imgName": "770776.jpg",
        "imgSrc": "https://cdn0.woolworths.media/content/wowproductimages/medium/770776.jpg",
        "name": "Staysharp Utensil Multi Purpose Utility Knife each",
        "price": 19.5
    },
    {
        "category": "household",
        "href": "https://www.woolworths.com.au/shop/productdetails/933676/vanish-preen-odour-neutralising-trigger",
        "imgName": "933676.jpg",
        "imgSrc": "https://cdn0.woolworths.media/content/wowproductimages/medium/933676.jpg",
        "name": "Vanish Preen Odour Neutralising Trigger 375ml",
        "price": 4.99,
        "unitPrice": "$13.31 / 1L"
    },
    {
        "category": "household",
        "href": "https://www.woolworths.com.au/shop/productdetails/889299/epson-printer-ink-200-std-capacity-yellow",
        "imgName": "889299.jpg",
        "imgSrc": "https://cdn0.woolworths.media/content/wowproductimages/medium/889299.jpg",
        "name": "Epson Printer Ink 200 Std Capacity Yellow each",
        "price": 15
    },
    {
        "category": "household",
        "href": "https://www.woolworths.com.au/shop/productdetails/896208/multix-kitchen-tidy-bags-super-strong",
        "imgName": "896208.jpg",
        "imgSrc": "https://cdn0.woolworths.media/content/wowproductimages/medium/896208.jpg",
        "name": "Multix Kitchen Tidy Bags Super Strong 18pk",
        "price": 4,
        "unitPrice": "$0.22 / 1EA"
    },
    {
        "category": "household",
        "href": "https://www.woolworths.com.au/shop/productdetails/636752/logitech-doodle-mouse-m238-m238-light-blue",
        "imgName": "636752.jpg",
        "imgSrc": "https://cdn0.woolworths.media/content/wowproductimages/medium/636752.jpg",
        "name": "Logitech Doodle Mouse M238 M238 Light Blue each",
        "price": 29.95
    },
    {
        "category": "household",
        "href": "https://www.woolworths.com.au/shop/productdetails/646533/sistema-laundry-stack-nest",
        "imgName": "646533.jpg",
        "imgSrc": "https://cdn0.woolworths.media/content/wowproductimages/medium/646533.jpg",
        "name": "Sistema Laundry Stack & Nest 18.5l",
        "price": 15
    },
    {
        "category": "household",
        "href": "https://www.woolworths.com.au/shop/productdetails/517047/select-garbage-bag-drawstring-56l",
        "imgName": "517047.jpg",
        "imgSrc": "https://cdn0.woolworths.media/content/wowproductimages/medium/517047.jpg",
        "name": "Select Garbage Bag Drawstring 56l 20pk",
        "price": 2.6,
        "unitPrice": "$0.13 / 1EA"
    },
    {
        "category": "household",
        "href": "https://www.woolworths.com.au/shop/productdetails/603467/5-piece-pencil-sets",
        "imgName": "603467.jpg",
        "imgSrc": "https://cdn0.woolworths.media/content/wowproductimages/medium/603467.jpg",
        "name": "5 Piece Pencil Sets  each",
        "price": 6
    },
    {
        "category": "household",
        "href": "https://www.woolworths.com.au/shop/productdetails/583628/air-wick-electric-twin-refill-frangipani",
        "imgName": "583628.jpg",
        "imgSrc": "https://cdn0.woolworths.media/content/wowproductimages/medium/583628.jpg",
        "name": "Air Wick Electric Twin Refill Frangipani 2pk 19ml",
        "price": 9.99,
        "unitPrice": "$26.29 / 100ML"
    },
    {
        "category": "household",
        "href": "https://www.woolworths.com.au/shop/productdetails/883972/brita-fill-go-new-gen-blue",
        "imgName": "883972.jpg",
        "imgSrc": "https://cdn0.woolworths.media/content/wowproductimages/medium/883972.jpg",
        "name": "Brita Fill & Go New Gen Blue each",
        "price": 21
    },
    {
        "category": "household",
        "href": "https://www.woolworths.com.au/shop/productdetails/634747/decor-match-ups-oblong-container-7l",
        "imgName": "634747.jpg",
        "imgSrc": "https://cdn0.woolworths.media/content/wowproductimages/medium/634747.jpg",
        "name": "Decor Match Ups Oblong Container 7l each",
        "price": 14.5
    },
    {
        "category": "household",
        "href": "https://www.woolworths.com.au/shop/productdetails/787494/woolworths-plastic-table-cover-coloured",
        "imgName": "787494.jpg",
        "imgSrc": "https://cdn0.woolworths.media/content/wowproductimages/medium/787494.jpg",
        "name": "Woolworths Plastic Table Cover Coloured each",
        "price": 2,
        "unitPrice": "$2.00 / 1EA"
    },
    {
        "category": "household",
        "href": "https://www.woolworths.com.au/shop/productdetails/262022/philips-halogen-g9-capsule-40w-2pk",
        "imgName": "262022.jpg",
        "imgSrc": "https://cdn0.woolworths.media/content/wowproductimages/medium/262022.jpg",
        "name": "Philips Halogen G9 Capsule 40w 2pk 2pk",
        "price": 5.5,
        "unitPrice": "$2.75 / 1EA"
    },
    {
        "category": "household",
        "href": "https://www.woolworths.com.au/shop/productdetails/610243/decor-bamboo-bowl-teal",
        "imgName": "610243.jpg",
        "imgSrc": "https://cdn0.woolworths.media/content/wowproductimages/medium/610243.jpg",
        "name": "Decor Bamboo Bowl Teal each",
        "price": 4,
        "unitPrice": "$4.00 / 1EA"
    },
    {
        "category": "household",
        "href": "https://www.woolworths.com.au/shop/productdetails/617539/paperclick-ballpoint-pens-black",
        "imgName": "617539.jpg",
        "imgSrc": "https://cdn0.woolworths.media/content/wowproductimages/medium/617539.jpg",
        "name": "Paperclick Ballpoint Pens Black  20pk",
        "price": 4
    },
    {
        "category": "household",
        "href": "https://www.woolworths.com.au/shop/productdetails/639497/sistema-klip-it-rectangle-container",
        "imgName": "639497.jpg",
        "imgSrc": "https://cdn0.woolworths.media/content/wowproductimages/medium/639497.jpg",
        "name": "Sistema Klip It Rectangle Container 2l 2pk",
        "price": 11
    },
    {
        "category": "household",
        "href": "https://www.woolworths.com.au/shop/productdetails/516958/sparkler-number-0-gold-or-silver",
        "imgName": "516958.jpg",
        "imgSrc": "https://cdn0.woolworths.media/content/wowproductimages/medium/516958.jpg",
        "name": "Sparkler Number 0 Gold Or Silver each",
        "price": 1.5,
        "unitPrice": "$1.50 / 1EA"
    },
    {
        "category": "household",
        "href": "https://www.woolworths.com.au/shop/productdetails/798360/inspire-geometric-designs-shower-curtain",
        "imgName": "798360.jpg",
        "imgSrc": "https://cdn0.woolworths.media/content/wowproductimages/medium/798360.jpg",
        "name": "Inspire Geometric Designs Shower Curtain each",
        "price": 15
    },
    {
        "category": "household",
        "href": "https://www.woolworths.com.au/shop/productdetails/659757/staedtler-gemoetry-set",
        "imgName": "659757.jpg",
        "imgSrc": "https://cdn0.woolworths.media/content/wowproductimages/medium/659757.jpg",
        "name": "Staedtler Gemoetry Set  ea",
        "price": 5
    },
    {
        "category": "household",
        "href": "https://www.woolworths.com.au/shop/productdetails/635566/decor-enduro-silicon-bottle-450ml",
        "imgName": "635566.jpg",
        "imgSrc": "https://cdn0.woolworths.media/content/wowproductimages/medium/635566.jpg",
        "name": "Decor Enduro Silicon Bottle 450ml each",
        "price": 15.99
    },
    {
        "category": "household",
        "href": "https://www.woolworths.com.au/shop/productdetails/495558/reusable-food-storage-container-2l",
        "imgName": "495558.jpg",
        "imgSrc": "https://cdn0.woolworths.media/content/wowproductimages/medium/495558.jpg",
        "name": "Reusable Food Storage Container 2l 2pk",
        "price": 5,
        "unitPrice": "$5.00 / 1EA"
    },
    {
        "category": "household",
        "href": "https://www.woolworths.com.au/shop/productdetails/611644/decor-bamboo-dinner-plate",
        "imgName": "611644.jpg",
        "imgSrc": "https://cdn0.woolworths.media/content/wowproductimages/medium/611644.jpg",
        "name": "Decor Bamboo Dinner Plate  each",
        "price": 5
    },
    {
        "category": "household",
        "href": "https://www.woolworths.com.au/shop/productdetails/505774/inspire-strainer-bowl",
        "imgName": "505774.jpg",
        "imgSrc": "https://cdn0.woolworths.media/content/wowproductimages/medium/505774.jpg",
        "name": "Inspire Strainer Bowl  each",
        "price": 8
    },
    {
        "category": "household",
        "href": "https://www.woolworths.com.au/shop/productdetails/557811/mirabella-desk-lamp",
        "imgName": "557811.jpg",
        "imgSrc": "https://cdn0.woolworths.media/content/wowproductimages/medium/557811.jpg",
        "name": "Mirabella Desk Lamp  each",
        "price": 15,
        "unitPrice": "$15.00 / 1EA"
    },
    {
        "category": "household",
        "href": "https://www.woolworths.com.au/shop/productdetails/587105/zak-cars-3-melamine-bowl",
        "imgName": "587105.jpg",
        "imgSrc": "https://cdn0.woolworths.media/content/wowproductimages/medium/587105.jpg",
        "name": "Zak Cars 3 Melamine Bowl each",
        "price": 5
    },
    {
        "category": "household",
        "href": "https://www.woolworths.com.au/shop/productdetails/656671/scotch-felt-pads-value-pack",
        "imgName": "656671.jpg",
        "imgSrc": "https://cdn0.woolworths.media/content/wowproductimages/medium/656671.jpg",
        "name": "Scotch Felt Pads Value Pack 28pk",
        "price": 12,
        "unitPrice": "$0.43 / 1EA"
    },
    {
        "category": "household",
        "href": "https://www.woolworths.com.au/shop/productdetails/615016/paperclick-permanet-markers-black",
        "imgName": "615016.jpg",
        "imgSrc": "https://cdn0.woolworths.media/content/wowproductimages/medium/615016.jpg",
        "name": "Paperclick Permanet Markers Black 2pk",
        "price": 3
    },
    {
        "category": "household",
        "href": "https://www.woolworths.com.au/shop/productdetails/757342/collective-hub-magazine",
        "imgName": "757342.jpg",
        "imgSrc": "https://cdn0.woolworths.media/content/wowproductimages/medium/757342.jpg",
        "name": "Collective Hub Magazine",
        "price": 9.95
    },
    {
        "category": "household",
        "href": "https://www.woolworths.com.au/shop/productdetails/778086/woolworths-select-scrubbing-brush-tile-grout",
        "imgName": "778086.jpg",
        "imgSrc": "https://cdn0.woolworths.media/content/wowproductimages/medium/778086.jpg",
        "name": "Woolworths Select Scrubbing Brush Tile & Grout each",
        "price": 2.99,
        "unitPrice": "$2.99 / 1EA"
    },
    {
        "category": "household",
        "href": "https://www.woolworths.com.au/shop/productdetails/517086/select-odour-neutralising-anti-bacterial-kitchen-tidy-bags-large",
        "imgName": "517086.jpg",
        "imgSrc": "https://cdn0.woolworths.media/content/wowproductimages/medium/517086.jpg",
        "name": "Select Odour Neutralising & Anti-bacterial Kitchen Tidy Bags Large 15pk",
        "price": 3,
        "unitPrice": "$0.20 / 1EA"
    },
    {
        "category": "household",
        "href": "https://www.woolworths.com.au/shop/productdetails/864937/orange-power-spot-goo-remover",
        "imgName": "864937.jpg",
        "imgSrc": "https://cdn0.woolworths.media/content/wowproductimages/medium/864937.jpg",
        "name": "Orange Power Spot & Goo Remover 110ml",
        "price": 5.39,
        "unitPrice": "$4.90 / 100ML"
    },
    {
        "category": "household",
        "href": "https://www.woolworths.com.au/shop/productdetails/788174/party-candle-metallics-number-1",
        "imgName": "788174.jpg",
        "imgSrc": "https://cdn0.woolworths.media/content/wowproductimages/medium/788174.jpg",
        "name": "Party Candle Metallics Number 1 each",
        "price": 1,
        "unitPrice": "$1.00 / 1EA"
    },
    {
        "category": "household",
        "href": "https://www.woolworths.com.au/shop/productdetails/629378/bushman-plus-20-deet-insect-repellent-pump-spray",
        "imgName": "629378.jpg",
        "imgSrc": "https://cdn0.woolworths.media/content/wowproductimages/medium/629378.jpg",
        "name": "Bushman Plus 20% Deet Insect Repellent Pump Spray 100ml",
        "price": 11,
        "unitPrice": "$11.00 / 100ML"
    },
    {
        "category": "household",
        "href": "https://www.woolworths.com.au/shop/productdetails/480291/homebrand-pool-tablets",
        "imgName": "480291.jpg",
        "imgSrc": "https://cdn0.woolworths.media/content/wowproductimages/medium/480291.jpg",
        "name": "Homebrand Pool Tablets  10pk 2kg",
        "price": 21.99,
        "unitPrice": "$11.00 / 1KG"
    },
    {
        "category": "household",
        "href": "https://www.woolworths.com.au/shop/productdetails/558261/bref-power-active-toilet-cleaner-fresh-flowers",
        "imgName": "558261.jpg",
        "imgSrc": "https://cdn0.woolworths.media/content/wowproductimages/medium/558261.jpg",
        "name": "Bref Power Active Toilet Cleaner Fresh Flowers 50g",
        "price": 5,
        "unitPrice": "$10.00 / 100G"
    },
    {
        "category": "household",
        "href": "https://www.woolworths.com.au/shop/productdetails/790356/woolworths-plastic-plates-large-red",
        "imgName": "790356.jpg",
        "imgSrc": "https://cdn0.woolworths.media/content/wowproductimages/medium/790356.jpg",
        "name": "Woolworths Plastic Plates Large Red 20pk",
        "price": 7,
        "unitPrice": "$0.35 / 1EA"
    },
    {
        "category": "household",
        "href": "https://www.woolworths.com.au/shop/productdetails/517048/select-garden-garbage-bag",
        "imgName": "517048.jpg",
        "imgSrc": "https://cdn0.woolworths.media/content/wowproductimages/medium/517048.jpg",
        "name": "Select Garden Garbage Bag 3pk",
        "price": 2.54,
        "unitPrice": "$2.54 / 1EA"
    },
    {
        "category": "household",
        "href": "https://www.woolworths.com.au/shop/productdetails/572051/philips-led-scene-switch-dimmable-small-edison-screw",
        "imgName": "572051.jpg",
        "imgSrc": "https://cdn0.woolworths.media/content/wowproductimages/medium/572051.jpg",
        "name": "Philips Led Scene Switch Dimmable Small Edison Screw 1pk",
        "price": 15
    },
    {
        "category": "household",
        "href": "https://www.woolworths.com.au/shop/productdetails/659939/omo-touch-of-comfort-laundry-liquid",
        "imgName": "659939.jpg",
        "imgSrc": "https://cdn0.woolworths.media/content/wowproductimages/medium/659939.jpg",
        "name": "Omo Touch Of Comfort Laundry Liquid 2l",
        "price": 19.99,
        "unitPrice": "$10.00 / 1L"
    },
    {
        "category": "household",
        "href": "https://www.woolworths.com.au/shop/productdetails/788849/party-balloons-happy-birthday",
        "imgName": "788849.jpg",
        "imgSrc": "https://cdn0.woolworths.media/content/wowproductimages/medium/788849.jpg",
        "name": "Party Balloons Happy Birthday 30cm 6pk",
        "price": 2,
        "unitPrice": "$0.33 / 1EA"
    },
    {
        "category": "household",
        "href": "https://www.woolworths.com.au/shop/productdetails/778251/essentials-anklet-pantyhose-natural-one-size",
        "imgName": "778251.jpg",
        "imgSrc": "https://cdn0.woolworths.media/content/wowproductimages/medium/778251.jpg",
        "name": "Essentials Anklet Pantyhose Natural One Size 4pk",
        "price": 3
    },
    {
        "category": "household",
        "href": "https://www.woolworths.com.au/shop/productdetails/777631/hollywood-bra-silicon-nipple-cover",
        "imgName": "777631.jpg",
        "imgSrc": "https://cdn0.woolworths.media/content/wowproductimages/medium/777631.jpg",
        "name": "Hollywood Bra Silicon Nipple Cover each",
        "price": 19.95,
        "unitPrice": "$19.95 / 1EA"
    },
    {
        "category": "household",
        "href": "https://www.woolworths.com.au/shop/productdetails/517097/sparkler-number-9-gold-or-silver",
        "imgName": "517097.jpg",
        "imgSrc": "https://cdn0.woolworths.media/content/wowproductimages/medium/517097.jpg",
        "name": "Sparkler Number 9 Gold Or Silver each",
        "price": 1.5,
        "unitPrice": "$1.50 / 1EA"
    },
    {
        "category": "household",
        "href": "https://www.woolworths.com.au/shop/productdetails/471192/inspire-print-bowl-small",
        "imgName": "471192.jpg",
        "imgSrc": "https://cdn0.woolworths.media/content/wowproductimages/medium/471192.jpg",
        "name": "Inspire Print Bowl Small each",
        "price": 3
    },
    {
        "category": "household",
        "href": "https://www.woolworths.com.au/shop/productdetails/523234/heidi-klum-ladies-bikini-underwear-size-12",
        "imgName": "523234.jpg",
        "imgSrc": "https://cdn0.woolworths.media/content/wowproductimages/medium/523234.jpg",
        "name": "Heidi Klum Ladies Bikini Underwear Size 12 1ea",
        "price": 20
    },
    {
        "category": "household",
        "href": "https://www.woolworths.com.au/shop/productdetails/598599/fluffy-fabric-softener-coconut-vanilla",
        "imgName": "598599.jpg",
        "imgSrc": "https://cdn0.woolworths.media/content/wowproductimages/medium/598599.jpg",
        "name": "Fluffy Fabric Softener Coconut & Vanilla 2l",
        "price": 5,
        "unitPrice": "$2.50 / 1L"
    },
    {
        "category": "household",
        "href": "https://www.woolworths.com.au/shop/productdetails/778274/woolworths-select-bucket",
        "imgName": "778274.jpg",
        "imgSrc": "https://cdn0.woolworths.media/content/wowproductimages/medium/778274.jpg",
        "name": "Woolworths Select Bucket  15l",
        "price": 7.99,
        "unitPrice": "$7.99 / 1EA"
    },
    {
        "category": "household",
        "href": "https://www.woolworths.com.au/shop/productdetails/788177/party-candle-metallics-number-3",
        "imgName": "788177.jpg",
        "imgSrc": "https://cdn0.woolworths.media/content/wowproductimages/medium/788177.jpg",
        "name": "Party Candle Metallics Number 3 each",
        "price": 1,
        "unitPrice": "$1.00 / 1EA"
    },
    {
        "category": "household",
        "href": "https://www.woolworths.com.au/shop/productdetails/520611/all-day-ladies-ladies-invisible-footlet-5-8",
        "imgName": "520611.jpg",
        "imgSrc": "https://cdn0.woolworths.media/content/wowproductimages/medium/520611.jpg",
        "name": "All Day Ladies Ladies Invisible Footlet 5/8 3pk",
        "price": 8
    },
    {
        "category": "household",
        "href": "https://www.woolworths.com.au/shop/productdetails/651996/expo-dry-erase-markers-vibrant-color-mix",
        "imgName": "651996.jpg",
        "imgSrc": "https://cdn0.woolworths.media/content/wowproductimages/medium/651996.jpg",
        "name": "Expo Dry Erase Markers Vibrant Color Mix 4pk",
        "price": 11.5
    },
    {
        "category": "household",
        "href": "https://www.woolworths.com.au/shop/productdetails/741514/woolworths-essentials-underwear-brief-size-xl",
        "imgName": "741514.jpg",
        "imgSrc": "https://cdn0.woolworths.media/content/wowproductimages/medium/741514.jpg",
        "name": "Woolworths Essentials Underwear Brief Size Xl 5pk",
        "price": 14,
        "unitPrice": "$2.80 / 1EA"
    },
    {
        "category": "household",
        "href": "https://www.woolworths.com.au/shop/productdetails/648154/crayola-flat-paint-brushes",
        "imgName": "648154.jpg",
        "imgSrc": "https://cdn0.woolworths.media/content/wowproductimages/medium/648154.jpg",
        "name": "Crayola Flat Paint Brushes  4pk",
        "price": 5
    },
    {
        "category": "household",
        "href": "https://www.woolworths.com.au/shop/productdetails/433172/frozen-buildable-figurine",
        "imgName": "433172.jpg",
        "imgSrc": "https://cdn0.woolworths.media/content/wowproductimages/medium/433172.jpg",
        "name": "Frozen Buildable Figurine  each",
        "price": 4
    },
    {
        "category": "household",
        "href": "https://www.woolworths.com.au/shop/productdetails/565835/aroma-essentials-candle-lemongrass-ginger",
        "imgName": "565835.jpg",
        "imgSrc": "https://cdn0.woolworths.media/content/wowproductimages/medium/565835.jpg",
        "name": "Aroma Essentials Candle Lemongrass & Ginger 300g",
        "price": 15,
        "unitPrice": "$5.00 / 100G"
    },
    {
        "category": "household",
        "href": "https://www.woolworths.com.au/shop/productdetails/603804/paperclick-recycled-copy-paper-a4",
        "imgName": "603804.jpg",
        "imgSrc": "https://cdn0.woolworths.media/content/wowproductimages/medium/603804.jpg",
        "name": "Paperclick Recycled Copy Paper A4 500 sheets",
        "price": 5.5
    },
    {
        "category": "household",
        "href": "https://www.woolworths.com.au/shop/productdetails/572497/vileda-multi-fit-sponge-mop-refill",
        "imgName": "572497.jpg",
        "imgSrc": "https://cdn0.woolworths.media/content/wowproductimages/medium/572497.jpg",
        "name": "Vileda Multi Fit Sponge Mop Refill 2pk",
        "price": 15.79,
        "unitPrice": "$7.90 / 1EA"
    },
    {
        "category": "household",
        "href": "https://www.woolworths.com.au/shop/productdetails/517140/sparkler-number-6-gold-or-silver",
        "imgName": "517140.jpg",
        "imgSrc": "https://cdn0.woolworths.media/content/wowproductimages/medium/517140.jpg",
        "name": "Sparkler Number 6 Gold Or Silver each",
        "price": 1.5,
        "unitPrice": "$1.50 / 1EA"
    },
    {
        "category": "household",
        "href": "https://www.woolworths.com.au/shop/productdetails/511505/adesso-stainless-steel-sandwich-maker",
        "imgName": "511505.jpg",
        "imgSrc": "https://cdn0.woolworths.media/content/wowproductimages/medium/511505.jpg",
        "name": "Adesso Stainless Steel Sandwich Maker each",
        "price": 20
    },
    {
        "category": "household",
        "href": "https://www.woolworths.com.au/shop/productdetails/788954/party-candle-metallic-with-holder",
        "imgName": "788954.jpg",
        "imgSrc": "https://cdn0.woolworths.media/content/wowproductimages/medium/788954.jpg",
        "name": "Party Candle Metallic With Holder 12pk",
        "price": 3,
        "unitPrice": "$0.25 / 1EA"
    },
    {
        "category": "household",
        "href": "https://www.woolworths.com.au/shop/productdetails/615019/paperclick-hb-pencils",
        "imgName": "615019.jpg",
        "imgSrc": "https://cdn0.woolworths.media/content/wowproductimages/medium/615019.jpg",
        "name": "Paperclick Hb Pencils  5pk",
        "price": 3
    },
    {
        "category": "household",
        "href": "https://www.woolworths.com.au/shop/productdetails/636556/decor-strength-one-touch-cap-bottle-590ml",
        "imgName": "636556.jpg",
        "imgSrc": "https://cdn0.woolworths.media/content/wowproductimages/medium/636556.jpg",
        "name": "Decor Strength One Touch Cap Bottle 590ml each",
        "price": 19.99
    },
    {
        "category": "household",
        "href": "https://www.woolworths.com.au/shop/productdetails/544859/cold-power-lemon-fresh-front-top-liquid",
        "imgName": "544859.jpg",
        "imgSrc": "https://cdn0.woolworths.media/content/wowproductimages/medium/544859.jpg",
        "name": "Cold Power Lemon Fresh Front & Top Liquid 2l",
        "price": 16.5,
        "unitPrice": "$8.25 / 1L"
    },
    {
        "category": "household",
        "href": "https://www.woolworths.com.au/shop/productdetails/502324/star-wars-3d-car-air-fresh",
        "imgName": "502324.jpg",
        "imgSrc": "https://cdn0.woolworths.media/content/wowproductimages/medium/502324.jpg",
        "name": "Star Wars 3d Car Air Fresh 1ea",
        "price": 7
    },
    {
        "category": "household",
        "href": "https://www.woolworths.com.au/shop/productdetails/517110/select-kitchen-tidy-bag-lemon-scented-medium",
        "imgName": "517110.jpg",
        "imgSrc": "https://cdn0.woolworths.media/content/wowproductimages/medium/517110.jpg",
        "name": "Select Kitchen Tidy Bag Lemon Scented Medium 30pk",
        "price": 2.5,
        "unitPrice": "$0.08 / 1EA"
    },
    {
        "category": "household",
        "href": "https://www.woolworths.com.au/shop/productdetails/611799/hercules-ezy-slide-storage-bags",
        "imgName": "611799.jpg",
        "imgSrc": "https://cdn0.woolworths.media/content/wowproductimages/medium/611799.jpg",
        "name": "Hercules Ezy Slide Storage Bags 30pk",
        "price": 3.3,
        "unitPrice": "$0.11 / 1EA"
    },
    {
        "category": "household",
        "href": "https://www.woolworths.com.au/shop/productdetails/546786/dymo-clear-letratag-tape",
        "imgName": "546786.jpg",
        "imgSrc": "https://cdn0.woolworths.media/content/wowproductimages/medium/546786.jpg",
        "name": "Dymo Clear Letratag Tape  each",
        "price": 15
    },
    {
        "category": "household",
        "href": "https://www.woolworths.com.au/shop/productdetails/758138/wiltshire-bakeware-enamel-bake-pie-dish-26cm",
        "imgName": "758138.jpg",
        "imgSrc": "https://cdn0.woolworths.media/content/wowproductimages/medium/758138.jpg",
        "name": "Wiltshire Bakeware Enamel Bake Pie Dish 26cm each",
        "price": 12
    },
    {
        "category": "household",
        "href": "https://www.woolworths.com.au/shop/productdetails/519510/energizer-battery-advanced-c",
        "imgName": "519510.jpg",
        "imgSrc": "https://cdn0.woolworths.media/content/wowproductimages/medium/519510.jpg",
        "name": "Energizer Battery Advanced C 2pk",
        "price": 7,
        "unitPrice": "$3.50 / 1EA"
    },
    {
        "category": "household",
        "href": "https://www.woolworths.com.au/shop/productdetails/572063/philips-led-gu10-cool",
        "imgName": "572063.jpg",
        "imgSrc": "https://cdn0.woolworths.media/content/wowproductimages/medium/572063.jpg",
        "name": "Philips Led Gu10 Cool 1pk",
        "price": 10
    },
    {
        "category": "household",
        "href": "https://www.woolworths.com.au/shop/productdetails/848869/hp-printer-ink-935xl-yellow",
        "imgName": "848869.jpg",
        "imgSrc": "https://cdn0.woolworths.media/content/wowproductimages/medium/848869.jpg",
        "name": "Hp Printer Ink 935xl Yellow each",
        "price": 34
    },
    {
        "category": "household",
        "href": "https://www.woolworths.com.au/shop/productdetails/7795/girlfriend-magazine",
        "imgName": "007795.jpg",
        "imgSrc": "https://cdn0.woolworths.media/content/wowproductimages/medium/007795.jpg",
        "name": "Girlfriend Magazine  each",
        "price": 7.99
    },
    {
        "category": "household",
        "href": "https://www.woolworths.com.au/shop/productdetails/662999/post-it-sticky-notes-assorted",
        "imgName": "662999.jpg",
        "imgSrc": "https://cdn0.woolworths.media/content/wowproductimages/medium/662999.jpg",
        "name": "Post It Sticky Notes Assorted 3pk",
        "price": 5
    },
    {
        "category": "household",
        "href": "https://www.woolworths.com.au/shop/productdetails/877452/sabco-microfibre-dusting-glove",
        "imgName": "877452.jpg",
        "imgSrc": "https://cdn0.woolworths.media/content/wowproductimages/medium/877452.jpg",
        "name": "Sabco Microfibre Dusting Glove each",
        "price": 8.99,
        "unitPrice": "$8.99 / 1EA"
    },
    {
        "category": "household",
        "href": "https://www.woolworths.com.au/shop/productdetails/579597/quilton-toilet-paper-shea-butter",
        "imgName": "579597.jpg",
        "imgSrc": "https://cdn0.woolworths.media/content/wowproductimages/medium/579597.jpg",
        "name": "Quilton Toilet Paper Shea Butter 6pk",
        "price": 5,
        "unitPrice": "$0.60 / 100SS"
    },
    {
        "category": "household",
        "href": "https://www.woolworths.com.au/shop/productdetails/660432/clear-contact-book-covering-2m",
        "imgName": "660432.jpg",
        "imgSrc": "https://cdn0.woolworths.media/content/wowproductimages/medium/660432.jpg",
        "name": "Clear Contact Book Covering 2m each",
        "price": 2.5
    },
    {
        "category": "household",
        "href": "https://www.woolworths.com.au/shop/productdetails/788846/party-balloons-giant",
        "imgName": "788846.jpg",
        "imgSrc": "https://cdn0.woolworths.media/content/wowproductimages/medium/788846.jpg",
        "name": "Party Balloons Giant 5pk",
        "price": 2,
        "unitPrice": "$0.40 / 1EA"
    },
    {
        "category": "household",
        "href": "https://www.woolworths.com.au/shop/productdetails/651539/columbia-basic-eraser",
        "imgName": "651539.jpg",
        "imgSrc": "https://cdn0.woolworths.media/content/wowproductimages/medium/651539.jpg",
        "name": "Columbia Basic Eraser  2pk",
        "price": 2.5
    },
    {
        "category": "household",
        "href": "https://www.woolworths.com.au/shop/productdetails/615017/paperclick-pencil-sharpener",
        "imgName": "615017.jpg",
        "imgSrc": "https://cdn0.woolworths.media/content/wowproductimages/medium/615017.jpg",
        "name": "Paperclick Pencil Sharpener  1 pack",
        "price": 1.5
    },
    {
        "category": "household",
        "href": "https://www.woolworths.com.au/shop/productdetails/741985/woolworths-essentials-underwear-women-s-full-brief-size-12-14",
        "imgName": "741985.jpg",
        "imgSrc": "https://cdn0.woolworths.media/content/wowproductimages/medium/741985.jpg",
        "name": "Woolworths Essentials Underwear Women's Full Brief Size 12-14 each",
        "price": 10
    },
    {
        "category": "household",
        "href": "https://www.woolworths.com.au/shop/productdetails/642974/energizer-high-tech-iphone-x-protector",
        "imgName": "642974.jpg",
        "imgSrc": "https://cdn0.woolworths.media/content/wowproductimages/medium/642974.jpg",
        "name": "Energizer High Tech Iphone X Protector each",
        "price": 25
    },
    {
        "category": "household",
        "href": "https://www.woolworths.com.au/shop/productdetails/648162/crayola-washable-kids-paint",
        "imgName": "648162.jpg",
        "imgSrc": "https://cdn0.woolworths.media/content/wowproductimages/medium/648162.jpg",
        "name": "Crayola Washable Kids Paint  5pk",
        "price": 8
    },
    {
        "category": "household",
        "href": "https://www.woolworths.com.au/shop/productdetails/936476/spirax-notebook-a4-assorted-colours",
        "imgName": "936476.jpg",
        "imgSrc": "https://cdn0.woolworths.media/content/wowproductimages/medium/936476.jpg",
        "name": "Spirax Notebook A4 Assorted Colours 120pg each",
        "price": 4
    },
    {
        "category": "household",
        "href": "https://www.woolworths.com.au/shop/productdetails/801786/woolworths-select-white-toilet-tissue",
        "imgName": "801786.jpg",
        "imgSrc": "https://cdn0.woolworths.media/content/wowproductimages/medium/801786.jpg",
        "name": "Woolworths Select White Toilet Tissue 4pk",
        "price": 2.49,
        "unitPrice": "$0.33 / 100SS"
    },
    {
        "category": "household",
        "href": "https://www.woolworths.com.au/shop/productdetails/848/habee-savers-needles-compact-assorted",
        "imgName": "000848.jpg",
        "imgSrc": "https://cdn0.woolworths.media/content/wowproductimages/medium/000848.jpg",
        "name": "Habee Savers Needles Compact Assorted 30pk",
        "price": 2.1
    },
    {
        "category": "household",
        "href": "https://www.woolworths.com.au/shop/productdetails/43879/kiwi-shoe-polish-tan",
        "imgName": "043879.jpg",
        "imgSrc": "https://cdn0.woolworths.media/content/wowproductimages/medium/043879.jpg",
        "name": "Kiwi Shoe Polish Tan 38g",
        "price": 3.39,
        "unitPrice": "$8.92 / 100G"
    },
    {
        "category": "household",
        "href": "https://www.woolworths.com.au/shop/productdetails/451696/vanish-napisan-gold-stain-remover-oxi-action-crystal-white",
        "imgName": "451696.jpg",
        "imgSrc": "https://cdn0.woolworths.media/content/wowproductimages/medium/451696.jpg",
        "name": "Vanish Napisan Gold Stain Remover Oxi Action Crystal White 2kg",
        "price": 19.99,
        "unitPrice": "$10.00 / 1KG"
    },
    {
        "category": "household",
        "href": "https://www.woolworths.com.au/shop/productdetails/229981/hercules-click-zip-sandwich-bags-resealable-snack-size",
        "imgName": "229981.jpg",
        "imgSrc": "https://cdn0.woolworths.media/content/wowproductimages/medium/229981.jpg",
        "name": "Hercules Click Zip Sandwich Bags Resealable Snack Size 65pk",
        "price": 2.8,
        "unitPrice": "$0.04 / 1EA"
    },
    {
        "category": "household",
        "href": "https://www.woolworths.com.au/shop/productdetails/259130/cuddly-aromatherapy-relaxing-concentrated-fabric-conditioner",
        "imgName": "259130.jpg",
        "imgSrc": "https://cdn0.woolworths.media/content/wowproductimages/medium/259130.jpg",
        "name": "Cuddly Aromatherapy Relaxing Concentrated Fabric Conditioner 500ml",
        "price": 4.99,
        "unitPrice": "$9.98 / 1L"
    },
    {
        "category": "household",
        "href": "https://www.woolworths.com.au/shop/productdetails/576168/ambi-pur-mini-car-vent-clip-thai-dragon-fruit",
        "imgName": "576168.jpg",
        "imgSrc": "https://cdn0.woolworths.media/content/wowproductimages/medium/576168.jpg",
        "name": "Ambi Pur Mini Car Vent Clip Thai Dragon Fruit 2ml",
        "price": 5.99,
        "unitPrice": "$29.95 / 10ML"
    },
    {
        "category": "household",
        "href": "https://www.woolworths.com.au/shop/productdetails/598483/inspire-speckle-side-plate-assorted",
        "imgName": "598483.jpg",
        "imgSrc": "https://cdn0.woolworths.media/content/wowproductimages/medium/598483.jpg",
        "name": "Inspire Speckle Side Plate Assorted 1ea",
        "price": 3
    },
    {
        "category": "household",
        "href": "https://www.woolworths.com.au/shop/productdetails/598484/inspire-speckle-bowl-small",
        "imgName": "598484.jpg",
        "imgSrc": "https://cdn0.woolworths.media/content/wowproductimages/medium/598484.jpg",
        "name": "Inspire Speckle Bowl Small  1ea",
        "price": 3
    },
    {
        "category": "household",
        "href": "https://www.woolworths.com.au/shop/productdetails/208054/multix-kitchen-tidy-bags-handles-medium-degradable",
        "imgName": "208054.jpg",
        "imgSrc": "https://cdn0.woolworths.media/content/wowproductimages/medium/208054.jpg",
        "name": "Multix Kitchen Tidy Bags Handles Medium Degradable 30pk",
        "price": 3.1,
        "unitPrice": "$0.10 / 1EA"
    },
    {
        "category": "household",
        "href": "https://www.woolworths.com.au/shop/productdetails/402320/philips-led-scene-switch-e27",
        "imgName": "402320.jpg",
        "imgSrc": "https://cdn0.woolworths.media/content/wowproductimages/medium/402320.jpg",
        "name": "Philips Led Scene Switch E27 each",
        "price": 17.5,
        "unitPrice": "$17.50 / 1EA"
    },
    {
        "category": "household",
        "href": "https://www.woolworths.com.au/shop/productdetails/283063/pilot-frixion-ballpoint-pen-medium-blue",
        "imgName": "283063.jpg",
        "imgSrc": "https://cdn0.woolworths.media/content/wowproductimages/medium/283063.jpg",
        "name": "Pilot Frixion Ballpoint Pen Medium Blue each",
        "price": 3.25
    },
    {
        "category": "household",
        "href": "https://www.woolworths.com.au/shop/productdetails/508664/air-wick-life-scents-scented-oil-refill-garden-escape",
        "imgName": "508664.jpg",
        "imgSrc": "https://cdn0.woolworths.media/content/wowproductimages/medium/508664.jpg",
        "name": "Air Wick Life Scents Scented Oil Refill Garden Escape 1ea",
        "price": 7.49,
        "unitPrice": "$7.49 / 1EA"
    },
    {
        "category": "household",
        "href": "https://www.woolworths.com.au/shop/productdetails/741986/woolworths-essentials-underwear-women-s-full-brief-size-16-18",
        "imgName": "741986.jpg",
        "imgSrc": "https://cdn0.woolworths.media/content/wowproductimages/medium/741986.jpg",
        "name": "Woolworths Essentials Underwear Women's Full Brief Size 16-18 each",
        "price": 10
    },
    {
        "category": "household",
        "href": "https://www.woolworths.com.au/shop/productdetails/620180/foil-stick-balloon",
        "imgName": "620180.jpg",
        "imgSrc": "https://cdn0.woolworths.media/content/wowproductimages/medium/620180.jpg",
        "name": "Foil Stick Balloon  30cm",
        "price": 2,
        "unitPrice": "$2.00 / 1EA"
    },
    {
        "category": "household",
        "href": "https://www.woolworths.com.au/shop/productdetails/508154/scholl-gel-active-insoles-flat-shoes",
        "imgName": "508154.jpg",
        "imgSrc": "https://cdn0.woolworths.media/content/wowproductimages/medium/508154.jpg",
        "name": "Scholl Gel Active Insoles Flat Shoes each",
        "price": 19.99,
        "unitPrice": "$10.00 / 1EA"
    },
    {
        "category": "household",
        "href": "https://www.woolworths.com.au/shop/productdetails/521444/papermate-inkjoy-gel-0-7-assorted",
        "imgName": "521444.jpg",
        "imgSrc": "https://cdn0.woolworths.media/content/wowproductimages/medium/521444.jpg",
        "name": "Papermate Inkjoy Gel 0.7 Assorted 3pk",
        "price": 13,
        "unitPrice": "$4.33 / 1EA"
    },
    {
        "category": "household",
        "href": "https://www.woolworths.com.au/shop/productdetails/651557/columbia-fun-eraser",
        "imgName": "651557.jpg",
        "imgSrc": "https://cdn0.woolworths.media/content/wowproductimages/medium/651557.jpg",
        "name": "Columbia Fun Eraser  2pk",
        "price": 2.5
    },
    {
        "category": "household",
        "href": "https://www.woolworths.com.au/shop/productdetails/660238/radiant-laundry-powder-sports-wash",
        "imgName": "660238.jpg",
        "imgSrc": "https://cdn0.woolworths.media/content/wowproductimages/medium/660238.jpg",
        "name": "Radiant Laundry Powder Sports Wash 1kg",
        "price": 10,
        "unitPrice": "$10.00 / 1KG"
    },
    {
        "category": "household",
        "href": "https://www.woolworths.com.au/shop/productdetails/19787/handee-ultra-paper-towel-white",
        "imgName": "019787.jpg",
        "imgSrc": "https://cdn0.woolworths.media/content/wowproductimages/medium/019787.jpg",
        "name": "Handee Ultra Paper Towel White 2pk",
        "price": 3.5,
        "unitPrice": "$2.92 / 100SS"
    },
    {
        "category": "household",
        "href": "https://www.woolworths.com.au/shop/productdetails/210749/sabco-super-swish-xtra-dry-refill",
        "imgName": "210749.jpg",
        "imgSrc": "https://cdn0.woolworths.media/content/wowproductimages/medium/210749.jpg",
        "name": "Sabco Super Swish Xtra Dry Refill each",
        "price": 12.49
    },
    {
        "category": "household",
        "href": "https://www.woolworths.com.au/shop/productdetails/403158/gecko-office-mouse-pad",
        "imgName": "403158.jpg",
        "imgSrc": "https://cdn0.woolworths.media/content/wowproductimages/medium/403158.jpg",
        "name": "Gecko Office Mouse Pad  each",
        "price": 3.95
    },
    {
        "category": "household",
        "href": "https://www.woolworths.com.au/shop/productdetails/10286/eveready-torch-brilliant-beam-flashlight-2xaa",
        "imgName": "010286.jpg",
        "imgSrc": "https://cdn0.woolworths.media/content/wowproductimages/medium/010286.jpg",
        "name": "Eveready Torch Brilliant Beam Flashlight 2xaa each",
        "price": 9.59
    },
    {
        "category": "household",
        "href": "https://www.woolworths.com.au/shop/productdetails/175932/that-s-life-puzzler-crosswords",
        "imgName": "175932.jpg",
        "imgSrc": "https://cdn0.woolworths.media/content/wowproductimages/medium/175932.jpg",
        "name": "That's Life Puzzler Crosswords",
        "price": 4.9
    },
    {
        "category": "household",
        "href": "https://www.woolworths.com.au/shop/productdetails/247143/magic-3-in-1-multi-use-descaler",
        "imgName": "247143.jpg",
        "imgSrc": "https://cdn0.woolworths.media/content/wowproductimages/medium/247143.jpg",
        "name": "Magic 3 In 1 Multi Use Descaler 80gm",
        "price": 5.6,
        "unitPrice": "$7.00 / 100G"
    },
    {
        "category": "household",
        "href": "https://www.woolworths.com.au/shop/productdetails/551381/olsent-warm-white-led-gsl-globe-7-watt",
        "imgName": "551381.jpg",
        "imgSrc": "https://cdn0.woolworths.media/content/wowproductimages/medium/551381.jpg",
        "name": "Olsent Warm White Led Gsl Globe 7 Watt 2pk",
        "price": 10
    },
    {
        "category": "household",
        "href": "https://www.woolworths.com.au/shop/productdetails/249868/philips-lifemax-light-globe-36w-tube-tld-36w842p",
        "imgName": "249868.jpg",
        "imgSrc": "https://cdn0.woolworths.media/content/wowproductimages/medium/249868.jpg",
        "name": "Philips Lifemax Light Globe 36w Tube Tld 36w842p 2pk",
        "price": 13,
        "unitPrice": "$6.50 / 1EA"
    },
    {
        "category": "household",
        "href": "https://www.woolworths.com.au/shop/productdetails/551490/olsent-led-candle-globe-5-watt",
        "imgName": "551490.jpg",
        "imgSrc": "https://cdn0.woolworths.media/content/wowproductimages/medium/551490.jpg",
        "name": "Olsent Led Candle Globe 5 Watt 2pk",
        "price": 9.5,
        "unitPrice": "$4.75 / 1EA"
    },
    {
        "category": "household",
        "href": "https://www.woolworths.com.au/shop/productdetails/657601/calidad-canon-510-black-ink",
        "imgName": "657601.jpg",
        "imgSrc": "https://cdn0.woolworths.media/content/wowproductimages/medium/657601.jpg",
        "name": "Calidad Canon 510 Black Ink each",
        "price": 24
    },
    {
        "category": "household",
        "href": "https://www.woolworths.com.au/shop/productdetails/249867/philips-lifemax-light-globe-18w-tube-tld-182842p",
        "imgName": "249867.jpg",
        "imgSrc": "https://cdn0.woolworths.media/content/wowproductimages/medium/249867.jpg",
        "name": "Philips Lifemax Light Globe 18w Tube Tld 182842p 2pk",
        "price": 10,
        "unitPrice": "$5.00 / 1EA"
    },
    {
        "category": "household",
        "href": "https://www.woolworths.com.au/shop/productdetails/232068/tracks-the-surfers-bible",
        "imgName": "232068.jpg",
        "imgSrc": "https://cdn0.woolworths.media/content/wowproductimages/medium/232068.jpg",
        "name": "Tracks The Surfers Bible",
        "price": 11.99
    },
    {
        "category": "household",
        "href": "https://www.woolworths.com.au/shop/productdetails/898752/off-clip-on-mosquito-repellent",
        "imgName": "898752.jpg",
        "imgSrc": "https://cdn0.woolworths.media/content/wowproductimages/medium/898752.jpg",
        "name": "Off Clip On Mosquito Repellent  each",
        "price": 14.99,
        "unitPrice": "$14.99 / 1EA"
    },
    {
        "category": "household",
        "href": "https://www.woolworths.com.au/shop/productdetails/42602/brita-carafe-filters-clear",
        "imgName": "042602.jpg",
        "imgSrc": "https://cdn0.woolworths.media/content/wowproductimages/medium/042602.jpg",
        "name": "Brita Carafe Filters Clear 1ea",
        "price": 14.95
    },
    {
        "category": "household",
        "href": "https://www.woolworths.com.au/shop/productdetails/495537/decor-glass-lunch-container",
        "imgName": "495537.jpg",
        "imgSrc": "https://cdn0.woolworths.media/content/wowproductimages/medium/495537.jpg",
        "name": "Decor Glass Lunch Container 1l each",
        "price": 15.99
    },
    {
        "category": "household",
        "href": "https://www.woolworths.com.au/shop/productdetails/551348/olsent-pearl-halogen-globe-53-watt",
        "imgName": "551348.jpg",
        "imgSrc": "https://cdn0.woolworths.media/content/wowproductimages/medium/551348.jpg",
        "name": "Olsent Pearl Halogen Globe 53 Watt 2pk",
        "price": 5,
        "unitPrice": "$2.50 / 1EA"
    },
    {
        "category": "household",
        "href": "https://www.woolworths.com.au/shop/productdetails/257856/just-bikes-magazine",
        "imgName": "257856.jpg",
        "imgSrc": "https://cdn0.woolworths.media/content/wowproductimages/medium/257856.jpg",
        "name": "Just Bikes Magazine",
        "price": 5.95
    },
    {
        "category": "household",
        "href": "https://www.woolworths.com.au/shop/productdetails/472721/essential-printed-decal-dinner-set",
        "imgName": "472721.jpg",
        "imgSrc": "https://cdn0.woolworths.media/content/wowproductimages/medium/472721.jpg",
        "name": "Essential Printed Decal Dinner Set 12pk",
        "price": 29
    },
    {
        "category": "household",
        "href": "https://www.woolworths.com.au/shop/productdetails/569124/razzamatazz-sheer-to-waist-black-xtall",
        "imgName": "569124.jpg",
        "imgSrc": "https://cdn0.woolworths.media/content/wowproductimages/medium/569124.jpg",
        "name": "Razzamatazz Sheer To Waist Black Xtall each",
        "price": 6
    },
    {
        "category": "household",
        "href": "https://www.woolworths.com.au/shop/productdetails/787495/woolworths-select-side-plates-red",
        "imgName": "787495.jpg",
        "imgSrc": "https://cdn0.woolworths.media/content/wowproductimages/medium/787495.jpg",
        "name": "Woolworths Select Side Plates Red 20pk",
        "price": 3.5,
        "unitPrice": "$0.18 / 1EA"
    },
    {
        "category": "household",
        "href": "https://www.woolworths.com.au/shop/productdetails/551293/olsent-pearl-halogen-globe-54-watt",
        "imgName": "551293.jpg",
        "imgSrc": "https://cdn0.woolworths.media/content/wowproductimages/medium/551293.jpg",
        "name": "Olsent Pearl Halogen Globe 54 Watt 2pk",
        "price": 5,
        "unitPrice": "$2.50 / 1EA"
    },
    {
        "category": "household",
        "href": "https://www.woolworths.com.au/shop/productdetails/899046/jamie-oliver-serving-spoon-with-nylon-head",
        "imgName": "899046.jpg",
        "imgSrc": "https://cdn0.woolworths.media/content/wowproductimages/medium/899046.jpg",
        "name": "Jamie Oliver Serving Spoon With Nylon Head each",
        "price": 10
    },
    {
        "category": "household",
        "href": "https://www.woolworths.com.au/shop/productdetails/551294/olsent-clear-halogen-globe-72-watt",
        "imgName": "551294.jpg",
        "imgSrc": "https://cdn0.woolworths.media/content/wowproductimages/medium/551294.jpg",
        "name": "Olsent Clear Halogen Globe 72 Watt 2pk",
        "price": 5,
        "unitPrice": "$2.50 / 1EA"
    },
    {
        "category": "household",
        "href": "https://www.woolworths.com.au/shop/productdetails/551383/olsent-warm-white-led-round-globe-5-5-watt",
        "imgName": "551383.jpg",
        "imgSrc": "https://cdn0.woolworths.media/content/wowproductimages/medium/551383.jpg",
        "name": "Olsent Warm White Led Round Globe 5.5 Watt 2pk",
        "price": 9.5,
        "unitPrice": "$4.75 / 1EA"
    },
    {
        "category": "household",
        "href": "https://www.woolworths.com.au/shop/productdetails/617792/breville-kettle-cleaner-bkc250",
        "imgName": "617792.jpg",
        "imgSrc": "https://cdn0.woolworths.media/content/wowproductimages/medium/617792.jpg",
        "name": "Breville Kettle Cleaner Bkc250 each",
        "price": 7
    },
    {
        "category": "household",
        "href": "https://www.woolworths.com.au/shop/productdetails/551299/olsent-warm-white-led-candle-globe-5-5-watt",
        "imgName": "551299.jpg",
        "imgSrc": "https://cdn0.woolworths.media/content/wowproductimages/medium/551299.jpg",
        "name": "Olsent Warm White Led Candle Globe 5.5 Watt 2pk",
        "price": 9.5,
        "unitPrice": "$4.75 / 1EA"
    },
    {
        "category": "household",
        "href": "https://www.woolworths.com.au/shop/productdetails/493521/habee-savers-seam-ripper-large",
        "imgName": "493521.jpg",
        "imgSrc": "https://cdn0.woolworths.media/content/wowproductimages/medium/493521.jpg",
        "name": "Habee Savers Seam Ripper Large each",
        "price": 2.5
    },
    {
        "category": "household",
        "href": "https://www.woolworths.com.au/shop/productdetails/789701/woolworths-select-bottle-brush",
        "imgName": "789701.jpg",
        "imgSrc": "https://cdn0.woolworths.media/content/wowproductimages/medium/789701.jpg",
        "name": "Woolworths Select Bottle Brush 1ea",
        "price": 4.49,
        "unitPrice": "$4.49 / 1EA"
    },
    {
        "category": "household",
        "href": "https://www.woolworths.com.au/shop/productdetails/827457/essentials-matte-tights-40d-black-x-tall",
        "imgName": "827457.jpg",
        "imgSrc": "https://cdn0.woolworths.media/content/wowproductimages/medium/827457.jpg",
        "name": "Essentials Matte Tights 40d Black X/tall 3pk",
        "price": 9
    },
    {
        "category": "household",
        "href": "https://www.woolworths.com.au/shop/productdetails/790216/woolworths-essentials-razer-peeler-17cm",
        "imgName": "790216.jpg",
        "imgSrc": "https://cdn0.woolworths.media/content/wowproductimages/medium/790216.jpg",
        "name": "Woolworths Essentials Razer Peeler 17cm each",
        "price": 6
    },
    {
        "category": "household",
        "href": "https://www.woolworths.com.au/shop/productdetails/585999/white-king-4-in-1-bathroom-cleaner",
        "imgName": "585999.jpg",
        "imgSrc": "https://cdn0.woolworths.media/content/wowproductimages/medium/585999.jpg",
        "name": "White King 4 In 1 Bathroom Cleaner  500ml",
        "price": 5.5,
        "unitPrice": "$1.10 / 100ML"
    },
    {
        "category": "household",
        "href": "https://www.woolworths.com.au/shop/productdetails/787467/woolworths-select-side-plates-mixed-colour",
        "imgName": "787467.jpg",
        "imgSrc": "https://cdn0.woolworths.media/content/wowproductimages/medium/787467.jpg",
        "name": "Woolworths Select Side Plates Mixed Colour 20pk",
        "price": 3.5,
        "unitPrice": "$0.18 / 1EA"
    },
    {
        "category": "household",
        "href": "https://www.woolworths.com.au/shop/productdetails/947680/zak-melamine-plate-sipderman",
        "imgName": "947680.jpg",
        "imgSrc": "https://cdn0.woolworths.media/content/wowproductimages/medium/947680.jpg",
        "name": "Zak Melamine Plate Sipderman each",
        "price": 5
    },
    {
        "category": "household",
        "href": "https://www.woolworths.com.au/shop/productdetails/551380/olsent-warm-white-led-gsl-globe-4-watt",
        "imgName": "551380.jpg",
        "imgSrc": "https://cdn0.woolworths.media/content/wowproductimages/medium/551380.jpg",
        "name": "Olsent Warm White Led Gsl Globe 4 Watt 2pk",
        "price": 8
    },
    {
        "category": "household",
        "href": "https://www.woolworths.com.au/shop/productdetails/829008/essentials-matte-tights-black-120d-xtall",
        "imgName": "829008.jpg",
        "imgSrc": "https://cdn0.woolworths.media/content/wowproductimages/medium/829008.jpg",
        "name": "Essentials Matte Tights Black 120d Xtall 1pk",
        "price": 9
    },
    {
        "category": "household",
        "href": "https://www.woolworths.com.au/shop/productdetails/654495/ajax-spray-n-wipe-divine-blends",
        "imgName": "654495.jpg",
        "imgSrc": "https://cdn0.woolworths.media/content/wowproductimages/medium/654495.jpg",
        "name": "Ajax Spray N Wipe Divine Blends 475ml",
        "price": 3,
        "unitPrice": "$0.63 / 100ML"
    },
    {
        "category": "household",
        "href": "https://www.woolworths.com.au/shop/productdetails/572039/philips-led-scene-switch-dimmable-edison-screw",
        "imgName": "572039.jpg",
        "imgSrc": "https://cdn0.woolworths.media/content/wowproductimages/medium/572039.jpg",
        "name": "Philips Led Scene Switch Dimmable Edison Screw 1pk",
        "price": 17
    },
    {
        "category": "household",
        "href": "https://www.woolworths.com.au/shop/productdetails/882319/woolworths-clip-boards-with-memo",
        "imgName": "882319.jpg",
        "imgSrc": "https://cdn0.woolworths.media/content/wowproductimages/medium/882319.jpg",
        "name": "Woolworths Clip Boards With Memo  each",
        "price": 4
    },
    {
        "category": "household",
        "href": "https://www.woolworths.com.au/shop/productdetails/364938/decor-pumped-fresh-lunch-box",
        "imgName": "364938.jpg",
        "imgSrc": "https://cdn0.woolworths.media/content/wowproductimages/medium/364938.jpg",
        "name": "Decor Pumped Fresh Lunch Box  2.25l",
        "price": 12.99
    },
    {
        "category": "household",
        "href": "https://www.woolworths.com.au/shop/productdetails/43881/kiwi-shoe-polish-mid-tan",
        "imgName": "043881.jpg",
        "imgSrc": "https://cdn0.woolworths.media/content/wowproductimages/medium/043881.jpg",
        "name": "Kiwi Shoe Polish Mid Tan 38g",
        "price": 3.39,
        "unitPrice": "$8.92 / 100G"
    },
    {
        "category": "household",
        "href": "https://www.woolworths.com.au/shop/productdetails/707226/energizer-10-ez-turn-lock",
        "imgName": "707226.jpg",
        "imgSrc": "https://cdn0.woolworths.media/content/wowproductimages/medium/707226.jpg",
        "name": "Energizer 10 Ez Turn & Lock  8pk",
        "price": 9.99,
        "unitPrice": "$1.25 / 1EA"
    },
    {
        "category": "household",
        "href": "https://www.woolworths.com.au/shop/productdetails/947594/zak-2-piece-cutlery-set-paw-patrol",
        "imgName": "947594.jpg",
        "imgSrc": "https://cdn0.woolworths.media/content/wowproductimages/medium/947594.jpg",
        "name": "Zak 2 Piece Cutlery Set Paw Patrol each",
        "price": 6
    },
    {
        "category": "household",
        "href": "https://www.woolworths.com.au/shop/productdetails/790881/woolworths-bbq-rake-and-scrape",
        "imgName": "790881.jpg",
        "imgSrc": "https://cdn0.woolworths.media/content/wowproductimages/medium/790881.jpg",
        "name": "Woolworths Bbq Rake And Scrape each",
        "price": 8
    },
    {
        "category": "household",
        "href": "https://www.woolworths.com.au/shop/productdetails/572066/philips-led-mr16-cool",
        "imgName": "572066.jpg",
        "imgSrc": "https://cdn0.woolworths.media/content/wowproductimages/medium/572066.jpg",
        "name": "Philips Led Mr16 Cool 4pk",
        "price": 35
    },
    {
        "category": "household",
        "href": "https://www.woolworths.com.au/shop/productdetails/90000461/dettol-surface-wipes-120pk-x4-bundle",
        "imgName": "90000461.jpg",
        "imgSrc": "https://cdn0.woolworths.media/content/wowproductimages/medium/90000461.jpg",
        "name": "Dettol Surface Wipes 120pk X4 Bundle",
        "price": 30,
        "unitPrice": "$0.06 / 1EA"
    },
    {
        "category": "household",
        "href": "https://www.woolworths.com.au/shop/productdetails/863127/spotgo-surface-bbq-degreaser",
        "imgName": "863127.jpg",
        "imgSrc": "https://cdn0.woolworths.media/content/wowproductimages/medium/863127.jpg",
        "name": "Spotgo Surface / Bbq Degreaser  500ml",
        "price": 7.99,
        "unitPrice": "$1.60 / 100ML"
    },
    {
        "category": "household",
        "href": "https://www.woolworths.com.au/shop/productdetails/43875/kiwi-shoe-polish-black",
        "imgName": "043875.jpg",
        "imgSrc": "https://cdn0.woolworths.media/content/wowproductimages/medium/043875.jpg",
        "name": "Kiwi Shoe Polish Black 38g",
        "price": 3.39,
        "unitPrice": "$8.92 / 100G"
    },
    {
        "category": "household",
        "href": "https://www.woolworths.com.au/shop/productdetails/158073/habee-savers-safety-pins-assorted",
        "imgName": "158073.jpg",
        "imgSrc": "https://cdn0.woolworths.media/content/wowproductimages/medium/158073.jpg",
        "name": "Habee Savers Safety Pins Assorted 1pk",
        "price": 4.5
    },
    {
        "category": "household",
        "href": "https://www.woolworths.com.au/shop/productdetails/232053/dymo-letratag-tape-refill-iron-on-fabric",
        "imgName": "232053.jpg",
        "imgSrc": "https://cdn0.woolworths.media/content/wowproductimages/medium/232053.jpg",
        "name": "Dymo Letratag Tape Refill Iron On Fabric each",
        "price": 15
    },
    {
        "category": "household",
        "href": "https://www.woolworths.com.au/shop/productdetails/308023/white-king-ultra-strength-toilet-cleaner-gel-aqua-fresh",
        "imgName": "308023.jpg",
        "imgSrc": "https://cdn0.woolworths.media/content/wowproductimages/medium/308023.jpg",
        "name": "White King Ultra Strength Toilet Cleaner Gel Aqua Fresh 500ml",
        "price": 3.59,
        "unitPrice": "$0.72 / 100ML"
    },
    {
        "category": "household",
        "href": "https://www.woolworths.com.au/shop/productdetails/428899/biozet-attack-front-top-loader-regular-laundry-liquid",
        "imgName": "428899.jpg",
        "imgSrc": "https://cdn0.woolworths.media/content/wowproductimages/medium/428899.jpg",
        "name": "Biozet Attack Front & Top Loader Regular Laundry Liquid 1l",
        "price": 10.99,
        "unitPrice": "$10.99 / 1L"
    },
    {
        "category": "household",
        "href": "https://www.woolworths.com.au/shop/productdetails/581139/dettol-surface-wipes",
        "imgName": "581139.jpg",
        "imgSrc": "https://cdn0.woolworths.media/content/wowproductimages/medium/581139.jpg",
        "name": "Dettol Surface Wipes  90pk",
        "price": 8,
        "unitPrice": "$0.09 / 1EA"
    },
    {
        "category": "household",
        "href": "https://www.woolworths.com.au/shop/productdetails/517132/sparkler-number-7-gold-or-silver",
        "imgName": "517132.jpg",
        "imgSrc": "https://cdn0.woolworths.media/content/wowproductimages/medium/517132.jpg",
        "name": "Sparkler Number 7 Gold Or Silver each",
        "price": 1.5,
        "unitPrice": "$1.50 / 1EA"
    },
    {
        "category": "household",
        "href": "https://www.woolworths.com.au/shop/productdetails/517098/sparkler-number-4-gold-or-silver",
        "imgName": "517098.jpg",
        "imgSrc": "https://cdn0.woolworths.media/content/wowproductimages/medium/517098.jpg",
        "name": "Sparkler Number 4 Gold Or Silver each",
        "price": 1.5,
        "unitPrice": "$1.50 / 1EA"
    },
    {
        "category": "household",
        "href": "https://www.woolworths.com.au/shop/productdetails/744423/bostik-glue-stick",
        "imgName": "744423.jpg",
        "imgSrc": "https://cdn0.woolworths.media/content/wowproductimages/medium/744423.jpg",
        "name": "Bostik Glue Stick 35g 2pk",
        "price": 6
    },
    {
        "category": "household",
        "href": "https://www.woolworths.com.au/shop/productdetails/888063/comfort-aroma-fabric-softener-aromatherapy-frangipani",
        "imgName": "888063.jpg",
        "imgSrc": "https://cdn0.woolworths.media/content/wowproductimages/medium/888063.jpg",
        "name": "Comfort Aroma Fabric Softener Aromatherapy Frangipani 750ml",
        "price": 6.99,
        "unitPrice": "$9.32 / 1L"
    },
    {
        "category": "household",
        "href": "https://www.woolworths.com.au/shop/productdetails/307942/sorbent-long-roll-toilet-tissue-white-270-sheets",
        "imgName": "307942.jpg",
        "imgSrc": "https://cdn0.woolworths.media/content/wowproductimages/medium/307942.jpg",
        "name": "Sorbent Long Roll Toilet Tissue White 270 Sheets 8pk",
        "price": 8,
        "unitPrice": "$0.37 / 100SS"
    },
    {
        "category": "household",
        "href": "https://www.woolworths.com.au/shop/productdetails/15587/glen-20-disinfectant-spray-original-scent",
        "imgName": "015587.jpg",
        "imgSrc": "https://cdn0.woolworths.media/content/wowproductimages/medium/015587.jpg",
        "name": "Glen 20 Disinfectant Spray Original Scent 300g",
        "price": 6.79,
        "unitPrice": "$2.26 / 100G"
    },
    {
        "category": "household",
        "href": "https://www.woolworths.com.au/shop/productdetails/44100/white-king-bleach-standard",
        "imgName": "044100.jpg",
        "imgSrc": "https://cdn0.woolworths.media/content/wowproductimages/medium/044100.jpg",
        "name": "White King Bleach Standard 2.5l",
        "price": 4.29,
        "unitPrice": "$1.72 / 1L"
    },
    {
        "category": "household",
        "href": "https://www.woolworths.com.au/shop/productdetails/252787/woolworths-select-baking-paper",
        "imgName": "252787.jpg",
        "imgSrc": "https://cdn0.woolworths.media/content/wowproductimages/medium/252787.jpg",
        "name": "Woolworths Select Baking Paper  15m",
        "price": 2.7,
        "unitPrice": "$0.18 / 1M"
    },
    {
        "category": "household",
        "href": "https://www.woolworths.com.au/shop/productdetails/635564/decor-hike-stainless-steel-bottle-750ml",
        "imgName": "635564.jpg",
        "imgSrc": "https://cdn0.woolworths.media/content/wowproductimages/medium/635564.jpg",
        "name": "Decor Hike Stainless Steel Bottle 750ml each",
        "price": 16.99
    },
    {
        "category": "household",
        "href": "https://www.woolworths.com.au/shop/productdetails/789770/party-costume-glow-bracelets",
        "imgName": "789770.jpg",
        "imgSrc": "https://cdn0.woolworths.media/content/wowproductimages/medium/789770.jpg",
        "name": "Party Costume Glow Bracelets 10pk",
        "price": 4,
        "unitPrice": "$0.40 / 1EA"
    },
    {
        "category": "household",
        "href": "https://www.woolworths.com.au/shop/productdetails/651263/bic-gelocity-pro-black-pen",
        "imgName": "651263.jpg",
        "imgSrc": "https://cdn0.woolworths.media/content/wowproductimages/medium/651263.jpg",
        "name": "Bic Gelocity Pro Black Pen 2pk",
        "price": 6.5,
        "special": 4.75
    },
    {
        "category": "household",
        "href": "https://www.woolworths.com.au/shop/productdetails/505325/calidad-epson-printer-ink-200-tri-colour",
        "imgName": "505325.jpg",
        "imgSrc": "https://cdn0.woolworths.media/content/wowproductimages/medium/505325.jpg",
        "name": "Calidad Epson Printer Ink 200 Tri-colour each",
        "price": 30
    },
    {
        "category": "household",
        "href": "https://www.woolworths.com.au/shop/productdetails/766036/scunci-sleek-straight-appliance-straightener",
        "imgName": "766036.jpg",
        "imgSrc": "https://cdn0.woolworths.media/content/wowproductimages/medium/766036.jpg",
        "name": "Scunci Sleek Straight Appliance Straightener each",
        "price": 25,
        "special": 20
    },
    {
        "category": "household",
        "href": "https://www.woolworths.com.au/shop/productdetails/505324/calidad-epson-printer-ink-200-black",
        "imgName": "505324.jpg",
        "imgSrc": "https://cdn0.woolworths.media/content/wowproductimages/medium/505324.jpg",
        "name": "Calidad Epson Printer Ink 200 Black each",
        "price": 11
    },
    {
        "category": "household",
        "href": "https://www.woolworths.com.au/shop/productdetails/829071/bonds-comfy-tops-leggings-black-charcoal-med-lge",
        "imgName": "829071.jpg",
        "imgSrc": "https://cdn0.woolworths.media/content/wowproductimages/medium/829071.jpg",
        "name": "Bonds Comfy Tops  Leggings Black/charcoal Med-lge each",
        "price": 16,
        "special": 8
    },
    {
        "category": "household",
        "href": "https://www.woolworths.com.au/shop/productdetails/230382/sistema-klip-it-plasticware-lettuce-crisper",
        "imgName": "230382.jpg",
        "imgSrc": "https://cdn0.woolworths.media/content/wowproductimages/medium/230382.jpg",
        "name": "Sistema Klip It Plasticware Lettuce Crisper each",
        "price": 10.5
    },
    {
        "category": "household",
        "href": "https://www.woolworths.com.au/shop/productdetails/787053/jamie-oliver-mortar-pestle",
        "imgName": "787053.jpg",
        "imgSrc": "https://cdn0.woolworths.media/content/wowproductimages/medium/787053.jpg",
        "name": "Jamie Oliver Mortar & Pestle  each",
        "price": 20
    },
    {
        "category": "household",
        "href": "https://www.woolworths.com.au/shop/productdetails/751893/woolworths-essentials-sticker-merit",
        "imgName": "751893.jpg",
        "imgSrc": "https://cdn0.woolworths.media/content/wowproductimages/medium/751893.jpg",
        "name": "Woolworths Essentials Sticker Merit each",
        "price": 2.5
    },
    {
        "category": "household",
        "href": "https://www.woolworths.com.au/shop/productdetails/716724/footcare-by-maseur-work-insoles",
        "imgName": "716724.jpg",
        "imgSrc": "https://cdn0.woolworths.media/content/wowproductimages/medium/716724.jpg",
        "name": "Footcare By Maseur Work Insoles  1pair",
        "price": 15
    },
    {
        "category": "household",
        "href": "https://www.woolworths.com.au/shop/productdetails/756219/multix-garbage-bags-with-handle-80cm-x-70cm",
        "imgName": "756219.jpg",
        "imgSrc": "https://cdn0.woolworths.media/content/wowproductimages/medium/756219.jpg",
        "name": "Multix Garbage Bags With Handle 80cm X 70cm 15pk",
        "price": 3.49,
        "unitPrice": "$0.23 / 1EA"
    },
    {
        "category": "household",
        "href": "https://www.woolworths.com.au/shop/productdetails/98054/wettex-cleaning-cloth-super-absorbent-assorted",
        "imgName": "098054.jpg",
        "imgSrc": "https://cdn0.woolworths.media/content/wowproductimages/medium/098054.jpg",
        "name": "Wettex Cleaning Cloth Super Absorbent Assorted 3pk",
        "price": 3.99,
        "unitPrice": "$1.33 / 1EA"
    },
    {
        "category": "household",
        "href": "https://www.woolworths.com.au/shop/productdetails/935602/spirax-pocket-notebook-76x112mm-assorted-colours",
        "imgName": "935602.jpg",
        "imgSrc": "https://cdn0.woolworths.media/content/wowproductimages/medium/935602.jpg",
        "name": "Spirax Pocket Notebook 76x112mm Assorted Colours 112pg each",
        "price": 3.5
    },
    {
        "category": "household",
        "href": "https://www.woolworths.com.au/shop/productdetails/89425/willow-cooler-alpine-jug-2-5l-blue",
        "imgName": "089425.jpg",
        "imgSrc": "https://cdn0.woolworths.media/content/wowproductimages/medium/089425.jpg",
        "name": "Willow Cooler Alpine Jug 2.5l Blue each",
        "price": 20
    },
    {
        "category": "household",
        "href": "https://www.woolworths.com.au/shop/productdetails/189978/matchbox-1-75-cars-assorted",
        "imgName": "189978.jpg",
        "imgSrc": "https://cdn0.woolworths.media/content/wowproductimages/medium/189978.jpg",
        "name": "Matchbox 1.75 Cars Assorted each",
        "price": 3
    },
    {
        "category": "household",
        "href": "https://www.woolworths.com.au/shop/productdetails/661136/organic-care-dishwashing-liquid-seasonal-scents",
        "imgName": "661136.jpg",
        "imgSrc": "https://cdn0.woolworths.media/content/wowproductimages/medium/661136.jpg",
        "name": "Organic Care Dishwashing Liquid Seasonal Scents 500ml",
        "price": 5,
        "unitPrice": "$1.00 / 100ML"
    },
    {
        "category": "household",
        "href": "https://www.woolworths.com.au/shop/productdetails/331029/glen-20-disinfectant-spray-citrus-breeze",
        "imgName": "331029.jpg",
        "imgSrc": "https://cdn0.woolworths.media/content/wowproductimages/medium/331029.jpg",
        "name": "Glen 20 Disinfectant Spray Citrus Breeze 300g",
        "price": 6.79,
        "unitPrice": "$2.26 / 100G"
    },
    {
        "category": "household",
        "href": "https://www.woolworths.com.au/shop/productdetails/31775/windex-glass-cleaner-refill",
        "imgName": "031775.jpg",
        "imgSrc": "https://cdn0.woolworths.media/content/wowproductimages/medium/031775.jpg",
        "name": "Windex Glass Cleaner Refill 750ml",
        "price": 4.1,
        "unitPrice": "$0.55 / 100ML"
    },
    {
        "category": "household",
        "href": "https://www.woolworths.com.au/shop/productdetails/381823/hp-printer-ink-02-cyan",
        "imgName": "381823.jpg",
        "imgSrc": "https://cdn0.woolworths.media/content/wowproductimages/medium/381823.jpg",
        "name": "Hp Printer Ink 02 Cyan each",
        "price": 25
    },
    {
        "category": "household",
        "href": "https://www.woolworths.com.au/shop/productdetails/510478/wiltshire-tongs-3-piece-set",
        "imgName": "510478.jpg",
        "imgSrc": "https://cdn0.woolworths.media/content/wowproductimages/medium/510478.jpg",
        "name": "Wiltshire Tongs 3 Piece Set each",
        "price": 6
    },
    {
        "category": "household",
        "href": "https://www.woolworths.com.au/shop/productdetails/217630/pledge-grab-it-duster-grab-it-duster",
        "imgName": "217630.jpg",
        "imgSrc": "https://cdn0.woolworths.media/content/wowproductimages/medium/217630.jpg",
        "name": "Pledge Grab It Duster Grab It Duster each",
        "price": 9.49
    },
    {
        "category": "household",
        "href": "https://www.woolworths.com.au/shop/productdetails/840774/vanish-preen-gold-trigger",
        "imgName": "840774.jpg",
        "imgSrc": "https://cdn0.woolworths.media/content/wowproductimages/medium/840774.jpg",
        "name": "Vanish Preen Gold Trigger 375ml",
        "price": 5.49,
        "unitPrice": "$14.64 / 1L"
    },
    {
        "category": "household",
        "href": "https://www.woolworths.com.au/shop/productdetails/356726/woolworths-essentials-for-men-sport-socks-anklet-black-size-11-14",
        "imgName": "356726.jpg",
        "imgSrc": "https://cdn0.woolworths.media/content/wowproductimages/medium/356726.jpg",
        "name": "Woolworths Essentials For Men Sport Socks Anklet Black Size 11-14 3pk",
        "price": 10,
        "unitPrice": "$3.33 / 1EA"
    },
    {
        "category": "household",
        "href": "https://www.woolworths.com.au/shop/productdetails/46220/kiwi-kidscuff-shoe-polish-black",
        "imgName": "046220.jpg",
        "imgSrc": "https://cdn0.woolworths.media/content/wowproductimages/medium/046220.jpg",
        "name": "Kiwi Kidscuff Shoe Polish Black 100ml",
        "price": 4.09,
        "unitPrice": "$4.09 / 100ML"
    },
    {
        "category": "household",
        "href": "https://www.woolworths.com.au/shop/productdetails/753882/papermate-inkjoy-100-pen-fashion",
        "imgName": "753882.jpg",
        "imgSrc": "https://cdn0.woolworths.media/content/wowproductimages/medium/753882.jpg",
        "name": "Papermate Inkjoy 100 Pen Fashion 10pk",
        "price": 5
    },
    {
        "category": "household",
        "href": "https://www.woolworths.com.au/shop/productdetails/829918/inspire-hanging-wardrobe-organiser-10-shelf-narrow",
        "imgName": "829918.jpg",
        "imgSrc": "https://cdn0.woolworths.media/content/wowproductimages/medium/829918.jpg",
        "name": "Inspire Hanging Wardrobe Organiser 10 Shelf Narrow each",
        "price": 15
    },
    {
        "category": "household",
        "href": "https://www.woolworths.com.au/shop/productdetails/848867/hp-printer-ink-935xl-magenta",
        "imgName": "848867.jpg",
        "imgSrc": "https://cdn0.woolworths.media/content/wowproductimages/medium/848867.jpg",
        "name": "Hp Printer Ink 935xl Magenta each",
        "price": 34
    },
    {
        "category": "household",
        "href": "https://www.woolworths.com.au/shop/productdetails/160418/chux-non-scratch-scourer-sponge",
        "imgName": "160418.jpg",
        "imgSrc": "https://cdn0.woolworths.media/content/wowproductimages/medium/160418.jpg",
        "name": "Chux Non Scratch Scourer Sponge 2pk",
        "price": 3.99,
        "unitPrice": "$2.00 / 1EA"
    },
    {
        "category": "household",
        "href": "https://www.woolworths.com.au/shop/productdetails/65415/steelo-scourer-steel-wool-pads-soap-stainless",
        "imgName": "065415.jpg",
        "imgSrc": "https://cdn0.woolworths.media/content/wowproductimages/medium/065415.jpg",
        "name": "Steelo Scourer Steel Wool Pads Soap Stainless 5pk",
        "price": 2.05,
        "unitPrice": "$0.41 / 1EA"
    },
    {
        "category": "household",
        "href": "https://www.woolworths.com.au/shop/productdetails/705797/multix-heavy-duty-alfoil-super-strong",
        "imgName": "705797.jpg",
        "imgSrc": "https://cdn0.woolworths.media/content/wowproductimages/medium/705797.jpg",
        "name": "Multix Heavy Duty Alfoil Super Strong 15m",
        "price": 3.8,
        "unitPrice": "$0.25 / 1M"
    },
    {
        "category": "household",
        "href": "https://www.woolworths.com.au/shop/productdetails/741524/woolworths-essentials-underwear-brief-size-m",
        "imgName": "741524.jpg",
        "imgSrc": "https://cdn0.woolworths.media/content/wowproductimages/medium/741524.jpg",
        "name": "Woolworths Essentials Underwear Brief Size M 5pk",
        "price": 14,
        "unitPrice": "$2.80 / 1EA"
    },
    {
        "category": "household",
        "href": "https://www.woolworths.com.au/shop/productdetails/219552/redheads-refillable-gasmatch",
        "imgName": "219552.jpg",
        "imgSrc": "https://cdn0.woolworths.media/content/wowproductimages/medium/219552.jpg",
        "name": "Redheads Refillable Gasmatch  1pk",
        "price": 10.5
    },
    {
        "category": "household",
        "href": "https://www.woolworths.com.au/shop/productdetails/751880/woolworths-essentials-tape-packaging-tape-gun",
        "imgName": "751880.jpg",
        "imgSrc": "https://cdn0.woolworths.media/content/wowproductimages/medium/751880.jpg",
        "name": "Woolworths Essentials Tape Packaging Tape & Gun each",
        "price": 10
    },
    {
        "category": "household",
        "href": "https://www.woolworths.com.au/shop/productdetails/70360/energizer-max-9v-batteries",
        "imgName": "070360.jpg",
        "imgSrc": "https://cdn0.woolworths.media/content/wowproductimages/medium/070360.jpg",
        "name": "Energizer Max 9v Batteries  2pk",
        "price": 12.2,
        "unitPrice": "$6.10 / 1EA"
    },
    {
        "category": "household",
        "href": "https://www.woolworths.com.au/shop/productdetails/848850/hp-printer-ink-934xl-black",
        "imgName": "848850.jpg",
        "imgSrc": "https://cdn0.woolworths.media/content/wowproductimages/medium/848850.jpg",
        "name": "Hp Printer Ink 934xl Black each",
        "price": 50
    },
    {
        "category": "household",
        "href": "https://www.woolworths.com.au/shop/productdetails/886747/papermate-inkjoy-pen-550rt-1-0-black",
        "imgName": "886747.jpg",
        "imgSrc": "https://cdn0.woolworths.media/content/wowproductimages/medium/886747.jpg",
        "name": "Papermate Inkjoy Pen 550rt 1.0 Black 2pk",
        "price": 6.5
    },
    {
        "category": "household",
        "href": "https://www.woolworths.com.au/shop/productdetails/711824/for-her-200d-footless-black-tights-extra-tall",
        "imgName": "711824.jpg",
        "imgSrc": "https://cdn0.woolworths.media/content/wowproductimages/medium/711824.jpg",
        "name": "For Her 200d Footless Black Tights Extra Tall each",
        "price": 8
    },
    {
        "category": "household",
        "href": "https://www.woolworths.com.au/shop/productdetails/191439/lint-shaver-fabric-care",
        "imgName": "191439.jpg",
        "imgSrc": "https://cdn0.woolworths.media/content/wowproductimages/medium/191439.jpg",
        "name": "Lint Shaver Fabric Care  1pk",
        "price": 11
    },
    {
        "category": "household",
        "href": "https://www.woolworths.com.au/shop/productdetails/91008/energizer-alkaline-6v-lantern-batteries",
        "imgName": "091008.jpg",
        "imgSrc": "https://cdn0.woolworths.media/content/wowproductimages/medium/091008.jpg",
        "name": "Energizer Alkaline 6v Lantern Batteries  each",
        "price": 12.99
    },
    {
        "category": "household",
        "href": "https://www.woolworths.com.au/shop/productdetails/283099/papermate-profile-variety-pen",
        "imgName": "283099.jpg",
        "imgSrc": "https://cdn0.woolworths.media/content/wowproductimages/medium/283099.jpg",
        "name": "Papermate Profile Variety Pen 4pk",
        "price": 9
    },
    {
        "category": "household",
        "href": "https://www.woolworths.com.au/shop/productdetails/9847/homes-",
        "imgName": "009847.jpg",
        "imgSrc": "https://cdn0.woolworths.media/content/wowproductimages/medium/009847.jpg",
        "name": "Homes +",
        "price": 5.99
    },
    {
        "category": "household",
        "href": "https://www.woolworths.com.au/shop/productdetails/26971/essentials-fabric-softener-lavender",
        "imgName": "026971.jpg",
        "imgSrc": "https://cdn0.woolworths.media/content/wowproductimages/medium/026971.jpg",
        "name": "Essentials Fabric Softener Lavender 250ml",
        "price": 0.69,
        "unitPrice": "$2.76 / 1L"
    },
    {
        "category": "household",
        "href": "https://www.woolworths.com.au/shop/productdetails/384262/pilot-frixion-erase-pen-retractable-blue",
        "imgName": "384262.jpg",
        "imgSrc": "https://cdn0.woolworths.media/content/wowproductimages/medium/384262.jpg",
        "name": "Pilot Frixion Erase Pen Retractable Blue each",
        "price": 4
    },
    {
        "category": "household",
        "href": "https://www.woolworths.com.au/shop/productdetails/32354/razzamatazz-knee-hi-bonezapper",
        "imgName": "032354.jpg",
        "imgSrc": "https://cdn0.woolworths.media/content/wowproductimages/medium/032354.jpg",
        "name": "Razzamatazz Knee Hi Bonezapper one size 2pk",
        "price": 4
    },
    {
        "category": "household",
        "href": "https://www.woolworths.com.au/shop/productdetails/257825/rm-williams-outback",
        "imgName": "257825.jpg",
        "imgSrc": "https://cdn0.woolworths.media/content/wowproductimages/medium/257825.jpg",
        "name": "Rm Williams Outback",
        "price": 10.95
    },
    {
        "category": "household",
        "href": "https://www.woolworths.com.au/shop/productdetails/431186/bonds-instatan-sheer-stockings-slim-tight-light-brown-small",
        "imgName": "431186.jpg",
        "imgSrc": "https://cdn0.woolworths.media/content/wowproductimages/medium/431186.jpg",
        "name": "Bonds Instatan Sheer Stockings Slim Tight Light Brown Small each",
        "price": 8
    },
    {
        "category": "household",
        "href": "https://www.woolworths.com.au/shop/productdetails/295605/dylon-dyes-fabric-velvet-black",
        "imgName": "295605.jpg",
        "imgSrc": "https://cdn0.woolworths.media/content/wowproductimages/medium/295605.jpg",
        "name": "Dylon Dyes Fabric Velvet Black 100g",
        "price": 12.39,
        "unitPrice": "$123.90 / 1KG"
    },
    {
        "category": "household",
        "href": "https://www.woolworths.com.au/shop/productdetails/492620/brunnings-rose-spray",
        "imgName": "492620.jpg",
        "imgSrc": "https://cdn0.woolworths.media/content/wowproductimages/medium/492620.jpg",
        "name": "Brunnings Rose Spray 1l",
        "price": 9,
        "unitPrice": "$0.90 / 100ML"
    },
    {
        "category": "household",
        "href": "https://www.woolworths.com.au/shop/productdetails/898547/jamie-oliver-rec-carafe",
        "imgName": "898547.jpg",
        "imgSrc": "https://cdn0.woolworths.media/content/wowproductimages/medium/898547.jpg",
        "name": "Jamie Oliver Rec Carafe 1.8l",
        "price": 15
    },
    {
        "category": "household",
        "href": "https://www.woolworths.com.au/shop/productdetails/865555/air-wick-life-scents-summer-delights-freshmatic-refill",
        "imgName": "865555.jpg",
        "imgSrc": "https://cdn0.woolworths.media/content/wowproductimages/medium/865555.jpg",
        "name": "Air Wick Life Scents Summer Delights Freshmatic Refill 157g",
        "price": 7.99
    },
    {
        "category": "household",
        "href": "https://www.woolworths.com.au/shop/productdetails/948538/zak-sandwich-container-frozen",
        "imgName": "948538.jpg",
        "imgSrc": "https://cdn0.woolworths.media/content/wowproductimages/medium/948538.jpg",
        "name": "Zak Sandwich Container Frozen each",
        "price": 5
    },
    {
        "category": "household",
        "href": "https://www.woolworths.com.au/shop/productdetails/90000497/ambi-pur-dragon-fruit-sky-breeze-variety-car-freshener-bundle",
        "imgName": "90000497.jpg",
        "imgSrc": "https://cdn0.woolworths.media/content/wowproductimages/medium/90000497.jpg",
        "name": "Ambi Pur Dragon Fruit & Sky Breeze Variety Car Freshener Bundle",
        "price": 12
    },
    {
        "category": "household",
        "href": "https://www.woolworths.com.au/shop/productdetails/90000386/sistema-sandwich-box-to-go-450ml-2pk-x2-bundle",
        "imgName": "90000386.jpg",
        "imgSrc": "https://cdn0.woolworths.media/content/wowproductimages/medium/90000386.jpg",
        "name": "Sistema Sandwich Box To Go 450ml 2pk X2 Bundle",
        "price": 5,
        "unitPrice": "$2.50 / 1EA"
    },
    {
        "category": "household",
        "href": "https://www.woolworths.com.au/shop/productdetails/90000504/quilton-lovers-toilet-paper-paper-towel-bundle",
        "imgName": "90000504.jpg",
        "imgSrc": "https://cdn0.woolworths.media/content/wowproductimages/medium/90000504.jpg",
        "name": "Quilton Lovers Toilet Paper & Paper Towel Bundle",
        "price": 12
    },
    {
        "category": "household",
        "href": "https://www.woolworths.com.au/shop/productdetails/90000425/finish-all-in-one-dishwasher-tablets-80pk-x3-bundle",
        "imgName": "90000425.jpg",
        "imgSrc": "https://cdn0.woolworths.media/content/wowproductimages/medium/90000425.jpg",
        "name": "Finish All In One Dishwasher Tablets 80pk X3 Bundle",
        "price": 65,
        "unitPrice": "$0.27 / 1EA"
    },
    {
        "category": "household",
        "href": "https://www.woolworths.com.au/shop/productdetails/90000853/omo-sensitive-2l-comfort-frangipani-750ml-bundle",
        "imgName": "90000853.jpg",
        "imgSrc": "https://cdn0.woolworths.media/content/wowproductimages/medium/90000853.jpg",
        "name": "Omo Sensitive 2l & Comfort Frangipani 750ml Bundle",
        "price": 22
    },
    {
        "category": "household",
        "href": "https://www.woolworths.com.au/shop/productdetails/4711/marie-claire",
        "imgName": "004711.jpg",
        "imgSrc": "https://cdn0.woolworths.media/content/wowproductimages/medium/004711.jpg",
        "name": "Marie Claire",
        "price": 8.5
    },
    {
        "category": "household",
        "href": "https://www.woolworths.com.au/shop/productdetails/31968/jif-cream-cleaner-regular",
        "imgName": "031968.jpg",
        "imgSrc": "https://cdn0.woolworths.media/content/wowproductimages/medium/031968.jpg",
        "name": "Jif Cream Cleaner Regular 375ml",
        "price": 2.99,
        "unitPrice": "$0.80 / 100ML"
    },
    {
        "category": "household",
        "href": "https://www.woolworths.com.au/shop/productdetails/21366/redheads-matches-extra-long",
        "imgName": "021366.jpg",
        "imgSrc": "https://cdn0.woolworths.media/content/wowproductimages/medium/021366.jpg",
        "name": "Redheads Matches Extra Long 45pk",
        "price": 2.75,
        "unitPrice": "$6.11 / 100EA"
    },
    {
        "category": "household",
        "href": "https://www.woolworths.com.au/shop/productdetails/63116/brunnings-green-up-lawn-food",
        "imgName": "063116.jpg",
        "imgSrc": "https://cdn0.woolworths.media/content/wowproductimages/medium/063116.jpg",
        "name": "Brunnings Green Up Lawn Food 2.5kg",
        "price": 8,
        "unitPrice": "$0.32 / 100G"
    },
    {
        "category": "household",
        "href": "https://www.woolworths.com.au/shop/productdetails/76793/selleys-adhesive-araldite-5-minute-dispenser",
        "imgName": "076793.jpg",
        "imgSrc": "https://cdn0.woolworths.media/content/wowproductimages/medium/076793.jpg",
        "name": "Selleys Adhesive Araldite 5 Minute Dispenser 24ml",
        "price": 11.5,
        "unitPrice": "$47.92 / 100ML"
    },
    {
        "category": "household",
        "href": "https://www.woolworths.com.au/shop/productdetails/210226/ambi-pur-car-premium-clip-air-freshener-vanilla-voyage",
        "imgName": "210226.jpg",
        "imgSrc": "https://cdn0.woolworths.media/content/wowproductimages/medium/210226.jpg",
        "name": "Ambi Pur Car Premium Clip Air Freshener Vanilla Voyage 7.5ml",
        "price": 8.9
    },
    {
        "category": "household",
        "href": "https://www.woolworths.com.au/shop/productdetails/196675/sistema-klip-it-plasticware-cereal-large",
        "imgName": "196675.jpg",
        "imgSrc": "https://cdn0.woolworths.media/content/wowproductimages/medium/196675.jpg",
        "name": "Sistema Klip It Plasticware Cereal Large 4.2l",
        "price": 12.99
    },
    {
        "category": "household",
        "href": "https://www.woolworths.com.au/shop/productdetails/185889/odor-eaters-shoe-care-foot-shoe-spray",
        "imgName": "185889.jpg",
        "imgSrc": "https://cdn0.woolworths.media/content/wowproductimages/medium/185889.jpg",
        "name": "Odor Eaters Shoe Care Foot & Shoe Spray 100g",
        "price": 7.49,
        "unitPrice": "$7.49 / 100G"
    },
    {
        "category": "household",
        "href": "https://www.woolworths.com.au/shop/productdetails/278875/waxworks-insect-control-citronella-oil",
        "imgName": "278875.jpg",
        "imgSrc": "https://cdn0.woolworths.media/content/wowproductimages/medium/278875.jpg",
        "name": "Waxworks Insect Control Citronella Oil 1l",
        "price": 5.75,
        "unitPrice": "$0.58 / 100ML"
    },
    {
        "category": "household",
        "href": "https://www.woolworths.com.au/shop/productdetails/348522/wiltshire-staysharp-utensil-utility-knife",
        "imgName": "348522.jpg",
        "imgSrc": "https://cdn0.woolworths.media/content/wowproductimages/medium/348522.jpg",
        "name": "Wiltshire Staysharp Utensil Utility Knife each",
        "price": 15
    },
    {
        "category": "household",
        "href": "https://www.woolworths.com.au/shop/productdetails/464659/bref-power-active-toilet-cleaner-ocean-4-in-1",
        "imgName": "464659.jpg",
        "imgSrc": "https://cdn0.woolworths.media/content/wowproductimages/medium/464659.jpg",
        "name": "Bref Power Active Toilet Cleaner Ocean 4 In 1 50g",
        "price": 5,
        "unitPrice": "$10.00 / 100G"
    },
    {
        "category": "household",
        "href": "https://www.woolworths.com.au/shop/productdetails/364441/moki-sports-earphones-black",
        "imgName": "364441.jpg",
        "imgSrc": "https://cdn0.woolworths.media/content/wowproductimages/medium/364441.jpg",
        "name": "Moki Sports Earphones Black each",
        "price": 10
    },
    {
        "category": "household",
        "href": "https://www.woolworths.com.au/shop/productdetails/518056/jackson-1-5-metre-3-5mm-to-3-5mm-stereo-audio-cable",
        "imgName": "518056.jpg",
        "imgSrc": "https://cdn0.woolworths.media/content/wowproductimages/medium/518056.jpg",
        "name": "Jackson 1.5 Metre 3.5mm To 3.5mm Stereo Audio Cable  each",
        "price": 6.8,
        "unitPrice": "$6.80 / 1EA"
    },
    {
        "category": "household",
        "href": "https://www.woolworths.com.au/shop/productdetails/495518/decor-pumped-fresh-cooler",
        "imgName": "495518.jpg",
        "imgSrc": "https://cdn0.woolworths.media/content/wowproductimages/medium/495518.jpg",
        "name": "Decor Pumped Fresh Cooler  each",
        "price": 10.99
    },
    {
        "category": "household",
        "href": "https://www.woolworths.com.au/shop/productdetails/725365/woolworths-essentials-correction-tape",
        "imgName": "725365.jpg",
        "imgSrc": "https://cdn0.woolworths.media/content/wowproductimages/medium/725365.jpg",
        "name": "Woolworths Essentials Correction Tape 2pk",
        "price": 4
    },
    {
        "category": "household",
        "href": "https://www.woolworths.com.au/shop/productdetails/789972/party-costume-hats-glitter",
        "imgName": "789972.jpg",
        "imgSrc": "https://cdn0.woolworths.media/content/wowproductimages/medium/789972.jpg",
        "name": "Party Costume Hats Glitter each",
        "price": 3,
        "unitPrice": "$3.00 / 1EA"
    },
    {
        "category": "household",
        "href": "https://www.woolworths.com.au/shop/productdetails/786992/jamie-oliver-small-pop-jar-yellow-lid",
        "imgName": "786992.jpg",
        "imgSrc": "https://cdn0.woolworths.media/content/wowproductimages/medium/786992.jpg",
        "name": "Jamie Oliver Small Pop Jar Yellow Lid each",
        "price": 6
    },
    {
        "category": "household",
        "href": "https://www.woolworths.com.au/shop/productdetails/790909/pine-o-cleen-disinfectant-floor-cleaner-pomegranate",
        "imgName": "790909.jpg",
        "imgSrc": "https://cdn0.woolworths.media/content/wowproductimages/medium/790909.jpg",
        "name": "Pine O Cleen Disinfectant Floor Cleaner Pomegranate 1l",
        "price": 5.09,
        "unitPrice": "$0.51 / 100ML"
    },
    {
        "category": "household",
        "href": "https://www.woolworths.com.au/shop/productdetails/825085/party-entertainment-happy-birthday-paper-plates-10pk",
        "imgName": "825085.jpg",
        "imgSrc": "https://cdn0.woolworths.media/content/wowproductimages/medium/825085.jpg",
        "name": "Party Entertainment Happy Birthday Paper Plates 10pk each",
        "price": 2,
        "unitPrice": "$0.20 / 1EA"
    },
    {
        "category": "household",
        "href": "https://www.woolworths.com.au/shop/productdetails/261543/jackson-automatic-white-led-nightlight-dome-style",
        "imgName": "261543.jpg",
        "imgSrc": "https://cdn0.woolworths.media/content/wowproductimages/medium/261543.jpg",
        "name": "Jackson Automatic White Led Nightlight - Dome Style each",
        "price": 9.99
    },
    {
        "category": "household",
        "href": "https://www.woolworths.com.au/shop/productdetails/434949/disney-princess-basic-doll-assorted",
        "imgName": "434949.jpg",
        "imgSrc": "https://cdn0.woolworths.media/content/wowproductimages/medium/434949.jpg",
        "name": "Disney Princess Basic Doll Assorted each",
        "price": 15
    },
    {
        "category": "household",
        "href": "https://www.woolworths.com.au/shop/productdetails/643078/sonic-pest-repeller-repeler",
        "imgName": "643078.jpg",
        "imgSrc": "https://cdn0.woolworths.media/content/wowproductimages/medium/643078.jpg",
        "name": "Sonic Pest Repeller Repeler each",
        "price": 18
    },
    {
        "category": "household",
        "href": "https://www.woolworths.com.au/shop/productdetails/344387/footcare-by-maseur-mens-impact-absorption-ultra-sport-insole",
        "imgName": "344387.jpg",
        "imgSrc": "https://cdn0.woolworths.media/content/wowproductimages/medium/344387.jpg",
        "name": "Footcare By Maseur Mens Impact Absorption Ultra Sport Insole 1pair",
        "price": 18.49
    },
    {
        "category": "household",
        "href": "https://www.woolworths.com.au/shop/productdetails/574614/chux-triple-action-dusting-wipes",
        "imgName": "574614.jpg",
        "imgSrc": "https://cdn0.woolworths.media/content/wowproductimages/medium/574614.jpg",
        "name": "Chux Triple Action Dusting Wipes 20pk",
        "price": 4,
        "unitPrice": "$0.20 / 1EA"
    },
    {
        "category": "household",
        "href": "https://www.woolworths.com.au/shop/productdetails/32808/glad-ice-cube-bags",
        "imgName": "032808.jpg",
        "imgSrc": "https://cdn0.woolworths.media/content/wowproductimages/medium/032808.jpg",
        "name": "Glad Ice Cube Bags  8pk",
        "price": 3.8,
        "unitPrice": "$0.48 / 1EA"
    },
    {
        "category": "household",
        "href": "https://www.woolworths.com.au/shop/productdetails/318765/philips-halogen-clear-globe-53w-es-base",
        "imgName": "318765.jpg",
        "imgSrc": "https://cdn0.woolworths.media/content/wowproductimages/medium/318765.jpg",
        "name": "Philips Halogen Clear Globe 53w Es Base each",
        "price": 3.3
    },
    {
        "category": "household",
        "href": "https://www.woolworths.com.au/shop/productdetails/896438/ambi-pur-mini-car-vent-clip-vanilla-bliss",
        "imgName": "896438.jpg",
        "imgSrc": "https://cdn0.woolworths.media/content/wowproductimages/medium/896438.jpg",
        "name": "Ambi Pur Mini Car Vent Clip Vanilla Bliss 2ml",
        "price": 5.99,
        "unitPrice": "$299.50 / 100ML"
    },
    {
        "category": "household",
        "href": "https://www.woolworths.com.au/shop/productdetails/277051/master-lock-padlock-economy",
        "imgName": "277051.jpg",
        "imgSrc": "https://cdn0.woolworths.media/content/wowproductimages/medium/277051.jpg",
        "name": "Master Lock Padlock Economy 2pk",
        "price": 10,
        "unitPrice": "$5.00 / 1EA"
    },
    {
        "category": "household",
        "href": "https://www.woolworths.com.au/shop/productdetails/786951/jamie-oliver-ice-cream-scoop",
        "imgName": "786951.jpg",
        "imgSrc": "https://cdn0.woolworths.media/content/wowproductimages/medium/786951.jpg",
        "name": "Jamie Oliver Ice Cream Scoop  each",
        "price": 13
    },
    {
        "category": "household",
        "href": "https://www.woolworths.com.au/shop/productdetails/428164/woolworths-balloons-round-red",
        "imgName": "428164.jpg",
        "imgSrc": "https://cdn0.woolworths.media/content/wowproductimages/medium/428164.jpg",
        "name": "Woolworths Balloons Round Red 30cm each",
        "price": 2
    },
    {
        "category": "household",
        "href": "https://www.woolworths.com.au/shop/productdetails/73987/ansell-gloves-handy-clean-disposable",
        "imgName": "073987.jpg",
        "imgSrc": "https://cdn0.woolworths.media/content/wowproductimages/medium/073987.jpg",
        "name": "Ansell Gloves Handy Clean Disposable 24pk",
        "price": 3.99,
        "unitPrice": "$0.17 / 1EA"
    },
    {
        "category": "household",
        "href": "https://www.woolworths.com.au/shop/productdetails/195265/brunnings-weed-kill-concentrate",
        "imgName": "195265.jpg",
        "imgSrc": "https://cdn0.woolworths.media/content/wowproductimages/medium/195265.jpg",
        "name": "Brunnings Weed Kill Concentrate 1l",
        "price": 14.4,
        "unitPrice": "$1.44 / 100ML"
    },
    {
        "category": "household",
        "href": "https://www.woolworths.com.au/shop/productdetails/318762/philips-halogen-frosted-globe-53w-bc-base",
        "imgName": "318762.jpg",
        "imgSrc": "https://cdn0.woolworths.media/content/wowproductimages/medium/318762.jpg",
        "name": "Philips Halogen Frosted Globe 53w Bc Base each",
        "price": 3.3
    },
    {
        "category": "household",
        "href": "https://www.woolworths.com.au/shop/productdetails/471194/inspire-print-bowl-embossed-large",
        "imgName": "471194.jpg",
        "imgSrc": "https://cdn0.woolworths.media/content/wowproductimages/medium/471194.jpg",
        "name": "Inspire Print Bowl Embossed Large each",
        "price": 5
    },
    {
        "category": "household",
        "href": "https://www.woolworths.com.au/shop/productdetails/886750/sharpie-cd-marker-electro-pop-fine",
        "imgName": "886750.jpg",
        "imgSrc": "https://cdn0.woolworths.media/content/wowproductimages/medium/886750.jpg",
        "name": "Sharpie Cd Marker Electro Pop Fine 5pk",
        "price": 10
    },
    {
        "category": "household",
        "href": "https://www.woolworths.com.au/shop/productdetails/861574/cuddly-japanese-cherry-blossom-fabric-softener",
        "imgName": "861574.jpg",
        "imgSrc": "https://cdn0.woolworths.media/content/wowproductimages/medium/861574.jpg",
        "name": "Cuddly Japanese Cherry Blossom Fabric Softener 900ml",
        "price": 8.99,
        "unitPrice": "$9.99 / 1L"
    },
    {
        "category": "household",
        "href": "https://www.woolworths.com.au/shop/productdetails/200344/razzamatazz-sizewise-knee-hi-elastane-soft-tan",
        "imgName": "200344.jpg",
        "imgSrc": "https://cdn0.woolworths.media/content/wowproductimages/medium/200344.jpg",
        "name": "Razzamatazz Sizewise Knee Hi Elastane Soft Tan one size 2pk",
        "price": 7
    },
    {
        "category": "household",
        "href": "https://www.woolworths.com.au/shop/productdetails/751953/woolworths-essentials-measurement-rectangle-white-18x38mm",
        "imgName": "751953.jpg",
        "imgSrc": "https://cdn0.woolworths.media/content/wowproductimages/medium/751953.jpg",
        "name": "Woolworths Essentials Measurement Rectangle White 18x38mm 72pk",
        "price": 2
    },
    {
        "category": "household",
        "href": "https://www.woolworths.com.au/shop/productdetails/495527/decor-glass-lunch-container",
        "imgName": "495527.jpg",
        "imgSrc": "https://cdn0.woolworths.media/content/wowproductimages/medium/495527.jpg",
        "name": "Decor Glass Lunch Container 600ml each",
        "price": 12.99
    },
    {
        "category": "household",
        "href": "https://www.woolworths.com.au/shop/productdetails/228390/green-gardener-garden-bypass-pruner",
        "imgName": "228390.jpg",
        "imgSrc": "https://cdn0.woolworths.media/content/wowproductimages/medium/228390.jpg",
        "name": "Green Gardener Garden Bypass Pruner 1pk",
        "price": 10
    },
    {
        "category": "household",
        "href": "https://www.woolworths.com.au/shop/productdetails/29654/edco-scourer-scrubber-pool-bath",
        "imgName": "029654.jpg",
        "imgSrc": "https://cdn0.woolworths.media/content/wowproductimages/medium/029654.jpg",
        "name": "Edco Scourer Scrubber Pool Bath 1pk",
        "price": 2.79
    },
    {
        "category": "household",
        "href": "https://www.woolworths.com.au/shop/productdetails/181144/preen-vanish-stain-remover-ultra-degreaser-trigger-spray",
        "imgName": "181144.jpg",
        "imgSrc": "https://cdn0.woolworths.media/content/wowproductimages/medium/181144.jpg",
        "name": "Preen Vanish Stain Remover Ultra Degreaser Trigger Spray 375ml",
        "price": 4.99,
        "unitPrice": "$13.31 / 1L"
    },
    {
        "category": "household",
        "href": "https://www.woolworths.com.au/shop/productdetails/758126/ambi-pur-mini-clip-car-air-freshener-light-citrus",
        "imgName": "758126.jpg",
        "imgSrc": "https://cdn0.woolworths.media/content/wowproductimages/medium/758126.jpg",
        "name": "Ambi Pur Mini Clip Car Air Freshener Light Citrus 2ml",
        "price": 5.99,
        "unitPrice": "$5.99 / 1EA"
    },
    {
        "category": "household",
        "href": "https://www.woolworths.com.au/shop/productdetails/383861/uhu-glue-stick-strong-safe-7ml",
        "imgName": "383861.jpg",
        "imgSrc": "https://cdn0.woolworths.media/content/wowproductimages/medium/383861.jpg",
        "name": "Uhu Glue Stick Strong & Safe 7ml each",
        "price": 8.5
    },
    {
        "category": "household",
        "href": "https://www.woolworths.com.au/shop/productdetails/3808/home-handyman-tools-adjustable-wrench",
        "imgName": "003808.jpg",
        "imgSrc": "https://cdn0.woolworths.media/content/wowproductimages/medium/003808.jpg",
        "name": "Home Handyman Tools Adjustable Wrench each",
        "price": 5
    },
    {
        "category": "household",
        "href": "https://www.woolworths.com.au/shop/productdetails/43497/sistema-storage-with-tray-3-58l",
        "imgName": "043497.jpg",
        "imgSrc": "https://cdn0.woolworths.media/content/wowproductimages/medium/043497.jpg",
        "name": "Sistema Storage With Tray 3.58l each",
        "price": 7
    },
    {
        "category": "household",
        "href": "https://www.woolworths.com.au/shop/productdetails/44374/nifti-multi-purpose-cleaner-with-trigger",
        "imgName": "044374.jpg",
        "imgSrc": "https://cdn0.woolworths.media/content/wowproductimages/medium/044374.jpg",
        "name": "Nifti Multi-purpose Cleaner With Trigger 500ml",
        "price": 4.49,
        "unitPrice": "$0.90 / 100ML"
    },
    {
        "category": "household",
        "href": "https://www.woolworths.com.au/shop/productdetails/70573/men-s-health",
        "imgName": "070573.jpg",
        "imgSrc": "https://cdn0.woolworths.media/content/wowproductimages/medium/070573.jpg",
        "name": "Men's Health",
        "price": 8.99
    },
    {
        "category": "household",
        "href": "https://www.woolworths.com.au/shop/productdetails/54712/magican-kitchen-gadget-can-opener",
        "imgName": "054712.jpg",
        "imgSrc": "https://cdn0.woolworths.media/content/wowproductimages/medium/054712.jpg",
        "name": "Magican Kitchen Gadget Can Opener each",
        "price": 14
    },
    {
        "category": "household",
        "href": "https://www.woolworths.com.au/shop/productdetails/167144/kiwi-rich-shine-protect-wax-black",
        "imgName": "167144.jpg",
        "imgSrc": "https://cdn0.woolworths.media/content/wowproductimages/medium/167144.jpg",
        "name": "Kiwi Rich Shine & Protect Wax Black 75ml",
        "price": 4.29,
        "unitPrice": "$5.72 / 100ML"
    },
    {
        "category": "household",
        "href": "https://www.woolworths.com.au/shop/productdetails/255404/cuddly-fabric-softener-lavender-ylang-relaxing",
        "imgName": "255404.jpg",
        "imgSrc": "https://cdn0.woolworths.media/content/wowproductimages/medium/255404.jpg",
        "name": "Cuddly Fabric Softener Lavender & Ylang Relaxing 300ml",
        "price": 2.69,
        "unitPrice": "$8.97 / 1L"
    },
    {
        "category": "household",
        "href": "https://www.woolworths.com.au/shop/productdetails/162745/home-handyman-tools-tape-measure-5m",
        "imgName": "162745.jpg",
        "imgSrc": "https://cdn0.woolworths.media/content/wowproductimages/medium/162745.jpg",
        "name": "Home Handyman Tools Tape Measure 5m each",
        "price": 5
    },
    {
        "category": "household",
        "href": "https://www.woolworths.com.au/shop/productdetails/196731/woolworths-essentials-womens-socks-low-cut-white-size-2-8",
        "imgName": "196731.jpg",
        "imgSrc": "https://cdn0.woolworths.media/content/wowproductimages/medium/196731.jpg",
        "name": "Woolworths Essentials Womens Socks Low Cut White Size 2 - 8 3pk",
        "price": 7,
        "unitPrice": "$2.33 / 1EA"
    },
    {
        "category": "household",
        "href": "https://www.woolworths.com.au/shop/productdetails/227264/earth-choice-dishwashing-liquid-green-tea-lime",
        "imgName": "227264.jpg",
        "imgSrc": "https://cdn0.woolworths.media/content/wowproductimages/medium/227264.jpg",
        "name": "Earth Choice Dishwashing Liquid Green Tea & Lime 500ml",
        "price": 3,
        "unitPrice": "$0.60 / 100ML"
    },
    {
        "category": "household",
        "href": "https://www.woolworths.com.au/shop/productdetails/258172/womens-health-fitness",
        "imgName": "258172.jpg",
        "imgSrc": "https://cdn0.woolworths.media/content/wowproductimages/medium/258172.jpg",
        "name": "Womens Health & Fitness",
        "price": 8.5
    },
    {
        "category": "household",
        "href": "https://www.woolworths.com.au/shop/productdetails/313199/pilot-frixion-ballpoint-pen-medium-assorted",
        "imgName": "313199.jpg",
        "imgSrc": "https://cdn0.woolworths.media/content/wowproductimages/medium/313199.jpg",
        "name": "Pilot Frixion Ballpoint Pen Medium Assorted each",
        "price": 3.25
    },
    {
        "category": "household",
        "href": "https://www.woolworths.com.au/shop/productdetails/380057/woolworths-essentials-paper-clips-silver-50mm",
        "imgName": "380057.jpg",
        "imgSrc": "https://cdn0.woolworths.media/content/wowproductimages/medium/380057.jpg",
        "name": "Woolworths Essentials Paper Clips Silver 50mm pk",
        "price": 4
    },
    {
        "category": "household",
        "href": "https://www.woolworths.com.au/shop/productdetails/381441/epson-printer-ink-73n-cyan",
        "imgName": "381441.jpg",
        "imgSrc": "https://cdn0.woolworths.media/content/wowproductimages/medium/381441.jpg",
        "name": "Epson Printer Ink 73n Cyan each",
        "price": 25
    },
    {
        "category": "household",
        "href": "https://www.woolworths.com.au/shop/productdetails/501696/powerfeed-ezi-spray-hose-on",
        "imgName": "501696.jpg",
        "imgSrc": "https://cdn0.woolworths.media/content/wowproductimages/medium/501696.jpg",
        "name": "Powerfeed Ezi Spray Hose On 1l",
        "price": 7,
        "unitPrice": "$0.70 / 100ML"
    },
    {
        "category": "household",
        "href": "https://www.woolworths.com.au/shop/productdetails/520317/jackson-switch-mode-power-supply-500ma",
        "imgName": "520317.jpg",
        "imgSrc": "https://cdn0.woolworths.media/content/wowproductimages/medium/520317.jpg",
        "name": "Jackson Switch Mode Power Supply - 500ma  each",
        "price": 32
    },
    {
        "category": "household",
        "href": "https://www.woolworths.com.au/shop/productdetails/725382/woolworths-essentials-envelopes-c4",
        "imgName": "725382.jpg",
        "imgSrc": "https://cdn0.woolworths.media/content/wowproductimages/medium/725382.jpg",
        "name": "Woolworths Essentials Envelopes C4 25pk",
        "price": 5
    },
    {
        "category": "household",
        "href": "https://www.woolworths.com.au/shop/productdetails/741562/woolworths-essentials-underwear-trunk-xl",
        "imgName": "741562.jpg",
        "imgSrc": "https://cdn0.woolworths.media/content/wowproductimages/medium/741562.jpg",
        "name": "Woolworths Essentials Underwear Trunk Xl 2pk",
        "price": 15,
        "unitPrice": "$7.50 / 1EA"
    },
    {
        "category": "household",
        "href": "https://www.woolworths.com.au/shop/productdetails/765755/mortein-naturgard-insect-control-bomb-odourless",
        "imgName": "765755.jpg",
        "imgSrc": "https://cdn0.woolworths.media/content/wowproductimages/medium/765755.jpg",
        "name": "Mortein Naturgard Insect Control Bomb Odourless 3pk",
        "price": 15.99,
        "unitPrice": "$15.99 / 1EA"
    },
    {
        "category": "household",
        "href": "https://www.woolworths.com.au/shop/productdetails/786604/hub-it-micro-usb-sync-charge-retractable-cable-android",
        "imgName": "786604.jpg",
        "imgSrc": "https://cdn0.woolworths.media/content/wowproductimages/medium/786604.jpg",
        "name": "Hub It Micro Usb Sync & Charge Retractable Cable Android each",
        "price": 5
    },
    {
        "category": "household",
        "href": "https://www.woolworths.com.au/shop/productdetails/882251/woolworths-retractable-hghlighter",
        "imgName": "882251.jpg",
        "imgSrc": "https://cdn0.woolworths.media/content/wowproductimages/medium/882251.jpg",
        "name": "Woolworths Retractable Hghlighter  6pk",
        "price": 4.5
    },
    {
        "category": "household",
        "href": "https://www.woolworths.com.au/shop/productdetails/90000402/sistema-klip-it-rectangle-container-400ml-3pk-bundle",
        "imgName": "90000402.jpg",
        "imgSrc": "https://cdn0.woolworths.media/content/wowproductimages/medium/90000402.jpg",
        "name": "Sistema Klip It Rectangle Container 400ml 3pk Bundle",
        "price": 5,
        "unitPrice": "$1.67 / 1EA"
    },
    {
        "category": "household",
        "href": "https://www.woolworths.com.au/shop/productdetails/433392/hot-wheels-surprise-cap",
        "imgName": "433392.jpg",
        "imgSrc": "https://cdn0.woolworths.media/content/wowproductimages/medium/433392.jpg",
        "name": "Hot Wheels Surprise Cap each",
        "price": 2
    },
    {
        "category": "household",
        "href": "https://www.woolworths.com.au/shop/productdetails/617408/hercules-biodegradable-cling-wrap",
        "imgName": "617408.jpg",
        "imgSrc": "https://cdn0.woolworths.media/content/wowproductimages/medium/617408.jpg",
        "name": "Hercules Biodegradable Cling Wrap 60m",
        "price": 4.5,
        "unitPrice": "$0.08 / 1M"
    },
    {
        "category": "household",
        "href": "https://www.woolworths.com.au/shop/productdetails/216079/selleys-adhesive-quick-fix-supa-glue",
        "imgName": "216079.jpg",
        "imgSrc": "https://cdn0.woolworths.media/content/wowproductimages/medium/216079.jpg",
        "name": "Selleys Adhesive Quick Fix Supa Glue 3ml",
        "price": 2.7,
        "unitPrice": "$90.00 / 100ML"
    },
    {
        "category": "household",
        "href": "https://www.woolworths.com.au/shop/productdetails/524426/energizer-car-charger-micro-usb-1-usb-black",
        "imgName": "524426.jpg",
        "imgSrc": "https://cdn0.woolworths.media/content/wowproductimages/medium/524426.jpg",
        "name": "Energizer Car Charger Micro Usb 1 Usb Black each",
        "price": 20
    },
    {
        "category": "household",
        "href": "https://www.woolworths.com.au/shop/productdetails/20945/brunnings-feed-n-weed-super-strength",
        "imgName": "020945.jpg",
        "imgSrc": "https://cdn0.woolworths.media/content/wowproductimages/medium/020945.jpg",
        "name": "Brunnings Feed 'n Weed Super Strength 2.8l",
        "price": 12,
        "unitPrice": "$4.29 / 1L"
    },
    {
        "category": "household",
        "href": "https://www.woolworths.com.au/shop/productdetails/32176/harpic-flushmatic-blue-toilet-cleaner-block-in-cistern",
        "imgName": "032176.jpg",
        "imgSrc": "https://cdn0.woolworths.media/content/wowproductimages/medium/032176.jpg",
        "name": "Harpic Flushmatic Blue Toilet Cleaner Block In Cistern 125g",
        "price": 3.89,
        "unitPrice": "$3.11 / 100G"
    },
    {
        "category": "household",
        "href": "https://www.woolworths.com.au/shop/productdetails/94166/money-magazine",
        "imgName": "094166.jpg",
        "imgSrc": "https://cdn0.woolworths.media/content/wowproductimages/medium/094166.jpg",
        "name": "Money Magazine",
        "price": 8.95
    },
    {
        "category": "household",
        "href": "https://www.woolworths.com.au/shop/productdetails/43032/pledge-wood-magic-liquid-floor-cleaner",
        "imgName": "043032.jpg",
        "imgSrc": "https://cdn0.woolworths.media/content/wowproductimages/medium/043032.jpg",
        "name": "Pledge Wood Magic Liquid Floor Cleaner 500ml",
        "price": 6.1,
        "unitPrice": "$1.22 / 100ML"
    },
    {
        "category": "household",
        "href": "https://www.woolworths.com.au/shop/productdetails/57350/kiwi-dubbin-leather-cleaner-neutral",
        "imgName": "057350.jpg",
        "imgSrc": "https://cdn0.woolworths.media/content/wowproductimages/medium/057350.jpg",
        "name": "Kiwi Dubbin Leather Cleaner Neutral 80g",
        "price": 4.09,
        "unitPrice": "$5.11 / 100G"
    },
    {
        "category": "household",
        "href": "https://www.woolworths.com.au/shop/productdetails/158988/selleys-bathroom-cleaner-rapid-mould-killer-trigger",
        "imgName": "158988.jpg",
        "imgSrc": "https://cdn0.woolworths.media/content/wowproductimages/medium/158988.jpg",
        "name": "Selleys Bathroom Cleaner Rapid Mould Killer Trigger 500ml",
        "price": 5.99,
        "unitPrice": "$1.20 / 100ML"
    },
    {
        "category": "household",
        "href": "https://www.woolworths.com.au/shop/productdetails/246064/woolworths-for-men-business-socks-plain-size-11-13",
        "imgName": "246064.jpg",
        "imgSrc": "https://cdn0.woolworths.media/content/wowproductimages/medium/246064.jpg",
        "name": "Woolworths For Men Business Socks Plain Size 11-13 3pk",
        "price": 7,
        "unitPrice": "$2.33 / 1EA"
    },
    {
        "category": "household",
        "href": "https://www.woolworths.com.au/shop/productdetails/263078/sistema-klip-it-plasticware-rectangle-split",
        "imgName": "263078.jpg",
        "imgSrc": "https://cdn0.woolworths.media/content/wowproductimages/medium/263078.jpg",
        "name": "Sistema Klip It Plasticware Rectangle Split 2.0l",
        "price": 6.99
    },
    {
        "category": "household",
        "href": "https://www.woolworths.com.au/shop/productdetails/463847/bref-duo-active-toilet-cleaner-lime-mint",
        "imgName": "463847.jpg",
        "imgSrc": "https://cdn0.woolworths.media/content/wowproductimages/medium/463847.jpg",
        "name": "Bref Duo Active Toilet Cleaner Lime & Mint 50ml",
        "price": 5,
        "unitPrice": "$10.00 / 100ML"
    },
    {
        "category": "household",
        "href": "https://www.woolworths.com.au/shop/productdetails/428531/woolworths-game-catch-ball",
        "imgName": "428531.jpg",
        "imgSrc": "https://cdn0.woolworths.media/content/wowproductimages/medium/428531.jpg",
        "name": "Woolworths Game Catch Ball each",
        "price": 4
    },
    {
        "category": "household",
        "href": "https://www.woolworths.com.au/shop/productdetails/308009/orange-power-manual-spray-air-freshener-lime-orange",
        "imgName": "308009.jpg",
        "imgSrc": "https://cdn0.woolworths.media/content/wowproductimages/medium/308009.jpg",
        "name": "Orange Power Manual Spray Air Freshener Lime & Orange 125ml",
        "price": 4.19,
        "unitPrice": "$0.34 / 10ML"
    },
    {
        "category": "household",
        "href": "https://www.woolworths.com.au/shop/productdetails/518722/quell-photoelectric-smoke-alarm-bedroom-hallway",
        "imgName": "518722.jpg",
        "imgSrc": "https://cdn0.woolworths.media/content/wowproductimages/medium/518722.jpg",
        "name": "Quell Photoelectric Smoke Alarm Bedroom / Hallway each",
        "price": 22,
        "unitPrice": "$22.00 / 1EA"
    },
    {
        "category": "household",
        "href": "https://www.woolworths.com.au/shop/productdetails/258166/white-king-mould-scum-remover-lemon",
        "imgName": "258166.jpg",
        "imgSrc": "https://cdn0.woolworths.media/content/wowproductimages/medium/258166.jpg",
        "name": "White King Mould & Scum Remover Lemon 500ml",
        "price": 5,
        "unitPrice": "$1.00 / 100ML"
    },
    {
        "category": "household",
        "href": "https://www.woolworths.com.au/shop/productdetails/653240/dettol-disinfectant-wipes",
        "imgName": "653240.jpg",
        "imgSrc": "https://cdn0.woolworths.media/content/wowproductimages/medium/653240.jpg",
        "name": "Dettol Disinfectant Wipes  180pk"
    },
    {
        "category": "household",
        "href": "https://www.woolworths.com.au/shop/productdetails/759637/command-strips-large-wire-hooks",
        "imgName": "759637.jpg",
        "imgSrc": "https://cdn0.woolworths.media/content/wowproductimages/medium/759637.jpg",
        "name": "Command Strips & Large Wire Hooks each",
        "price": 7,
        "unitPrice": "$7.00 / 1EA"
    },
    {
        "category": "household",
        "href": "https://www.woolworths.com.au/shop/productdetails/828720/bonds-comfy-tops-slimming-sheer-tights-black-lge",
        "imgName": "828720.jpg",
        "imgSrc": "https://cdn0.woolworths.media/content/wowproductimages/medium/828720.jpg",
        "name": "Bonds Comfy Tops Slimming Sheer Tights Black Lge each",
        "price": 8,
        "special": 4
    },
    {
        "category": "household",
        "href": "https://www.woolworths.com.au/shop/productdetails/789914/ansell-gloves-long-cuff-disposable",
        "imgName": "789914.jpg",
        "imgSrc": "https://cdn0.woolworths.media/content/wowproductimages/medium/789914.jpg",
        "name": "Ansell Gloves Long Cuff Disposable 20pk",
        "price": 5.49,
        "unitPrice": "$0.27 / 1EA"
    },
    {
        "category": "household",
        "href": "https://www.woolworths.com.au/shop/productdetails/645169/mortein-powergard-cockroach-baits",
        "imgName": "645169.jpg",
        "imgSrc": "https://cdn0.woolworths.media/content/wowproductimages/medium/645169.jpg",
        "name": "Mortein Powergard Cockroach Baits 12pk",
        "price": 15,
        "special": 12,
        "unitPrice": "$1.00 / 1EA"
    },
    {
        "category": "household",
        "href": "https://www.woolworths.com.au/shop/productdetails/433274/soften-fabric-softener-sunny-glow",
        "imgName": "433274.jpg",
        "imgSrc": "https://cdn0.woolworths.media/content/wowproductimages/medium/433274.jpg",
        "name": "Soften Fabric Softener Sunny Glow 2l",
        "price": 2.99,
        "unitPrice": "$1.50 / 1L"
    },
    {
        "category": "household",
        "href": "https://www.woolworths.com.au/shop/productdetails/432219/inspire-soup-mug-deep-blue",
        "imgName": "432219.jpg",
        "imgSrc": "https://cdn0.woolworths.media/content/wowproductimages/medium/432219.jpg",
        "name": "Inspire Soup Mug Deep Blue 500ml"
    },
    {
        "category": "household",
        "href": "https://www.woolworths.com.au/shop/productdetails/770394/fairy-hand-dishwashing-liquid-orginal",
        "imgName": "770394.jpg",
        "imgSrc": "https://cdn0.woolworths.media/content/wowproductimages/medium/770394.jpg",
        "name": "Fairy Hand Dishwashing Liquid Orginal 433ml"
    },
    {
        "category": "household",
        "href": "https://www.woolworths.com.au/shop/productdetails/494117/waxworks-mozzie-sticks-sandalwd-citronlla-frangipani",
        "imgName": "494117.jpg",
        "imgSrc": "https://cdn0.woolworths.media/content/wowproductimages/medium/494117.jpg",
        "name": "Waxworks Mozzie Sticks Sandalwd Citronlla Frangipani 12pk",
        "price": 7.99
    },
    {
        "category": "household",
        "href": "https://www.woolworths.com.au/shop/productdetails/829919/inspire-hanging-wardrobe-organiser-6-shelf-wide",
        "imgName": "829919.jpg",
        "imgSrc": "https://cdn0.woolworths.media/content/wowproductimages/medium/829919.jpg",
        "name": "Inspire Hanging Wardrobe Organiser 6 Shelf Wide each",
        "price": 15
    },
    {
        "category": "household",
        "href": "https://www.woolworths.com.au/shop/productdetails/790000/inspire-utility-knife",
        "imgName": "790000.jpg",
        "imgSrc": "https://cdn0.woolworths.media/content/wowproductimages/medium/790000.jpg",
        "name": "Inspire Utility Knife  each",
        "price": 6
    },
    {
        "category": "household",
        "href": "https://www.woolworths.com.au/shop/productdetails/757229/essentials-serviettes-1ply",
        "imgName": "757229.jpg",
        "imgSrc": "https://cdn0.woolworths.media/content/wowproductimages/medium/757229.jpg",
        "name": "Essentials Serviettes 1ply 100pk",
        "price": 1.75,
        "unitPrice": "$0.02 / 1EA"
    },
    {
        "category": "household",
        "href": "https://www.woolworths.com.au/shop/productdetails/762777/dettol-floor-cleaner-system",
        "imgName": "762777.jpg",
        "imgSrc": "https://cdn0.woolworths.media/content/wowproductimages/medium/762777.jpg",
        "name": "Dettol Floor Cleaner System each",
        "price": 19.99,
        "unitPrice": "$19.99 / 1EA"
    },
    {
        "category": "household",
        "href": "https://www.woolworths.com.au/shop/productdetails/780300/hurricane-front-loader-liquid-lemon",
        "imgName": "780300.jpg",
        "imgSrc": "https://cdn0.woolworths.media/content/wowproductimages/medium/780300.jpg",
        "name": "Hurricane Front Loader Liquid Lemon 2l",
        "price": 8,
        "unitPrice": "$4.00 / 1L"
    },
    {
        "category": "household",
        "href": "https://www.woolworths.com.au/shop/productdetails/741318/philips-cfl-tornado-cool-daylight-20w-es-base",
        "imgName": "741318.jpg",
        "imgSrc": "https://cdn0.woolworths.media/content/wowproductimages/medium/741318.jpg",
        "name": "Philips Cfl Tornado Cool Daylight 20w Es Base each",
        "price": 6.5,
        "special": 5.2,
        "unitPrice": "$5.20 / 1EA"
    },
    {
        "category": "household",
        "href": "https://www.woolworths.com.au/shop/productdetails/825741/dr-beckmann-colour-safe-couour-run-remover",
        "imgName": "825741.jpg",
        "imgSrc": "https://cdn0.woolworths.media/content/wowproductimages/medium/825741.jpg",
        "name": "Dr Beckmann Colour Safe Couour Run Remover 2x65ml",
        "price": 6.95,
        "unitPrice": "$53.46 / 1L"
    },
    {
        "category": "household",
        "href": "https://www.woolworths.com.au/shop/productdetails/381835/staysharp-cutlery-santoku-knife",
        "imgName": "381835.jpg",
        "imgSrc": "https://cdn0.woolworths.media/content/wowproductimages/medium/381835.jpg",
        "name": "Staysharp Cutlery Santoku Knife each",
        "price": 20
    },
    {
        "category": "household",
        "href": "https://www.woolworths.com.au/shop/productdetails/494108/waxworks-mozzie-sticks-sandalwood-citronella",
        "imgName": "494108.jpg",
        "imgSrc": "https://cdn0.woolworths.media/content/wowproductimages/medium/494108.jpg",
        "name": "Waxworks Mozzie Sticks Sandalwood & Citronella 12pk",
        "price": 7.99
    },
    {
        "category": "household",
        "href": "https://www.woolworths.com.au/shop/productdetails/12674/woman-s-day",
        "imgName": "012674.jpg",
        "imgSrc": "https://cdn0.woolworths.media/content/wowproductimages/medium/012674.jpg",
        "name": "Woman's Day",
        "price": 4.5
    },
    {
        "category": "household",
        "href": "https://www.woolworths.com.au/shop/productdetails/2774/stay-fresh-scourer-stainless-steel-giant",
        "imgName": "002774.jpg",
        "imgSrc": "https://cdn0.woolworths.media/content/wowproductimages/medium/002774.jpg",
        "name": "Stay Fresh Scourer Stainless Steel Giant 1pk",
        "price": 1.25
    },
    {
        "category": "household",
        "href": "https://www.woolworths.com.au/shop/productdetails/32224/fabulon-starch-ironing-aid-trigger-spray",
        "imgName": "032224.jpg",
        "imgSrc": "https://cdn0.woolworths.media/content/wowproductimages/medium/032224.jpg",
        "name": "Fabulon Starch Ironing Aid Trigger Spray 500ml",
        "price": 5.69,
        "unitPrice": "$11.38 / 1L"
    },
    {
        "category": "household",
        "href": "https://www.woolworths.com.au/shop/productdetails/200/philips-reflector-r80-globe-100w-es-base",
        "imgName": "000200.jpg",
        "imgSrc": "https://cdn0.woolworths.media/content/wowproductimages/medium/000200.jpg",
        "name": "Philips Reflector R80 Globe 100w Es Base each",
        "price": 4.4,
        "unitPrice": "$4.40 / 1EA"
    },
    {
        "category": "household",
        "href": "https://www.woolworths.com.au/shop/productdetails/23649/handy-andy-cleaner-and-disinfectant-green",
        "imgName": "023649.jpg",
        "imgSrc": "https://cdn0.woolworths.media/content/wowproductimages/medium/023649.jpg",
        "name": "Handy Andy Cleaner And Disinfectant Green 750ml",
        "price": 3.99,
        "unitPrice": "$0.53 / 100ML"
    },
    {
        "category": "household",
        "href": "https://www.woolworths.com.au/shop/productdetails/78677/clean-air-manual-spray-air-freshener-alpine-refill",
        "imgName": "078677.jpg",
        "imgSrc": "https://cdn0.woolworths.media/content/wowproductimages/medium/078677.jpg",
        "name": "Clean Air Manual Spray Air Freshener Alpine Refill 125g",
        "price": 3.49,
        "unitPrice": "$0.28 / 10G"
    },
    {
        "category": "household",
        "href": "https://www.woolworths.com.au/shop/productdetails/91722/homebrand-freezer-bags-large",
        "imgName": "091722.jpg",
        "imgSrc": "https://cdn0.woolworths.media/content/wowproductimages/medium/091722.jpg",
        "name": "Homebrand Freezer Bags Large 40pk",
        "price": 0.6,
        "unitPrice": "$0.02 / 1EA"
    },
    {
        "category": "household",
        "href": "https://www.woolworths.com.au/shop/productdetails/53450/bushman-insect-repellent-with-sunscreen",
        "imgName": "053450.jpg",
        "imgSrc": "https://cdn0.woolworths.media/content/wowproductimages/medium/053450.jpg",
        "name": "Bushman Insect Repellent With Sunscreen 150g",
        "price": 15,
        "unitPrice": "$10.00 / 100G"
    },
    {
        "category": "household",
        "href": "https://www.woolworths.com.au/shop/productdetails/104878/scotch-brite-chunky-sponge",
        "imgName": "104878.jpg",
        "imgSrc": "https://cdn0.woolworths.media/content/wowproductimages/medium/104878.jpg",
        "name": "Scotch-brite Chunky Sponge 2pk",
        "price": 3.29,
        "unitPrice": "$1.65 / 1EA"
    },
    {
        "category": "household",
        "href": "https://www.woolworths.com.au/shop/productdetails/103895/motor-magazine",
        "imgName": "103895.jpg",
        "imgSrc": "https://cdn0.woolworths.media/content/wowproductimages/medium/103895.jpg",
        "name": "Motor Magazine",
        "price": 10.5
    },
    {
        "category": "household",
        "href": "https://www.woolworths.com.au/shop/productdetails/198539/vanity-fair",
        "imgName": "198539.jpg",
        "imgSrc": "https://cdn0.woolworths.media/content/wowproductimages/medium/198539.jpg",
        "name": "Vanity Fair",
        "price": 13.99
    },
    {
        "category": "household",
        "href": "https://www.woolworths.com.au/shop/productdetails/188082/hillmark-kitchen-cooktop-cleaner-ceramic-glass",
        "imgName": "188082.jpg",
        "imgSrc": "https://cdn0.woolworths.media/content/wowproductimages/medium/188082.jpg",
        "name": "Hillmark Kitchen Cooktop Cleaner Ceramic Glass 150ml",
        "price": 6.19,
        "unitPrice": "$4.13 / 100ML"
    },
    {
        "category": "household",
        "href": "https://www.woolworths.com.au/shop/productdetails/148460/sabco-lightning-mop-squeeze-scour",
        "imgName": "148460.jpg",
        "imgSrc": "https://cdn0.woolworths.media/content/wowproductimages/medium/148460.jpg",
        "name": "Sabco Lightning Mop Squeeze Scour each",
        "price": 19.49
    },
    {
        "category": "household",
        "href": "https://www.woolworths.com.au/shop/productdetails/157912/triumph-fabric-care-anti-static-spray",
        "imgName": "157912.jpg",
        "imgSrc": "https://cdn0.woolworths.media/content/wowproductimages/medium/157912.jpg",
        "name": "Triumph Fabric Care Anti Static Spray 125ml",
        "price": 6.5,
        "unitPrice": "$5.20 / 100ML"
    },
    {
        "category": "household",
        "href": "https://www.woolworths.com.au/shop/productdetails/160395/sistema-klip-it-plasticware-rectangle",
        "imgName": "160395.jpg",
        "imgSrc": "https://cdn0.woolworths.media/content/wowproductimages/medium/160395.jpg",
        "name": "Sistema Klip It Plasticware Rectangle 1l",
        "price": 5.2
    },
    {
        "category": "household",
        "href": "https://www.woolworths.com.au/shop/productdetails/230644/woolworths-essentials-laundry-basket-hip-hugger",
        "imgName": "230644.jpg",
        "imgSrc": "https://cdn0.woolworths.media/content/wowproductimages/medium/230644.jpg",
        "name": "Woolworths Essentials Laundry Basket Hip Hugger each",
        "price": 12
    },
    {
        "category": "household",
        "href": "https://www.woolworths.com.au/shop/productdetails/232822/homebrand-gloves-large",
        "imgName": "232822.jpg",
        "imgSrc": "https://cdn0.woolworths.media/content/wowproductimages/medium/232822.jpg",
        "name": "Homebrand Gloves Large 2pk",
        "price": 0.99,
        "unitPrice": "$0.50 / 1EA"
    },
    {
        "category": "household",
        "href": "https://www.woolworths.com.au/shop/productdetails/210253/sabco-window-washer-extendable-handle",
        "imgName": "210253.jpg",
        "imgSrc": "https://cdn0.woolworths.media/content/wowproductimages/medium/210253.jpg",
        "name": "Sabco Window Washer Extendable Handle each",
        "price": 15
    },
    {
        "category": "household",
        "href": "https://www.woolworths.com.au/shop/productdetails/235168/energizer-button-battery-1-5v-377bp",
        "imgName": "235168.jpg",
        "imgSrc": "https://cdn0.woolworths.media/content/wowproductimages/medium/235168.jpg",
        "name": "Energizer Button Battery 1.5v 377bp each",
        "price": 4.71,
        "unitPrice": "$4.71 / 1EA"
    },
    {
        "category": "household",
        "href": "https://www.woolworths.com.au/shop/productdetails/233130/cuddly-fabric-softener-classic-fresh",
        "imgName": "233130.jpg",
        "imgSrc": "https://cdn0.woolworths.media/content/wowproductimages/medium/233130.jpg",
        "name": "Cuddly Fabric Softener Classic Fresh 300ml",
        "price": 2.69,
        "unitPrice": "$8.97 / 1L"
    },
    {
        "category": "household",
        "href": "https://www.woolworths.com.au/shop/productdetails/249864/philips-rangehood-globe-40w-es-base",
        "imgName": "249864.jpg",
        "imgSrc": "https://cdn0.woolworths.media/content/wowproductimages/medium/249864.jpg",
        "name": "Philips Rangehood Globe 40w Es Base 2pk",
        "price": 8.8,
        "unitPrice": "$4.40 / 1EA"
    },
    {
        "category": "household",
        "href": "https://www.woolworths.com.au/shop/productdetails/248691/sellotape-tape-double-sided-12mmx10mm",
        "imgName": "248691.jpg",
        "imgSrc": "https://cdn0.woolworths.media/content/wowproductimages/medium/248691.jpg",
        "name": "Sellotape Tape Double Sided 12mmx10mm each",
        "price": 3
    },
    {
        "category": "household",
        "href": "https://www.woolworths.com.au/shop/productdetails/317201/fluffy-fabric-softener-dryer-sheets-field-flowers",
        "imgName": "317201.jpg",
        "imgSrc": "https://cdn0.woolworths.media/content/wowproductimages/medium/317201.jpg",
        "name": "Fluffy Fabric Softener Dryer Sheets Field Flowers 40pk",
        "price": 6.69,
        "unitPrice": "$0.17 / 1EA"
    },
    {
        "category": "household",
        "href": "https://www.woolworths.com.au/shop/productdetails/279959/australian-women-s-health",
        "imgName": "279959.jpg",
        "imgSrc": "https://cdn0.woolworths.media/content/wowproductimages/medium/279959.jpg",
        "name": "Australian Women's Health",
        "price": 7.5
    },
    {
        "category": "household",
        "href": "https://www.woolworths.com.au/shop/productdetails/283092/papermate-kilometrico-pen-black",
        "imgName": "283092.jpg",
        "imgSrc": "https://cdn0.woolworths.media/content/wowproductimages/medium/283092.jpg",
        "name": "Papermate Kilometrico Pen Black 10pk",
        "price": 4.5
    },
    {
        "category": "household",
        "href": "https://www.woolworths.com.au/shop/productdetails/381841/hp-printer-ink-564-cyan",
        "imgName": "381841.jpg",
        "imgSrc": "https://cdn0.woolworths.media/content/wowproductimages/medium/381841.jpg",
        "name": "Hp Printer Ink 564 Cyan each",
        "price": 23
    },
    {
        "category": "household",
        "href": "https://www.woolworths.com.au/shop/productdetails/381839/hp-printer-ink-564-black",
        "imgName": "381839.jpg",
        "imgSrc": "https://cdn0.woolworths.media/content/wowproductimages/medium/381839.jpg",
        "name": "Hp Printer Ink 564 Black each",
        "price": 23
    },
    {
        "category": "household",
        "href": "https://www.woolworths.com.au/shop/productdetails/383858/uhu-magic-blue-stick",
        "imgName": "383858.jpg",
        "imgSrc": "https://cdn0.woolworths.media/content/wowproductimages/medium/383858.jpg",
        "name": "Uhu Magic Blue Stick  40g each",
        "price": 3.7
    },
    {
        "category": "household",
        "href": "https://www.woolworths.com.au/shop/productdetails/361244/inspire-flexi-tub",
        "imgName": "361244.jpg",
        "imgSrc": "https://cdn0.woolworths.media/content/wowproductimages/medium/361244.jpg",
        "name": "Inspire Flexi Tub  11l",
        "price": 6
    },
    {
        "category": "household",
        "href": "https://www.woolworths.com.au/shop/productdetails/432600/inspire-embossed-mug-orange",
        "imgName": "432600.jpg",
        "imgSrc": "https://cdn0.woolworths.media/content/wowproductimages/medium/432600.jpg",
        "name": "Inspire Embossed Mug Orange each",
        "price": 4
    },
    {
        "category": "household",
        "href": "https://www.woolworths.com.au/shop/productdetails/383182/canon-printer-ink-cli526m-inkjet-magenta",
        "imgName": "383182.jpg",
        "imgSrc": "https://cdn0.woolworths.media/content/wowproductimages/medium/383182.jpg",
        "name": "Canon Printer Ink Cli526m Inkjet Magenta each"
    },
    {
        "category": "household",
        "href": "https://www.woolworths.com.au/shop/productdetails/419353/selleys-multi-purpose-sealant",
        "imgName": "419353.jpg",
        "imgSrc": "https://cdn0.woolworths.media/content/wowproductimages/medium/419353.jpg",
        "name": "Selleys Multi Purpose Sealant 285g",
        "price": 12.5,
        "unitPrice": "$4.39 / 100G"
    },
    {
        "category": "household",
        "href": "https://www.woolworths.com.au/shop/productdetails/432605/inspire-bullet-mug-2-tone-orange",
        "imgName": "432605.jpg",
        "imgSrc": "https://cdn0.woolworths.media/content/wowproductimages/medium/432605.jpg",
        "name": "Inspire Bullet Mug 2 Tone Orange each",
        "price": 3
    },
    {
        "category": "household",
        "href": "https://www.woolworths.com.au/shop/productdetails/652127/elmers-clear-glue",
        "imgName": "652127.jpg",
        "imgSrc": "https://cdn0.woolworths.media/content/wowproductimages/medium/652127.jpg",
        "name": "Elmers Clear Glue  147ml",
        "price": 7
    },
    {
        "category": "household",
        "href": "https://www.woolworths.com.au/shop/productdetails/495172/bic-maxi-lighter",
        "imgName": "495172.jpg",
        "imgSrc": "https://cdn0.woolworths.media/content/wowproductimages/medium/495172.jpg",
        "name": "Bic Maxi Lighter  2pk",
        "price": 3.49
    },
    {
        "category": "household",
        "href": "https://www.woolworths.com.au/shop/productdetails/572500/vileda-microfibre-twist-mop",
        "imgName": "572500.jpg",
        "imgSrc": "https://cdn0.woolworths.media/content/wowproductimages/medium/572500.jpg",
        "name": "Vileda Microfibre Twist Mop each",
        "price": 19.99,
        "unitPrice": "$19.99 / 1EA"
    },
    {
        "category": "household",
        "href": "https://www.woolworths.com.au/shop/productdetails/705425/woolworths-essentials-foil-serving-tray-oval",
        "imgName": "705425.jpg",
        "imgSrc": "https://cdn0.woolworths.media/content/wowproductimages/medium/705425.jpg",
        "name": "Woolworths Essentials Foil Serving Tray Oval 3pk",
        "price": 1.8,
        "unitPrice": "$0.60 / 1EA"
    },
    {
        "category": "household",
        "href": "https://www.woolworths.com.au/shop/productdetails/742734/scholl-party-feet-invisible-gel-heel-cushions",
        "imgName": "742734.jpg",
        "imgSrc": "https://cdn0.woolworths.media/content/wowproductimages/medium/742734.jpg",
        "name": "Scholl Party Feet Invisible Gel Heel Cushions each",
        "price": 9.99,
        "unitPrice": "$9.99 / 1EA"
    },
    {
        "category": "household",
        "href": "https://www.woolworths.com.au/shop/productdetails/757392/ambi-pur-plug-in-freshener-set-lavender-comfort",
        "imgName": "757392.jpg",
        "imgSrc": "https://cdn0.woolworths.media/content/wowproductimages/medium/757392.jpg",
        "name": "Ambi Pur Plug In Freshener Set Lavender & Comfort 20ml",
        "price": 9.2,
        "unitPrice": "$4.60 / 10ML"
    },
    {
        "category": "household",
        "href": "https://www.woolworths.com.au/shop/productdetails/730529/water-pistol",
        "imgName": "730529.jpg",
        "imgSrc": "https://cdn0.woolworths.media/content/wowproductimages/medium/730529.jpg",
        "name": "Water Pistol  30cm",
        "price": 2
    },
    {
        "category": "household",
        "href": "https://www.woolworths.com.au/shop/productdetails/695856/home-essentials-dinnerware-side-plate-red",
        "imgName": "695856.jpg",
        "imgSrc": "https://cdn0.woolworths.media/content/wowproductimages/medium/695856.jpg",
        "name": "Home Essentials Dinnerware Side Plate Red each",
        "price": 3
    },
    {
        "category": "household",
        "href": "https://www.woolworths.com.au/shop/productdetails/786631/jamie-oliver-terracotta-baking-dish",
        "imgName": "786631.jpg",
        "imgSrc": "https://cdn0.woolworths.media/content/wowproductimages/medium/786631.jpg",
        "name": "Jamie Oliver Terracotta Baking Dish 28.5cm",
        "price": 20
    },
    {
        "category": "household",
        "href": "https://www.woolworths.com.au/shop/productdetails/786047/glade-sense-spray-automatic-spray-pomegranate-cranberries",
        "imgName": "786047.jpg",
        "imgSrc": "https://cdn0.woolworths.media/content/wowproductimages/medium/786047.jpg",
        "name": "Glade Sense & Spray Automatic Spray Pomegranate & Cranberries 12g",
        "price": 11.35,
        "unitPrice": "$93.03 / 100G"
    },
    {
        "category": "household",
        "href": "https://www.woolworths.com.au/shop/productdetails/790906/pine-o-cleen-disinfectant-lemon-lime",
        "imgName": "790906.jpg",
        "imgSrc": "https://cdn0.woolworths.media/content/wowproductimages/medium/790906.jpg",
        "name": "Pine O Cleen Disinfectant Lemon Lime 750ml",
        "price": 5,
        "unitPrice": "$0.67 / 100ML"
    },
    {
        "category": "household",
        "href": "https://www.woolworths.com.au/shop/productdetails/889264/epson-printer-ink-200-std-capacity-value-pack",
        "imgName": "889264.jpg",
        "imgSrc": "https://cdn0.woolworths.media/content/wowproductimages/medium/889264.jpg",
        "name": "Epson Printer Ink 200 Std Capacity Value Pack each",
        "price": 57
    },
    {
        "category": "household",
        "href": "https://www.woolworths.com.au/shop/productdetails/957115/moki-comfort-buds-45-degree-pink",
        "imgName": "957115.jpg",
        "imgSrc": "https://cdn0.woolworths.media/content/wowproductimages/medium/957115.jpg",
        "name": "Moki Comfort Buds 45 Degree Pink each",
        "price": 19.95
    },
    {
        "category": "household",
        "href": "https://www.woolworths.com.au/shop/productdetails/931408/sharpie-ultra-fine-marker",
        "imgName": "931408.jpg",
        "imgSrc": "https://cdn0.woolworths.media/content/wowproductimages/medium/931408.jpg",
        "name": "Sharpie Ultra Fine Marker  2pk",
        "price": 5
    },
    {
        "category": "household",
        "href": "https://www.woolworths.com.au/shop/productdetails/152682/pledge-grab-it-dusting-cloths-citrus",
        "imgName": "152682.jpg",
        "imgSrc": "https://cdn0.woolworths.media/content/wowproductimages/medium/152682.jpg",
        "name": "Pledge Grab-it Dusting Cloths Citrus 20pk",
        "price": 6.99,
        "unitPrice": "$0.35 / 1EA"
    },
    {
        "category": "household",
        "href": "https://www.woolworths.com.au/shop/productdetails/250225/spout-bucket",
        "imgName": "250225.jpg",
        "imgSrc": "https://cdn0.woolworths.media/content/wowproductimages/medium/250225.jpg",
        "name": "Spout Bucket  9.6l",
        "price": 2
    },
    {
        "category": "household",
        "href": "https://www.woolworths.com.au/shop/productdetails/250305/earth-choice-toilet-cleaner-liquid-aqua",
        "imgName": "250305.jpg",
        "imgSrc": "https://cdn0.woolworths.media/content/wowproductimages/medium/250305.jpg",
        "name": "Earth Choice Toilet Cleaner Liquid Aqua 750ml",
        "price": 3.2,
        "unitPrice": "$0.43 / 100ML"
    },
    {
        "category": "household",
        "href": "https://www.woolworths.com.au/shop/productdetails/283055/bostik-blu-tack-colour",
        "imgName": "283055.jpg",
        "imgSrc": "https://cdn0.woolworths.media/content/wowproductimages/medium/283055.jpg",
        "name": "Bostik Blu-tack Colour 75g",
        "price": 3.5
    },
    {
        "category": "household",
        "href": "https://www.woolworths.com.au/shop/productdetails/31440/ant-rid-insect-control-ant-killer",
        "imgName": "031440.jpg",
        "imgSrc": "https://cdn0.woolworths.media/content/wowproductimages/medium/031440.jpg",
        "name": "Ant Rid Insect Control Ant Killer 50ml",
        "price": 4.09,
        "unitPrice": "$8.18 / 100ML"
    },
    {
        "category": "household",
        "href": "https://www.woolworths.com.au/shop/productdetails/493518/habee-savers-lint-roller-set-refill",
        "imgName": "493518.jpg",
        "imgSrc": "https://cdn0.woolworths.media/content/wowproductimages/medium/493518.jpg",
        "name": "Habee Savers Lint Roller Set Refill 2pk 90 sheet",
        "price": 10
    },
    {
        "category": "household",
        "href": "https://www.woolworths.com.au/shop/productdetails/580266/kleenex-toilet-tissue-long-roll",
        "imgName": "580266.jpg",
        "imgSrc": "https://cdn0.woolworths.media/content/wowproductimages/medium/580266.jpg",
        "name": "Kleenex Toilet Tissue Long Roll 8pk",
        "price": 8,
        "unitPrice": "$0.37 / 100SS"
    },
    {
        "category": "household",
        "href": "https://www.woolworths.com.au/shop/productdetails/742711/febreze-fabric-refresher-anti-bacterial",
        "imgName": "742711.jpg",
        "imgSrc": "https://cdn0.woolworths.media/content/wowproductimages/medium/742711.jpg",
        "name": "Febreze Fabric Refresher Anti Bacterial 370ml",
        "price": 6.49,
        "unitPrice": "$17.54 / 1L"
    },
    {
        "category": "household",
        "href": "https://www.woolworths.com.au/shop/productdetails/759725/fluffy-divine-blends-fabric-softener-lotus",
        "imgName": "759725.jpg",
        "imgSrc": "https://cdn0.woolworths.media/content/wowproductimages/medium/759725.jpg",
        "name": "Fluffy Divine Blends Fabric Softener Lotus 900ml",
        "price": 6.99,
        "special": 5,
        "unitPrice": "$5.56 / 1L"
    },
    {
        "category": "household",
        "href": "https://www.woolworths.com.au/shop/productdetails/7814/time-australia",
        "imgName": "007814.jpg",
        "imgSrc": "https://cdn0.woolworths.media/content/wowproductimages/medium/007814.jpg",
        "name": "Time Australia",
        "price": 9
    },
    {
        "category": "household",
        "href": "https://www.woolworths.com.au/shop/productdetails/790882/woolworths-bbq-spatula",
        "imgName": "790882.jpg",
        "imgSrc": "https://cdn0.woolworths.media/content/wowproductimages/medium/790882.jpg",
        "name": "Woolworths Bbq Spatula  each",
        "price": 8
    },
    {
        "category": "household",
        "href": "https://www.woolworths.com.au/shop/productdetails/83301/mr-sheen-polish-regular",
        "imgName": "083301.jpg",
        "imgSrc": "https://cdn0.woolworths.media/content/wowproductimages/medium/083301.jpg",
        "name": "Mr Sheen Polish Regular 250g",
        "price": 5.35,
        "unitPrice": "$2.14 / 100G"
    },
    {
        "category": "household",
        "href": "https://www.woolworths.com.au/shop/productdetails/6638/razzamatazz-body-magic-pantyhose-control-soft-tan-x-tall",
        "imgName": "006638.jpg",
        "imgSrc": "https://cdn0.woolworths.media/content/wowproductimages/medium/006638.jpg",
        "name": "Razzamatazz Body Magic Pantyhose Control Soft Tan X-tall each",
        "price": 8
    },
    {
        "category": "household",
        "href": "https://www.woolworths.com.au/shop/productdetails/10770/diggers-methylated-spirits",
        "imgName": "010770.jpg",
        "imgSrc": "https://cdn0.woolworths.media/content/wowproductimages/medium/010770.jpg",
        "name": "Diggers Methylated Spirits  1l",
        "price": 5.69,
        "unitPrice": "$0.57 / 100ML"
    },
    {
        "category": "household",
        "href": "https://www.woolworths.com.au/shop/productdetails/20131/scotch-brite-heavy-duty-scourer-3x-longer",
        "imgName": "020131.jpg",
        "imgSrc": "https://cdn0.woolworths.media/content/wowproductimages/medium/020131.jpg",
        "name": "Scotch-brite Heavy Duty Scourer 3x Longer 4pk",
        "price": 3.29,
        "unitPrice": "$0.82 / 1EA"
    },
    {
        "category": "household",
        "href": "https://www.woolworths.com.au/shop/productdetails/17230/cleanteam-car-care-radiator-coolant",
        "imgName": "017230.jpg",
        "imgSrc": "https://cdn0.woolworths.media/content/wowproductimages/medium/017230.jpg",
        "name": "Cleanteam Car Care Radiator Coolant 5l",
        "price": 7.99,
        "unitPrice": "$0.16 / 100ML"
    },
    {
        "category": "household",
        "href": "https://www.woolworths.com.au/shop/productdetails/16111/sellotape-masking-tape-24mm-x-18m",
        "imgName": "016111.jpg",
        "imgSrc": "https://cdn0.woolworths.media/content/wowproductimages/medium/016111.jpg",
        "name": "Sellotape Masking Tape 24mm X 18m each",
        "price": 2.5
    },
    {
        "category": "household",
        "href": "https://www.woolworths.com.au/shop/productdetails/21304/redheads-matches",
        "imgName": "021304.jpg",
        "imgSrc": "https://cdn0.woolworths.media/content/wowproductimages/medium/021304.jpg",
        "name": "Redheads Matches  10x45pk",
        "price": 2.15,
        "unitPrice": "$0.48 / 100EA"
    },
    {
        "category": "household",
        "href": "https://www.woolworths.com.au/shop/productdetails/16113/sellotape-packaging-tape-brown-36mmx20m",
        "imgName": "016113.jpg",
        "imgSrc": "https://cdn0.woolworths.media/content/wowproductimages/medium/016113.jpg",
        "name": "Sellotape Packaging Tape Brown 36mmx20m each",
        "price": 3
    },
    {
        "category": "household",
        "href": "https://www.woolworths.com.au/shop/productdetails/55901/essentials-laundry-soaker-in-wash-boost",
        "imgName": "default.png",
        "imgSrc": "https://cdn0.woolworths.media/content/wowproductimages/large/default.png",
        "name": "Essentials Laundry Soaker & In Wash Boost 1kg",
        "price": 2.49,
        "unitPrice": "$2.49 / 1KG"
    },
    {
        "category": "household",
        "href": "https://www.woolworths.com.au/shop/productdetails/65925/kiwi-protect-all-shoe-polish-polish-protect-all-shoes",
        "imgName": "065925.jpg",
        "imgSrc": "https://cdn0.woolworths.media/content/wowproductimages/medium/065925.jpg",
        "name": "Kiwi Protect All Shoe Polish Polish Protect All Shoes 125g",
        "price": 9.4,
        "unitPrice": "$7.52 / 100G"
    },
    {
        "category": "household",
        "href": "https://www.woolworths.com.au/shop/productdetails/48278/hovex-insect-control-camphor",
        "imgName": "048278.jpg",
        "imgSrc": "https://cdn0.woolworths.media/content/wowproductimages/medium/048278.jpg",
        "name": "Hovex Insect Control Camphor 18g",
        "price": 2.79,
        "unitPrice": "$15.50 / 100G"
    },
    {
        "category": "household",
        "href": "https://www.woolworths.com.au/shop/productdetails/90129/essentials-spray-wash",
        "imgName": "090129.jpg",
        "imgSrc": "https://cdn0.woolworths.media/content/wowproductimages/medium/090129.jpg",
        "name": "Essentials Spray & Wash  300g",
        "price": 2.39,
        "unitPrice": "$7.97 / 1KG"
    },
    {
        "category": "household",
        "href": "https://www.woolworths.com.au/shop/productdetails/174957/command-decorating-clips-clear",
        "imgName": "174957.jpg",
        "imgSrc": "https://cdn0.woolworths.media/content/wowproductimages/medium/174957.jpg",
        "name": "Command Decorating Clips Clear 20pk",
        "price": 7,
        "unitPrice": "$0.35 / 1EA"
    },
    {
        "category": "household",
        "href": "https://www.woolworths.com.au/shop/productdetails/202256/hovex-insect-control-moth-balls",
        "imgName": "202256.jpg",
        "imgSrc": "https://cdn0.woolworths.media/content/wowproductimages/medium/202256.jpg",
        "name": "Hovex Insect Control Moth Balls 27g",
        "price": 3.6,
        "unitPrice": "$13.33 / 100G"
    },
    {
        "category": "household",
        "href": "https://www.woolworths.com.au/shop/productdetails/212929/mortein-surface-spray-easy-reach-lure-n-kill",
        "imgName": "212929.jpg",
        "imgSrc": "https://cdn0.woolworths.media/content/wowproductimages/medium/212929.jpg",
        "name": "Mortein Surface Spray Easy Reach Lure N Kill 350g",
        "price": 10,
        "unitPrice": "$2.86 / 100G"
    },
    {
        "category": "household",
        "href": "https://www.woolworths.com.au/shop/productdetails/210584/hygiene-plus-latex-gloves-disposable-powderfree-one-size",
        "imgName": "210584.jpg",
        "imgSrc": "https://cdn0.woolworths.media/content/wowproductimages/medium/210584.jpg",
        "name": "Hygiene Plus Latex Gloves Disposable Powderfree One Size 100pk",
        "price": 9.99,
        "unitPrice": "$0.10 / 1EA"
    },
    {
        "category": "household",
        "href": "https://www.woolworths.com.au/shop/productdetails/251303/homebrand-scourer-steelwool-soap-pads",
        "imgName": "251303.jpg",
        "imgSrc": "https://cdn0.woolworths.media/content/wowproductimages/medium/251303.jpg",
        "name": "Homebrand Scourer Steelwool Soap Pads 15pk",
        "price": 1.95,
        "unitPrice": "$0.13 / 1EA"
    },
    {
        "category": "household",
        "href": "https://www.woolworths.com.au/shop/productdetails/333230/sello-invisible-tape-dispenser-18mmx25m",
        "imgName": "333230.jpg",
        "imgSrc": "https://cdn0.woolworths.media/content/wowproductimages/medium/333230.jpg",
        "name": "Sello Invisible Tape Dispenser 18mmx25m each",
        "price": 4
    },
    {
        "category": "household",
        "href": "https://www.woolworths.com.au/shop/productdetails/348526/wiltshire-staysharp-utensil-carving-knife",
        "imgName": "348526.jpg",
        "imgSrc": "https://cdn0.woolworths.media/content/wowproductimages/medium/348526.jpg",
        "name": "Wiltshire Staysharp Utensil Carving Knife each",
        "price": 19
    },
    {
        "category": "household",
        "href": "https://www.woolworths.com.au/shop/productdetails/446221/gardman-fairy-lights",
        "imgName": "446221.jpg",
        "imgSrc": "https://cdn0.woolworths.media/content/wowproductimages/medium/446221.jpg",
        "name": "Gardman Fairy Lights  100pk",
        "price": 12
    },
    {
        "category": "household",
        "href": "https://www.woolworths.com.au/shop/productdetails/432343/green-gardener-sprinkler",
        "imgName": "432343.jpg",
        "imgSrc": "https://cdn0.woolworths.media/content/wowproductimages/medium/432343.jpg",
        "name": "Green Gardener Sprinkler  each",
        "price": 6
    },
    {
        "category": "household",
        "href": "https://www.woolworths.com.au/shop/productdetails/428167/woolworths-balloons-round-green",
        "imgName": "428167.jpg",
        "imgSrc": "https://cdn0.woolworths.media/content/wowproductimages/medium/428167.jpg",
        "name": "Woolworths Balloons Round Green 30cm each",
        "price": 2
    },
    {
        "category": "household",
        "href": "https://www.woolworths.com.au/shop/productdetails/381442/epson-printer-ink-73n-magenta",
        "imgName": "381442.jpg",
        "imgSrc": "https://cdn0.woolworths.media/content/wowproductimages/medium/381442.jpg",
        "name": "Epson Printer Ink 73n Magenta each",
        "price": 25
    },
    {
        "category": "household",
        "href": "https://www.woolworths.com.au/shop/productdetails/381853/hp-printer-ink-61-tri-colour",
        "imgName": "381853.jpg",
        "imgSrc": "https://cdn0.woolworths.media/content/wowproductimages/medium/381853.jpg",
        "name": "Hp Printer Ink 61 Tri-colour each",
        "price": 37.5
    },
    {
        "category": "household",
        "href": "https://www.woolworths.com.au/shop/productdetails/497143/oakwood-leather-clean-soap",
        "imgName": "497143.jpg",
        "imgSrc": "https://cdn0.woolworths.media/content/wowproductimages/medium/497143.jpg",
        "name": "Oakwood Leather Clean Soap  250ml",
        "price": 5.99,
        "unitPrice": "$2.40 / 100ML"
    },
    {
        "category": "household",
        "href": "https://www.woolworths.com.au/shop/productdetails/370369/propert-kitchen-appliance-scale-jug",
        "imgName": "370369.jpg",
        "imgSrc": "https://cdn0.woolworths.media/content/wowproductimages/medium/370369.jpg",
        "name": "Propert Kitchen Appliance Scale Jug each",
        "price": 15
    },
    {
        "category": "household",
        "href": "https://www.woolworths.com.au/shop/productdetails/433277/soften-fabric-softener-concentrate-sunny-glow",
        "imgName": "433277.jpg",
        "imgSrc": "https://cdn0.woolworths.media/content/wowproductimages/medium/433277.jpg",
        "name": "Soften Fabric Softener Concentrate Sunny Glow 250ml",
        "price": 1.19,
        "unitPrice": "$0.48 / 100ML"
    },
    {
        "category": "household",
        "href": "https://www.woolworths.com.au/shop/productdetails/432283/essentials-mug-plain-white",
        "imgName": "432283.jpg",
        "imgSrc": "https://cdn0.woolworths.media/content/wowproductimages/medium/432283.jpg",
        "name": "Essentials Mug Plain White each",
        "price": 2
    },
    {
        "category": "household",
        "href": "https://www.woolworths.com.au/shop/productdetails/650547/optus-x-play-3g",
        "imgName": "650547.jpg",
        "imgSrc": "https://cdn0.woolworths.media/content/wowproductimages/medium/650547.jpg",
        "name": "Optus X Play 3g 1ea",
        "price": 59
    },
    {
        "category": "household",
        "href": "https://www.woolworths.com.au/shop/productdetails/482620/optus-4g-zte-zip",
        "imgName": "482620.jpg",
        "imgSrc": "https://cdn0.woolworths.media/content/wowproductimages/medium/482620.jpg",
        "name": "Optus 4g Zte Zip 1ea",
        "price": 79,
        "special": 39.5
    },
    {
        "category": "household",
        "href": "https://www.woolworths.com.au/shop/productdetails/670546/sard-colour-catcher",
        "imgName": "670546.jpg",
        "imgSrc": "https://cdn0.woolworths.media/content/wowproductimages/medium/670546.jpg",
        "name": "Sard Colour Catcher  15 sheets",
        "price": 5.49,
        "unitPrice": "$0.37 / 1EA"
    },
    {
        "category": "household",
        "href": "https://www.woolworths.com.au/shop/productdetails/742707/quilton-toilet-tissue-king-size-unscented",
        "imgName": "742707.jpg",
        "imgSrc": "https://cdn0.woolworths.media/content/wowproductimages/medium/742707.jpg",
        "name": "Quilton Toilet Tissue King Size Unscented 6pk",
        "price": 5,
        "unitPrice": "$0.48 / 100SS"
    },
    {
        "category": "household",
        "href": "https://www.woolworths.com.au/shop/productdetails/742046/raid-exterminator-flea-cockroach-bomb",
        "imgName": "742046.jpg",
        "imgSrc": "https://cdn0.woolworths.media/content/wowproductimages/medium/742046.jpg",
        "name": "Raid Exterminator Flea & Cockroach Bomb  3pk",
        "price": 13,
        "unitPrice": "$2.71 / 100G"
    },
    {
        "category": "household",
        "href": "https://www.woolworths.com.au/shop/productdetails/752019/woolworths-subject-dividers-a4-5-tabs",
        "imgName": "752019.jpg",
        "imgSrc": "https://cdn0.woolworths.media/content/wowproductimages/medium/752019.jpg",
        "name": "Woolworths Subject Dividers A4 5 Tabs each",
        "price": 2
    },
    {
        "category": "household",
        "href": "https://www.woolworths.com.au/shop/productdetails/769880/chux-non-scratch-silver-scourer",
        "imgName": "769880.jpg",
        "imgSrc": "https://cdn0.woolworths.media/content/wowproductimages/medium/769880.jpg",
        "name": "Chux Non Scratch Silver Scourer each",
        "price": 1.99,
        "unitPrice": "$1.99 / 1EA"
    },
    {
        "category": "household",
        "href": "https://www.woolworths.com.au/shop/productdetails/770246/sabco-all-purpose-cloth-microfibre-cloths",
        "imgName": "770246.jpg",
        "imgSrc": "https://cdn0.woolworths.media/content/wowproductimages/medium/770246.jpg",
        "name": "Sabco All Purpose Cloth Microfibre Cloths 3pk",
        "price": 3.99,
        "unitPrice": "$3.99 / 1EA"
    },
    {
        "category": "household",
        "href": "https://www.woolworths.com.au/shop/productdetails/791634/woolworths-lunch-serviettes-2ply-red",
        "imgName": "791634.jpg",
        "imgSrc": "https://cdn0.woolworths.media/content/wowproductimages/medium/791634.jpg",
        "name": "Woolworths Lunch Serviettes 2ply Red 50pk",
        "price": 3,
        "unitPrice": "$0.06 / 1EA"
    },
    {
        "category": "household",
        "href": "https://www.woolworths.com.au/shop/productdetails/789040/party-entertaining-shot-glasses",
        "imgName": "789040.jpg",
        "imgSrc": "https://cdn0.woolworths.media/content/wowproductimages/medium/789040.jpg",
        "name": "Party Entertaining Shot Glasses 20pk",
        "price": 3.5,
        "unitPrice": "$0.18 / 1EA"
    },
    {
        "category": "household",
        "href": "https://www.woolworths.com.au/shop/productdetails/789921/vileda-broom-carpet-sweeper",
        "imgName": "789921.jpg",
        "imgSrc": "https://cdn0.woolworths.media/content/wowproductimages/medium/789921.jpg",
        "name": "Vileda Broom Carpet Sweeper each",
        "price": 29.99,
        "unitPrice": "$29.99 / 1EA"
    },
    {
        "category": "household",
        "href": "https://www.woolworths.com.au/shop/productdetails/787072/jamie-oliver-medium-pop-jar-blue-lid",
        "imgName": "787072.jpg",
        "imgSrc": "https://cdn0.woolworths.media/content/wowproductimages/medium/787072.jpg",
        "name": "Jamie Oliver Medium Pop Jar Blue Lid each",
        "price": 8
    },
    {
        "category": "household",
        "href": "https://www.woolworths.com.au/shop/productdetails/829467/finish-concentrate-powder-classic-lemon-sparkle",
        "imgName": "829467.jpg",
        "imgSrc": "https://cdn0.woolworths.media/content/wowproductimages/medium/829467.jpg",
        "name": "Finish Concentrate Powder Classic Lemon Sparkle 2kg",
        "price": 18,
        "unitPrice": "$0.90 / 100G"
    },
    {
        "category": "household",
        "href": "https://www.woolworths.com.au/shop/productdetails/957087/moki-hyperbuds-blue",
        "imgName": "957087.jpg",
        "imgSrc": "https://cdn0.woolworths.media/content/wowproductimages/medium/957087.jpg",
        "name": "Moki Hyperbuds Blue each",
        "price": 14.99
    },
    {
        "category": "household",
        "href": "https://www.woolworths.com.au/shop/productdetails/780318/earth-choice-front-loader-laundry-powder",
        "imgName": "780318.jpg",
        "imgSrc": "https://cdn0.woolworths.media/content/wowproductimages/medium/780318.jpg",
        "name": "Earth Choice Front Loader Laundry Powder 2kg",
        "price": 10.99,
        "unitPrice": "$5.50 / 1KG"
    },
    {
        "category": "household",
        "href": "https://www.woolworths.com.au/shop/productdetails/825739/oakwood-wood-wipes",
        "imgName": "825739.jpg",
        "imgSrc": "https://cdn0.woolworths.media/content/wowproductimages/medium/825739.jpg",
        "name": "Oakwood Wood Wipes  20pk",
        "price": 4.99,
        "unitPrice": "$0.25 / 1EA"
    },
    {
        "category": "household",
        "href": "https://www.woolworths.com.au/shop/productdetails/881207/decor-match-ups-storer-tall-oblong",
        "imgName": "881207.jpg",
        "imgSrc": "https://cdn0.woolworths.media/content/wowproductimages/medium/881207.jpg",
        "name": "Decor Match-ups Storer Tall Oblong 1.75l",
        "price": 7.99,
        "special": 3.99
    },
    {
        "category": "household",
        "href": "https://www.woolworths.com.au/shop/productdetails/866824/dettol-healthy-clean-mould-remover-spray",
        "imgName": "866824.jpg",
        "imgSrc": "https://cdn0.woolworths.media/content/wowproductimages/medium/866824.jpg",
        "name": "Dettol Healthy Clean Mould Remover Spray 500ml",
        "price": 5.99,
        "special": 3,
        "unitPrice": "$0.60 / 100ML"
    },
    {
        "category": "household",
        "href": "https://www.woolworths.com.au/shop/productdetails/853885/woolworths-essentials-salt-pepper-shaker-glass",
        "imgName": "853885.jpg",
        "imgSrc": "https://cdn0.woolworths.media/content/wowproductimages/medium/853885.jpg",
        "name": "Woolworths Essentials Salt & Pepper Shaker Glass 2 piece",
        "price": 3
    },
    {
        "category": "household",
        "href": "https://www.woolworths.com.au/shop/productdetails/90000845/omo-active-2l-comfort-sky-blue-800ml-bundle",
        "imgName": "90000845.jpg",
        "imgSrc": "https://cdn0.woolworths.media/content/wowproductimages/medium/90000845.jpg",
        "name": "Omo Active 2l & Comfort Sky Blue 800ml Bundle",
        "price": 22
    },
    {
        "category": "household",
        "href": "https://www.woolworths.com.au/shop/productdetails/90000483/quilton-unscented-king-size-toilet-tissue-6pk-x3-bundle",
        "imgName": "90000483.jpg",
        "imgSrc": "https://cdn0.woolworths.media/content/wowproductimages/medium/90000483.jpg",
        "name": "Quilton Unscented King Size Toilet Tissue 6pk X3 Bundle",
        "price": 13,
        "unitPrice": "$0.41 / 100SS"
    },
    {
        "category": "household",
        "href": "https://www.woolworths.com.au/shop/productdetails/788892/party-banner-happy-birthday",
        "imgName": "788892.jpg",
        "imgSrc": "https://cdn0.woolworths.media/content/wowproductimages/medium/788892.jpg",
        "name": "Party Banner Happy Birthday 1.36m each",
        "price": 2,
        "unitPrice": "$2.00 / 1EA"
    },
    {
        "category": "household",
        "href": "https://www.woolworths.com.au/shop/productdetails/660419/clear-contact-book-covering-5m",
        "imgName": "660419.jpg",
        "imgSrc": "https://cdn0.woolworths.media/content/wowproductimages/medium/660419.jpg",
        "name": "Clear Contact Book Covering 5m each",
        "price": 5
    },
    {
        "category": "household",
        "href": "https://www.woolworths.com.au/shop/productdetails/788952/party-candle-metallic-gold-and-silver",
        "imgName": "788952.jpg",
        "imgSrc": "https://cdn0.woolworths.media/content/wowproductimages/medium/788952.jpg",
        "name": "Party Candle Metallic Gold And Silver 12pk",
        "price": 3,
        "unitPrice": "$0.25 / 1EA"
    },
    {
        "category": "household",
        "href": "https://www.woolworths.com.au/shop/productdetails/660375/white-king-bleach",
        "imgName": "660375.jpg",
        "imgSrc": "https://cdn0.woolworths.media/content/wowproductimages/medium/660375.jpg",
        "name": "White King Bleach  5l",
        "price": 8,
        "unitPrice": "$1.60 / 1L"
    },
    {
        "category": "household",
        "href": "https://www.woolworths.com.au/shop/productdetails/648079/crayola-colouring-book-crayons",
        "imgName": "648079.jpg",
        "imgSrc": "https://cdn0.woolworths.media/content/wowproductimages/medium/648079.jpg",
        "name": "Crayola Colouring Book Crayons  32pk",
        "price": 4
    },
    {
        "category": "household",
        "href": "https://www.woolworths.com.au/shop/productdetails/646260/camelbak-1-litre-eddy-drink-bottle",
        "imgName": "646260.jpg",
        "imgSrc": "https://cdn0.woolworths.media/content/wowproductimages/medium/646260.jpg",
        "name": "Camelbak 1 Litre Eddy Drink Bottle  ea",
        "price": 29.95
    },
    {
        "category": "household",
        "href": "https://www.woolworths.com.au/shop/productdetails/778241/essentials-anklet-pantyhose-black-one-size",
        "imgName": "778241.jpg",
        "imgSrc": "https://cdn0.woolworths.media/content/wowproductimages/medium/778241.jpg",
        "name": "Essentials Anklet Pantyhose Black One Size 4pk",
        "price": 3
    },
    {
        "category": "household",
        "href": "https://www.woolworths.com.au/shop/productdetails/928745/art-advantage-brush-tube",
        "imgName": "928745.jpg",
        "imgSrc": "https://cdn0.woolworths.media/content/wowproductimages/medium/928745.jpg",
        "name": "Art Advantage Brush Tube 10 pieces",
        "price": 10
    },
    {
        "category": "household",
        "href": "https://www.woolworths.com.au/shop/productdetails/521895/essentials-ice-cube-tray-14-cubes-in-red",
        "imgName": "521895.jpg",
        "imgSrc": "https://cdn0.woolworths.media/content/wowproductimages/medium/521895.jpg",
        "name": "Essentials Ice Cube Tray 14 Cubes In Red ea",
        "price": 2
    },
    {
        "category": "household",
        "href": "https://www.woolworths.com.au/shop/productdetails/463969/bref-duo-cubes-2-in-1-formula",
        "imgName": "463969.jpg",
        "imgSrc": "https://cdn0.woolworths.media/content/wowproductimages/medium/463969.jpg",
        "name": "Bref Duo Cubes 2 In 1 Formula 2x50g",
        "price": 4.99
    },
    {
        "category": "household",
        "href": "https://www.woolworths.com.au/shop/productdetails/933690/faber-castel-coloured-pencils",
        "imgName": "933690.jpg",
        "imgSrc": "https://cdn0.woolworths.media/content/wowproductimages/medium/933690.jpg",
        "name": "Faber Castel Coloured Pencils  24pk",
        "price": 8
    },
    {
        "category": "household",
        "href": "https://www.woolworths.com.au/shop/productdetails/935618/spirax-lecture-book-a4-assorted-colours",
        "imgName": "935618.jpg",
        "imgSrc": "https://cdn0.woolworths.media/content/wowproductimages/medium/935618.jpg",
        "name": "Spirax Lecture Book A4 Assorted Colours 200pg each",
        "price": 6.5
    },
    {
        "category": "household",
        "href": "https://www.woolworths.com.au/shop/productdetails/888586/vileda-actifibre-cloth",
        "imgName": "888586.jpg",
        "imgSrc": "https://cdn0.woolworths.media/content/wowproductimages/medium/888586.jpg",
        "name": "Vileda Actifibre Cloth  1pk",
        "price": 2.99,
        "unitPrice": "$2.99 / 1EA"
    },
    {
        "category": "household",
        "href": "https://www.woolworths.com.au/shop/productdetails/612628/paperclick-a4-visual-art-diary",
        "imgName": "612628.jpg",
        "imgSrc": "https://cdn0.woolworths.media/content/wowproductimages/medium/612628.jpg",
        "name": "Paperclick A4 Visual Art Diary  120pg",
        "price": 6
    },
    {
        "category": "household",
        "href": "https://www.woolworths.com.au/shop/productdetails/615015/paperclick-plastic-carry-case",
        "imgName": "615015.jpg",
        "imgSrc": "https://cdn0.woolworths.media/content/wowproductimages/medium/615015.jpg",
        "name": "Paperclick Plastic Carry Case  1ea",
        "price": 5
    },
    {
        "category": "household",
        "href": "https://www.woolworths.com.au/shop/productdetails/365336/unisex-weather-protection-automatic-umbrella-red",
        "imgName": "365336.jpg",
        "imgSrc": "https://cdn0.woolworths.media/content/wowproductimages/medium/365336.jpg",
        "name": "Unisex Weather Protection Automatic Umbrella Red each",
        "price": 12.95
    },
    {
        "category": "household",
        "href": "https://www.woolworths.com.au/shop/productdetails/842228/scholl-gelactiv-insoles-women-s-work",
        "imgName": "842228.jpg",
        "imgSrc": "https://cdn0.woolworths.media/content/wowproductimages/medium/842228.jpg",
        "name": "Scholl Gelactiv Insoles Women's Work 1 pair",
        "price": 27.97
    },
    {
        "category": "household",
        "href": "https://www.woolworths.com.au/shop/productdetails/713701/hp-printer-ink-901-tri-colour-cc656aa",
        "imgName": "713701.jpg",
        "imgSrc": "https://cdn0.woolworths.media/content/wowproductimages/medium/713701.jpg",
        "name": "Hp Printer Ink 901 Tri Colour Cc656aa each",
        "price": 50
    },
    {
        "category": "household",
        "href": "https://www.woolworths.com.au/shop/productdetails/517111/select-kitchen-tidy-bag-lemon-scented-large",
        "imgName": "517111.jpg",
        "imgSrc": "https://cdn0.woolworths.media/content/wowproductimages/medium/517111.jpg",
        "name": "Select Kitchen Tidy Bag Lemon Scented Large 25pk",
        "price": 2.5,
        "unitPrice": "$0.10 / 1EA"
    },
    {
        "category": "household",
        "href": "https://www.woolworths.com.au/shop/productdetails/751147/habee-savers-pins-safety",
        "imgName": "751147.jpg",
        "imgSrc": "https://cdn0.woolworths.media/content/wowproductimages/medium/751147.jpg",
        "name": "Habee Savers Pins Safety 50pk",
        "price": 4
    },
    {
        "category": "household",
        "href": "https://www.woolworths.com.au/shop/productdetails/830116/inspire-chrome-dish-drainer",
        "imgName": "830116.jpg",
        "imgSrc": "https://cdn0.woolworths.media/content/wowproductimages/medium/830116.jpg",
        "name": "Inspire Chrome Dish Drainer each",
        "price": 9,
        "unitPrice": "$9.00 / 1EA"
    },
    {
        "category": "household",
        "href": "https://www.woolworths.com.au/shop/productdetails/790589/woolworths-essentials-measuring-jug-3pc-set",
        "imgName": "790589.jpg",
        "imgSrc": "https://cdn0.woolworths.media/content/wowproductimages/medium/790589.jpg",
        "name": "Woolworths Essentials Measuring Jug 3pc Set each",
        "price": 6
    },
    {
        "category": "household",
        "href": "https://www.woolworths.com.au/shop/productdetails/660306/staedtler-student-set",
        "imgName": "660306.jpg",
        "imgSrc": "https://cdn0.woolworths.media/content/wowproductimages/medium/660306.jpg",
        "name": "Staedtler Student Set  6 pieces",
        "price": 5
    },
    {
        "category": "household",
        "href": "https://www.woolworths.com.au/shop/productdetails/603327/paperclick-copy-paper-a4",
        "imgName": "603327.jpg",
        "imgSrc": "https://cdn0.woolworths.media/content/wowproductimages/medium/603327.jpg",
        "name": "Paperclick Copy Paper A4 500 sheets",
        "price": 5.5
    },
    {
        "category": "household",
        "href": "https://www.woolworths.com.au/shop/productdetails/566948/adesso-oscillating-ceramic-heater",
        "imgName": "566948.jpg",
        "imgSrc": "https://cdn0.woolworths.media/content/wowproductimages/medium/566948.jpg",
        "name": "Adesso Oscillating Ceramic Heater each",
        "price": 30
    },
    {
        "category": "household",
        "href": "https://www.woolworths.com.au/shop/productdetails/508181/kids-quilt-cover-set-single-bed-pack-b",
        "imgName": "508181.jpg",
        "imgSrc": "https://cdn0.woolworths.media/content/wowproductimages/medium/508181.jpg",
        "name": "Kids Quilt Cover Set Single Bed Pack B each",
        "price": 39
    },
    {
        "category": "household",
        "href": "https://www.woolworths.com.au/shop/productdetails/624128/bref-blue-active-toilet-cleaner-chlorine",
        "imgName": "624128.jpg",
        "imgSrc": "https://cdn0.woolworths.media/content/wowproductimages/medium/624128.jpg",
        "name": "Bref Blue Active Toilet Cleaner Chlorine 50g",
        "price": 5,
        "unitPrice": "$10.00 / 100G"
    },
    {
        "category": "household",
        "href": "https://www.woolworths.com.au/shop/productdetails/572054/philips-led-mr16-warm",
        "imgName": "572054.jpg",
        "imgSrc": "https://cdn0.woolworths.media/content/wowproductimages/medium/572054.jpg",
        "name": "Philips Led Mr16 Warm 1pk",
        "price": 10
    },
    {
        "category": "household",
        "href": "https://www.woolworths.com.au/shop/productdetails/442194/brita-fill-go-bottle-pink",
        "imgName": "442194.jpg",
        "imgSrc": "https://cdn0.woolworths.media/content/wowproductimages/medium/442194.jpg",
        "name": "Brita Fill & Go Bottle Pink 600ml",
        "price": 15.95
    },
    {
        "category": "household",
        "href": "https://www.woolworths.com.au/shop/productdetails/940473/uhu-glue-pen",
        "imgName": "940473.jpg",
        "imgSrc": "https://cdn0.woolworths.media/content/wowproductimages/medium/940473.jpg",
        "name": "Uhu Glue Pen  each",
        "price": 3.5
    },
    {
        "category": "household",
        "href": "https://www.woolworths.com.au/shop/productdetails/790070/woolworths-dinner-serviettes-2ply-white",
        "imgName": "790070.jpg",
        "imgSrc": "https://cdn0.woolworths.media/content/wowproductimages/medium/790070.jpg",
        "name": "Woolworths Dinner Serviettes 2ply White 50pk",
        "price": 4,
        "unitPrice": "$0.08 / 1EA"
    },
    {
        "category": "household",
        "href": "https://www.woolworths.com.au/shop/productdetails/507220/jamie-oliver-antipasti-board",
        "imgName": "507220.jpg",
        "imgSrc": "https://cdn0.woolworths.media/content/wowproductimages/medium/507220.jpg",
        "name": "Jamie Oliver Antipasti Board  ea",
        "price": 25
    },
    {
        "category": "household",
        "href": "https://www.woolworths.com.au/shop/productdetails/501338/little-trees-vent-clip-newcar-fragrance",
        "imgName": "501338.jpg",
        "imgSrc": "https://cdn0.woolworths.media/content/wowproductimages/medium/501338.jpg",
        "name": "Little Trees Vent Clip Newcar Fragrance ea",
        "price": 6.5
    },
    {
        "category": "household",
        "href": "https://www.woolworths.com.au/shop/productdetails/501335/little-trees-vent-clip-vanilla-fragrance",
        "imgName": "501335.jpg",
        "imgSrc": "https://cdn0.woolworths.media/content/wowproductimages/medium/501335.jpg",
        "name": "Little Trees Vent Clip Vanilla Fragrance ea",
        "price": 6.5
    },
    {
        "category": "household",
        "href": "https://www.woolworths.com.au/shop/productdetails/563025/soften-concentrated-fabric-softener-oriental-kiss",
        "imgName": "563025.jpg",
        "imgSrc": "https://cdn0.woolworths.media/content/wowproductimages/medium/563025.jpg",
        "name": "Soften Concentrated Fabric Softener Oriental Kiss 1l",
        "price": 3.8,
        "unitPrice": "$3.80 / 1L"
    },
    {
        "category": "household",
        "href": "https://www.woolworths.com.au/shop/productdetails/634551/cool-gear-hexashake-shake-sip-bottle-709ml",
        "imgName": "634551.jpg",
        "imgSrc": "https://cdn0.woolworths.media/content/wowproductimages/medium/634551.jpg",
        "name": "Cool Gear Hexashake Shake & Sip Bottle 709ml ea",
        "price": 12
    },
    {
        "category": "household",
        "href": "https://www.woolworths.com.au/shop/productdetails/499206/immerse-sink-plug",
        "imgName": "499206.jpg",
        "imgSrc": "https://cdn0.woolworths.media/content/wowproductimages/medium/499206.jpg",
        "name": "Immerse Sink Plug  2pk",
        "price": 4,
        "unitPrice": "$4.00 / 1EA"
    },
    {
        "category": "household",
        "href": "https://www.woolworths.com.au/shop/productdetails/514407/eveready-dolphin-led-torch-mk7",
        "imgName": "514407.jpg",
        "imgSrc": "https://cdn0.woolworths.media/content/wowproductimages/medium/514407.jpg",
        "name": "Eveready Dolphin Led Torch Mk7  each",
        "price": 19.99,
        "unitPrice": "$19.99 / 1EA"
    },
    {
        "category": "household",
        "href": "https://www.woolworths.com.au/shop/productdetails/521878/essentials-pastry-brush",
        "imgName": "521878.jpg",
        "imgSrc": "https://cdn0.woolworths.media/content/wowproductimages/medium/521878.jpg",
        "name": "Essentials Pastry Brush  ea",
        "price": 2
    },
    {
        "category": "household",
        "href": "https://www.woolworths.com.au/shop/productdetails/856268/yates-lawn-fertiliser",
        "imgName": "856268.jpg",
        "imgSrc": "https://cdn0.woolworths.media/content/wowproductimages/medium/856268.jpg",
        "name": "Yates Lawn Fertiliser 2.5kg",
        "price": 14,
        "unitPrice": "$0.56 / 100G"
    },
    {
        "category": "household",
        "href": "https://www.woolworths.com.au/shop/productdetails/566211/aroma-essentials-candle-rose",
        "imgName": "566211.jpg",
        "imgSrc": "https://cdn0.woolworths.media/content/wowproductimages/medium/566211.jpg",
        "name": "Aroma Essentials Candle Rose 300g",
        "price": 15,
        "unitPrice": "$5.00 / 100G"
    },
    {
        "category": "household",
        "href": "https://www.woolworths.com.au/shop/productdetails/563026/soften-concentrated-fabric-softener-botanical-bliss",
        "imgName": "563026.jpg",
        "imgSrc": "https://cdn0.woolworths.media/content/wowproductimages/medium/563026.jpg",
        "name": "Soften Concentrated Fabric Softener Botanical Bliss 500ml",
        "price": 2.5,
        "unitPrice": "$5.00 / 1L"
    },
    {
        "category": "household",
        "href": "https://www.woolworths.com.au/shop/productdetails/611640/decor-bamboo-side-plate-pebble",
        "imgName": "611640.jpg",
        "imgSrc": "https://cdn0.woolworths.media/content/wowproductimages/medium/611640.jpg",
        "name": "Decor Bamboo Side Plate Pebble each",
        "price": 4
    },
    {
        "category": "household",
        "href": "https://www.woolworths.com.au/shop/productdetails/365332/unisex-weather-protection-automatic-umbrella-navy",
        "imgName": "365332.jpg",
        "imgSrc": "https://cdn0.woolworths.media/content/wowproductimages/medium/365332.jpg",
        "name": "Unisex Weather Protection Automatic Umbrella Navy each",
        "price": 12.95
    },
    {
        "category": "household",
        "href": "https://www.woolworths.com.au/shop/productdetails/519511/energizer-battery-advanced-d",
        "imgName": "519511.jpg",
        "imgSrc": "https://cdn0.woolworths.media/content/wowproductimages/medium/519511.jpg",
        "name": "Energizer Battery Advanced D 2pk",
        "price": 7,
        "unitPrice": "$3.50 / 1EA"
    },
    {
        "category": "household",
        "href": "https://www.woolworths.com.au/shop/productdetails/110588/yates-thrive-soluble-fertilizer",
        "imgName": "110588.jpg",
        "imgSrc": "https://cdn0.woolworths.media/content/wowproductimages/medium/110588.jpg",
        "name": "Yates Thrive Soluble Fertilizer 500g",
        "price": 10,
        "unitPrice": "$2.00 / 100G"
    },
    {
        "category": "household",
        "href": "https://www.woolworths.com.au/shop/productdetails/783574/kimmidoll-air-freshener",
        "imgName": "783574.jpg",
        "imgSrc": "https://cdn0.woolworths.media/content/wowproductimages/medium/783574.jpg",
        "name": "Kimmidoll Air Freshener  each",
        "price": 9,
        "unitPrice": "$9.00 / 1EA"
    },
    {
        "category": "household",
        "href": "https://www.woolworths.com.au/shop/productdetails/506736/jamie-olive-wine-glasses",
        "imgName": "506736.jpg",
        "imgSrc": "https://cdn0.woolworths.media/content/wowproductimages/medium/506736.jpg",
        "name": "Jamie Olive Wine Glasses  4pk",
        "price": 14.95
    },
    {
        "category": "household",
        "href": "https://www.woolworths.com.au/shop/productdetails/798359/inspire-printed-polyester-shower-curtain",
        "imgName": "798359.jpg",
        "imgSrc": "https://cdn0.woolworths.media/content/wowproductimages/medium/798359.jpg",
        "name": "Inspire Printed Polyester Shower Curtain each",
        "price": 12
    },
    {
        "category": "household",
        "href": "https://www.woolworths.com.au/shop/productdetails/496570/heat-beads-hickory-smoking-woodchips",
        "imgName": "496570.jpg",
        "imgSrc": "https://cdn0.woolworths.media/content/wowproductimages/medium/496570.jpg",
        "name": "Heat Beads\u00ae Hickory Smoking Woodchips 600g",
        "price": 8,
        "unitPrice": "$1.33 / 100G"
    },
    {
        "category": "household",
        "href": "https://www.woolworths.com.au/shop/productdetails/517113/select-odour-neutralising-anti-bacterial-kitchen-tidy-bags-medium",
        "imgName": "517113.jpg",
        "imgSrc": "https://cdn0.woolworths.media/content/wowproductimages/medium/517113.jpg",
        "name": "Select Odour Neutralising & Anti-bacterial Kitchen Tidy Bags Medium 20pk",
        "price": 3,
        "unitPrice": "$0.15 / 1EA"
    },
    {
        "category": "household",
        "href": "https://www.woolworths.com.au/shop/productdetails/635565/decor-power-shaker-bottle-800ml",
        "imgName": "635565.jpg",
        "imgSrc": "https://cdn0.woolworths.media/content/wowproductimages/medium/635565.jpg",
        "name": "Decor Power Shaker Bottle 800ml each",
        "price": 19.99
    },
    {
        "category": "household",
        "href": "https://www.woolworths.com.au/shop/productdetails/521510/expo-fine-whiteboard-markers-assorted",
        "imgName": "521510.jpg",
        "imgSrc": "https://cdn0.woolworths.media/content/wowproductimages/medium/521510.jpg",
        "name": "Expo Fine Whiteboard Markers Assorted 8pk",
        "price": 16,
        "unitPrice": "$2.00 / 1EA"
    },
    {
        "category": "household",
        "href": "https://www.woolworths.com.au/shop/productdetails/596934/inspire-stackable-storage-jar",
        "imgName": "596934.jpg",
        "imgSrc": "https://cdn0.woolworths.media/content/wowproductimages/medium/596934.jpg",
        "name": "Inspire Stackable Storage Jar  each",
        "price": 15
    },
    {
        "category": "household",
        "href": "https://www.woolworths.com.au/shop/productdetails/842222/scholl-gelactiv-insoles-women-s-sport",
        "imgName": "842222.jpg",
        "imgSrc": "https://cdn0.woolworths.media/content/wowproductimages/medium/842222.jpg",
        "name": "Scholl Gelactiv Insoles Women's Sport 1 pair",
        "price": 27.97
    },
    {
        "category": "household",
        "href": "https://www.woolworths.com.au/shop/productdetails/791333/oakwood-leather-wipes",
        "imgName": "791333.jpg",
        "imgSrc": "https://cdn0.woolworths.media/content/wowproductimages/medium/791333.jpg",
        "name": "Oakwood Leather Wipes  16pk",
        "price": 3.49
    },
    {
        "category": "household",
        "href": "https://www.woolworths.com.au/shop/productdetails/455235/cuddly-fabric-softener-anti-wrinkle",
        "imgName": "455235.jpg",
        "imgSrc": "https://cdn0.woolworths.media/content/wowproductimages/medium/455235.jpg",
        "name": "Cuddly Fabric Softener Anti Wrinkle 900ml",
        "price": 8.99,
        "unitPrice": "$9.99 / 1L"
    },
    {
        "category": "household",
        "href": "https://www.woolworths.com.au/shop/productdetails/779551/woolworths-select-double-roll-toilet-tissue",
        "imgName": "779551.jpg",
        "imgSrc": "https://cdn0.woolworths.media/content/wowproductimages/medium/779551.jpg",
        "name": "Woolworths Select Double Roll Toilet Tissue 4pk",
        "price": 3.7,
        "unitPrice": "$0.24 / 100SS"
    },
    {
        "category": "household",
        "href": "https://www.woolworths.com.au/shop/productdetails/187345/ansell-garden-gloves-green-thumb-medium",
        "imgName": "187345.jpg",
        "imgSrc": "https://cdn0.woolworths.media/content/wowproductimages/medium/187345.jpg",
        "name": "Ansell Garden Gloves Green Thumb Medium 1pk",
        "price": 5.9
    },
    {
        "category": "household",
        "href": "https://www.woolworths.com.au/shop/productdetails/881333/woolworths-highlighters-assorted-thin",
        "imgName": "881333.jpg",
        "imgSrc": "https://cdn0.woolworths.media/content/wowproductimages/medium/881333.jpg",
        "name": "Woolworths Highlighters Assorted Thin 10pk",
        "price": 5
    },
    {
        "category": "household",
        "href": "https://www.woolworths.com.au/shop/productdetails/521911/essentials-silicone-spatula",
        "imgName": "521911.jpg",
        "imgSrc": "https://cdn0.woolworths.media/content/wowproductimages/medium/521911.jpg",
        "name": "Essentials Silicone Spatula  ea",
        "price": 2
    },
    {
        "category": "household",
        "href": "https://www.woolworths.com.au/shop/productdetails/576010/sabco-duex-bathroom-scrubber",
        "imgName": "576010.jpg",
        "imgSrc": "https://cdn0.woolworths.media/content/wowproductimages/medium/576010.jpg",
        "name": "Sabco Duex Bathroom Scrubber 2pk",
        "price": 3.99,
        "unitPrice": "$3.99 / 1EA"
    },
    {
        "category": "household",
        "href": "https://www.woolworths.com.au/shop/productdetails/655411/dr-beckmann-glowhite-ultra",
        "imgName": "655411.jpg",
        "imgSrc": "https://cdn0.woolworths.media/content/wowproductimages/medium/655411.jpg",
        "name": "Dr Beckmann Glowhite Ultra 2x40g",
        "price": 6.95,
        "unitPrice": "$8.69 / 100G"
    },
    {
        "category": "household",
        "href": "https://www.woolworths.com.au/shop/productdetails/615012/paperclick-padded-envelopes-size-5",
        "imgName": "615012.jpg",
        "imgSrc": "https://cdn0.woolworths.media/content/wowproductimages/medium/615012.jpg",
        "name": "Paperclick Padded Envelopes Size 5 3pk",
        "price": 6
    },
    {
        "category": "household",
        "href": "https://www.woolworths.com.au/shop/productdetails/517112/select-odour-neutralising-anti-bacterial-kitchen-tidy-bags-small",
        "imgName": "517112.jpg",
        "imgSrc": "https://cdn0.woolworths.media/content/wowproductimages/medium/517112.jpg",
        "name": "Select Odour Neutralising & Anti-bacterial Kitchen Tidy Bags Small 26pk",
        "price": 3,
        "unitPrice": "$0.12 / 1EA"
    },
    {
        "category": "household",
        "href": "https://www.woolworths.com.au/shop/productdetails/882118/woolworths-leaver-arch",
        "imgName": "882118.jpg",
        "imgSrc": "https://cdn0.woolworths.media/content/wowproductimages/medium/882118.jpg",
        "name": "Woolworths Leaver Arch  each",
        "price": 5
    },
    {
        "category": "household",
        "href": "https://www.woolworths.com.au/shop/productdetails/262177/chevron-9v-battery-alkaline",
        "imgName": "262177.jpg",
        "imgSrc": "https://cdn0.woolworths.media/content/wowproductimages/medium/262177.jpg",
        "name": "Chevron 9v Battery Alkaline 2pk",
        "price": 4,
        "unitPrice": "$2.00 / 1EA"
    },
    {
        "category": "household",
        "href": "https://www.woolworths.com.au/shop/productdetails/124716/yates-confidor-insect-control-ready-to-use",
        "imgName": "124716.jpg",
        "imgSrc": "https://cdn0.woolworths.media/content/wowproductimages/medium/124716.jpg",
        "name": "Yates Confidor Insect Control Ready To Use 750ml",
        "price": 12.8,
        "unitPrice": "$1.71 / 100ML"
    },
    {
        "category": "household",
        "href": "https://www.woolworths.com.au/shop/productdetails/97519/chevron-4-outlet-powerboard-1m-10amps",
        "imgName": "097519.jpg",
        "imgSrc": "https://cdn0.woolworths.media/content/wowproductimages/medium/097519.jpg",
        "name": "Chevron 4 Outlet Powerboard 1m 10amps each",
        "price": 4
    },
    {
        "category": "household",
        "href": "https://www.woolworths.com.au/shop/productdetails/789346/hercules-gloves-tough-task-ntrile",
        "imgName": "789346.jpg",
        "imgSrc": "https://cdn0.woolworths.media/content/wowproductimages/medium/789346.jpg",
        "name": "Hercules Gloves Tough Task Ntrile 75pk",
        "price": 9.49,
        "unitPrice": "$0.13 / 1EA"
    },
    {
        "category": "household",
        "href": "https://www.woolworths.com.au/shop/productdetails/947744/zak-melamine-plate-paw-patrol",
        "imgName": "947744.jpg",
        "imgSrc": "https://cdn0.woolworths.media/content/wowproductimages/medium/947744.jpg",
        "name": "Zak Melamine Plate Paw Patrol each",
        "price": 5
    },
    {
        "category": "household",
        "href": "https://www.woolworths.com.au/shop/productdetails/788951/party-candle-happy-birthday-with-holder",
        "imgName": "788951.jpg",
        "imgSrc": "https://cdn0.woolworths.media/content/wowproductimages/medium/788951.jpg",
        "name": "Party Candle Happy Birthday With Holder 13pk",
        "price": 4,
        "unitPrice": "$4.00 / 1EA"
    },
    {
        "category": "household",
        "href": "https://www.woolworths.com.au/shop/productdetails/788959/party-candle-happy-birthday-face",
        "imgName": "788959.jpg",
        "imgSrc": "https://cdn0.woolworths.media/content/wowproductimages/medium/788959.jpg",
        "name": "Party Candle Happy Birthday Face 14pk",
        "price": 4,
        "unitPrice": "$4.00 / 1EA"
    },
    {
        "category": "household",
        "href": "https://www.woolworths.com.au/shop/productdetails/614336/hercules-baby-food-storage-bags",
        "imgName": "614336.jpg",
        "imgSrc": "https://cdn0.woolworths.media/content/wowproductimages/medium/614336.jpg",
        "name": "Hercules Baby Food Storage Bags 20pk",
        "price": 2,
        "unitPrice": "$0.10 / 1EA"
    },
    {
        "category": "household",
        "href": "https://www.woolworths.com.au/shop/productdetails/517096/sparkler-number-3-gold-or-silver",
        "imgName": "517096.jpg",
        "imgSrc": "https://cdn0.woolworths.media/content/wowproductimages/medium/517096.jpg",
        "name": "Sparkler Number 3 Gold Or Silver each",
        "price": 1.5,
        "unitPrice": "$1.50 / 1EA"
    },
    {
        "category": "household",
        "href": "https://www.woolworths.com.au/shop/productdetails/210748/sabco-super-swish-xtra-wet-refill",
        "imgName": "210748.jpg",
        "imgSrc": "https://cdn0.woolworths.media/content/wowproductimages/medium/210748.jpg",
        "name": "Sabco Super Swish Xtra Wet Refill each",
        "price": 12.49
    },
    {
        "category": "household",
        "href": "https://www.woolworths.com.au/shop/productdetails/788953/party-candle-metallic",
        "imgName": "788953.jpg",
        "imgSrc": "https://cdn0.woolworths.media/content/wowproductimages/medium/788953.jpg",
        "name": "Party Candle Metallic 12pk",
        "price": 3,
        "unitPrice": "$3.00 / 1EA"
    },
    {
        "category": "household",
        "href": "https://www.woolworths.com.au/shop/productdetails/12756/better-homes-and-gardens",
        "imgName": "012756.jpg",
        "imgSrc": "https://cdn0.woolworths.media/content/wowproductimages/medium/012756.jpg",
        "name": "Better Homes And Gardens",
        "price": 6.5
    },
    {
        "category": "household",
        "href": "https://www.woolworths.com.au/shop/productdetails/232052/dymo-letratag-labelling-machine-handheld",
        "imgName": "232052.jpg",
        "imgSrc": "https://cdn0.woolworths.media/content/wowproductimages/medium/232052.jpg",
        "name": "Dymo Letratag Labelling Machine Handheld each",
        "price": 50
    },
    {
        "category": "household",
        "href": "https://www.woolworths.com.au/shop/productdetails/101133/bic-easyglide-pens-black",
        "imgName": "101133.jpg",
        "imgSrc": "https://cdn0.woolworths.media/content/wowproductimages/medium/101133.jpg",
        "name": "Bic Easyglide Pens Black 10pk",
        "price": 4
    },
    {
        "category": "household",
        "href": "https://www.woolworths.com.au/shop/productdetails/477920/philips-light-globe-led-filament-250lm-round-e14",
        "imgName": "477920.jpg",
        "imgSrc": "https://cdn0.woolworths.media/content/wowproductimages/medium/477920.jpg",
        "name": "Philips Light Globe Led Filament 250lm Round E14 each",
        "price": 13.5,
        "unitPrice": "$13.50 / 1EA"
    },
    {
        "category": "household",
        "href": "https://www.woolworths.com.au/shop/productdetails/928747/art-advantage-assorted-brush-tube",
        "imgName": "928747.jpg",
        "imgSrc": "https://cdn0.woolworths.media/content/wowproductimages/medium/928747.jpg",
        "name": "Art Advantage Assorted Brush Tube 25 pieces",
        "price": 17
    },
    {
        "category": "household",
        "href": "https://www.woolworths.com.au/shop/productdetails/495500/decor-motif-infuser-tritan-bottle",
        "imgName": "495500.jpg",
        "imgSrc": "https://cdn0.woolworths.media/content/wowproductimages/medium/495500.jpg",
        "name": "Decor Motif Infuser Tritan Bottle  650ml each",
        "price": 12.99
    },
    {
        "category": "household",
        "href": "https://www.woolworths.com.au/shop/productdetails/711844/for-her-200d-footless-black-tights-tall",
        "imgName": "711844.jpg",
        "imgSrc": "https://cdn0.woolworths.media/content/wowproductimages/medium/711844.jpg",
        "name": "For Her 200d Footless Black Tights Tall each",
        "price": 8
    },
    {
        "category": "household",
        "href": "https://www.woolworths.com.au/shop/productdetails/947681/zak-melamine-plate-frozen-fever",
        "imgName": "947681.jpg",
        "imgSrc": "https://cdn0.woolworths.media/content/wowproductimages/medium/947681.jpg",
        "name": "Zak Melamine Plate Frozen Fever each",
        "price": 5
    },
    {
        "category": "household",
        "href": "https://www.woolworths.com.au/shop/productdetails/598650/energizer-handheld-light-touch-tech-2aa-torch",
        "imgName": "598650.jpg",
        "imgSrc": "https://cdn0.woolworths.media/content/wowproductimages/medium/598650.jpg",
        "name": "Energizer Handheld Light Touch Tech 2aa Torch each",
        "price": 14.99
    },
    {
        "category": "household",
        "href": "https://www.woolworths.com.au/shop/productdetails/663834/toshiba-li02-32gb-usb",
        "imgName": "663834.jpg",
        "imgSrc": "https://cdn0.woolworths.media/content/wowproductimages/medium/663834.jpg",
        "name": "Toshiba Li02 32gb Usb  each",
        "price": 20
    },
    {
        "category": "household",
        "href": "https://www.woolworths.com.au/shop/productdetails/113442/hygiene-plus-household-gloves-plus-silk-touch-small",
        "imgName": "113442.jpg",
        "imgSrc": "https://cdn0.woolworths.media/content/wowproductimages/medium/113442.jpg",
        "name": "Hygiene Plus Household Gloves Plus Silk Touch  Small 1 pair",
        "price": 2.29,
        "unitPrice": "$2.29 / 1EA"
    },
    {
        "category": "household",
        "href": "https://www.woolworths.com.au/shop/productdetails/789402/woolworths-select-plates-plastic-white",
        "imgName": "789402.jpg",
        "imgSrc": "https://cdn0.woolworths.media/content/wowproductimages/medium/789402.jpg",
        "name": "Woolworths Select Plates Plastic White 20pk",
        "price": 4.5,
        "unitPrice": "$0.23 / 1EA"
    },
    {
        "category": "household",
        "href": "https://www.woolworths.com.au/shop/productdetails/661820/culinare-apple-corer",
        "imgName": "661820.jpg",
        "imgSrc": "https://cdn0.woolworths.media/content/wowproductimages/medium/661820.jpg",
        "name": "Culinare Apple Corer  1ea",
        "price": 14.45
    },
    {
        "category": "household",
        "href": "https://www.woolworths.com.au/shop/productdetails/442202/brita-f-g-vita-bottle-lime",
        "imgName": "442202.jpg",
        "imgSrc": "https://cdn0.woolworths.media/content/wowproductimages/medium/442202.jpg",
        "name": "Brita F&g Vita Bottle Lime 600ml each",
        "price": 21
    },
    {
        "category": "household",
        "href": "https://www.woolworths.com.au/shop/productdetails/660345/surf-laundry-liquid-limited-edition",
        "imgName": "660345.jpg",
        "imgSrc": "https://cdn0.woolworths.media/content/wowproductimages/medium/660345.jpg",
        "name": "Surf Laundry Liquid Limited Edition 2l",
        "price": 8,
        "unitPrice": "$4.00 / 1L"
    },
    {
        "category": "household",
        "href": "https://www.woolworths.com.au/shop/productdetails/786499/jamie-oliver-steak-knife-set-jumbo",
        "imgName": "786499.jpg",
        "imgSrc": "https://cdn0.woolworths.media/content/wowproductimages/medium/786499.jpg",
        "name": "Jamie Oliver Steak Knife Set Jumbo 4 piece",
        "price": 20
    },
    {
        "category": "household",
        "href": "https://www.woolworths.com.au/shop/productdetails/441800/kambrook-vacuum-cleaner-wet-and-dry",
        "imgName": "441800.jpg",
        "imgSrc": "https://cdn0.woolworths.media/content/wowproductimages/medium/441800.jpg",
        "name": "Kambrook Vacuum Cleaner Wet And Dry each",
        "price": 49
    },
    {
        "category": "household",
        "href": "https://www.woolworths.com.au/shop/productdetails/495556/reusable-food-storage-container-880ml",
        "imgName": "495556.jpg",
        "imgSrc": "https://cdn0.woolworths.media/content/wowproductimages/medium/495556.jpg",
        "name": "Reusable Food Storage Container 880ml 2pk",
        "price": 5,
        "unitPrice": "$5.00 / 1EA"
    },
    {
        "category": "household",
        "href": "https://www.woolworths.com.au/shop/productdetails/26513/glad-go-between-freezer-film",
        "imgName": "026513.jpg",
        "imgSrc": "https://cdn0.woolworths.media/content/wowproductimages/medium/026513.jpg",
        "name": "Glad Go Between Freezer Film 33cmx15m",
        "price": 3.5,
        "unitPrice": "$0.23 / 1M"
    },
    {
        "category": "household",
        "href": "https://www.woolworths.com.au/shop/productdetails/35222/razzamatazz-sheer-relief-pantyhose-control-support-black-avg",
        "imgName": "035222.jpg",
        "imgSrc": "https://cdn0.woolworths.media/content/wowproductimages/medium/035222.jpg",
        "name": "Razzamatazz Sheer Relief Pantyhose Control Support Black Avg each",
        "price": 8
    },
    {
        "category": "household",
        "href": "https://www.woolworths.com.au/shop/productdetails/382656/sistema-plasticware-soup-mug-to-go",
        "imgName": "382656.jpg",
        "imgSrc": "https://cdn0.woolworths.media/content/wowproductimages/medium/382656.jpg",
        "name": "Sistema Plasticware Soup Mug To Go each",
        "price": 5.5
    },
    {
        "category": "household",
        "href": "https://www.woolworths.com.au/shop/productdetails/551343/olsent-pearl-halogen-globe-42-watt",
        "imgName": "551343.jpg",
        "imgSrc": "https://cdn0.woolworths.media/content/wowproductimages/medium/551343.jpg",
        "name": "Olsent Pearl Halogen Globe 42 Watt 2pk",
        "price": 5,
        "unitPrice": "$2.50 / 1EA"
    },
    {
        "category": "household",
        "href": "https://www.woolworths.com.au/shop/productdetails/442206/brita-f-g-active-bottle-lime",
        "imgName": "442206.jpg",
        "imgSrc": "https://cdn0.woolworths.media/content/wowproductimages/medium/442206.jpg",
        "name": "Brita F&g Active Bottle Lime 600ml each",
        "price": 15.95
    },
    {
        "category": "household",
        "href": "https://www.woolworths.com.au/shop/productdetails/551347/olsent-clear-halogen-globe-53-watt",
        "imgName": "551347.jpg",
        "imgSrc": "https://cdn0.woolworths.media/content/wowproductimages/medium/551347.jpg",
        "name": "Olsent Clear Halogen Globe 53 Watt 2pk",
        "price": 5,
        "unitPrice": "$2.50 / 1EA"
    },
    {
        "category": "household",
        "href": "https://www.woolworths.com.au/shop/productdetails/226249/philips-halogen-gu10-downlight-50w-60degree-2pk",
        "imgName": "226249.jpg",
        "imgSrc": "https://cdn0.woolworths.media/content/wowproductimages/medium/226249.jpg",
        "name": "Philips Halogen Gu10 Downlight 50w 60degree 2pk 2pk",
        "price": 7,
        "unitPrice": "$3.50 / 1EA"
    },
    {
        "category": "household",
        "href": "https://www.woolworths.com.au/shop/productdetails/208112/morning-fresh-dishwashing-liquid-original-super-strength",
        "imgName": "208112.jpg",
        "imgSrc": "https://cdn0.woolworths.media/content/wowproductimages/medium/208112.jpg",
        "name": "Morning Fresh Dishwashing Liquid Original Super Strength 900ml",
        "price": 6.95,
        "unitPrice": "$0.77 / 100ML"
    },
    {
        "category": "household",
        "href": "https://www.woolworths.com.au/shop/productdetails/16240/woolworths-essentials-folder-paper-a4-reinforced-refills",
        "imgName": "016240.jpg",
        "imgSrc": "https://cdn0.woolworths.media/content/wowproductimages/medium/016240.jpg",
        "name": "Woolworths Essentials Folder Paper A4 Reinforced Refills 100pk",
        "price": 3
    },
    {
        "category": "household",
        "href": "https://www.woolworths.com.au/shop/productdetails/297297/method-bathroom-cleaner",
        "imgName": "297297.jpg",
        "imgSrc": "https://cdn0.woolworths.media/content/wowproductimages/medium/297297.jpg",
        "name": "Method Bathroom Cleaner  828ml",
        "price": 6,
        "unitPrice": "$0.72 / 100ML"
    },
    {
        "category": "household",
        "href": "https://www.woolworths.com.au/shop/productdetails/572043/philips-led-scene-switch-dimmable-bayonet-cap",
        "imgName": "572043.jpg",
        "imgSrc": "https://cdn0.woolworths.media/content/wowproductimages/medium/572043.jpg",
        "name": "Philips Led Scene Switch Dimmable Bayonet Cap 1pk",
        "price": 17
    },
    {
        "category": "household",
        "href": "https://www.woolworths.com.au/shop/productdetails/927236/wiltshire-stainless-steel-saucepan-18cm",
        "imgName": "927236.jpg",
        "imgSrc": "https://cdn0.woolworths.media/content/wowproductimages/medium/927236.jpg",
        "name": "Wiltshire Stainless Steel Saucepan 18cm each",
        "price": 34
    },
    {
        "category": "household",
        "href": "https://www.woolworths.com.au/shop/productdetails/927233/wiltshire-stainless-steel-saucepan-16cm",
        "imgName": "927233.jpg",
        "imgSrc": "https://cdn0.woolworths.media/content/wowproductimages/medium/927233.jpg",
        "name": "Wiltshire Stainless Steel Saucepan 16cm each",
        "price": 30
    },
    {
        "category": "household",
        "href": "https://www.woolworths.com.au/shop/productdetails/898957/jamie-oliver-kitchen-shears",
        "imgName": "898957.jpg",
        "imgSrc": "https://cdn0.woolworths.media/content/wowproductimages/medium/898957.jpg",
        "name": "Jamie Oliver Kitchen Shears  each",
        "price": 18
    },
    {
        "category": "household",
        "href": "https://www.woolworths.com.au/shop/productdetails/789700/illoom-balloons-led-light-up-faces",
        "imgName": "789700.jpg",
        "imgSrc": "https://cdn0.woolworths.media/content/wowproductimages/medium/789700.jpg",
        "name": "Illoom Balloons Led Light Up Faces 5pk",
        "price": 6,
        "unitPrice": "$1.20 / 1EA"
    },
    {
        "category": "household",
        "href": "https://www.woolworths.com.au/shop/productdetails/551369/olsent-pearl-halogen-globe-72-watt",
        "imgName": "551369.jpg",
        "imgSrc": "https://cdn0.woolworths.media/content/wowproductimages/medium/551369.jpg",
        "name": "Olsent Pearl Halogen Globe 72 Watt 2pk",
        "price": 5,
        "unitPrice": "$2.50 / 1EA"
    },
    {
        "category": "household",
        "href": "https://www.woolworths.com.au/shop/productdetails/510475/wiltshire-60-minute-digital-timer",
        "imgName": "510475.jpg",
        "imgSrc": "https://cdn0.woolworths.media/content/wowproductimages/medium/510475.jpg",
        "name": "Wiltshire 60 Minute Digital Timer each",
        "price": 12
    },
    {
        "category": "household",
        "href": "https://www.woolworths.com.au/shop/productdetails/790987/sparkle-daily-shower-cleaner-spring-fresh",
        "imgName": "790987.jpg",
        "imgSrc": "https://cdn0.woolworths.media/content/wowproductimages/medium/790987.jpg",
        "name": "Sparkle Daily Shower Cleaner Spring Fresh 750ml",
        "price": 4.99,
        "unitPrice": "$0.67 / 100ML"
    },
    {
        "category": "household",
        "href": "https://www.woolworths.com.au/shop/productdetails/798358/inspire-peva-shower-curtain",
        "imgName": "798358.jpg",
        "imgSrc": "https://cdn0.woolworths.media/content/wowproductimages/medium/798358.jpg",
        "name": "Inspire Peva Shower Curtain each",
        "price": 10
    },
    {
        "category": "household",
        "href": "https://www.woolworths.com.au/shop/productdetails/442210/onix-garment-steamer-handheld",
        "imgName": "442210.jpg",
        "imgSrc": "https://cdn0.woolworths.media/content/wowproductimages/medium/442210.jpg",
        "name": "Onix Garment Steamer Handheld each",
        "price": 24.95
    },
    {
        "category": "household",
        "href": "https://www.woolworths.com.au/shop/productdetails/580244/ambi-pur-air-effects-aerosol-relax-unwind",
        "imgName": "580244.jpg",
        "imgSrc": "https://cdn0.woolworths.media/content/wowproductimages/medium/580244.jpg",
        "name": "Ambi Pur Air Effects Aerosol Relax & Unwind 275g",
        "price": 6,
        "unitPrice": "$2.18 / 100G"
    },
    {
        "category": "household",
        "href": "https://www.woolworths.com.au/shop/productdetails/35291/razzamatazz-sheer-relief-pantyhose-control-support-m-beige-tall",
        "imgName": "035291.jpg",
        "imgSrc": "https://cdn0.woolworths.media/content/wowproductimages/medium/035291.jpg",
        "name": "Razzamatazz Sheer Relief Pantyhose Control Support M/ Beige Tall each",
        "price": 8
    },
    {
        "category": "household",
        "href": "https://www.woolworths.com.au/shop/productdetails/11443/sabco-cotton-mop-refill",
        "imgName": "011443.jpg",
        "imgSrc": "https://cdn0.woolworths.media/content/wowproductimages/medium/011443.jpg",
        "name": "Sabco Cotton Mop Refill each",
        "price": 9.99
    },
    {
        "category": "household",
        "href": "https://www.woolworths.com.au/shop/productdetails/848854/hp-printer-ink-935xl-cyan",
        "imgName": "848854.jpg",
        "imgSrc": "https://cdn0.woolworths.media/content/wowproductimages/medium/848854.jpg",
        "name": "Hp Printer Ink 935xl Cyan each",
        "price": 34
    },
    {
        "category": "household",
        "href": "https://www.woolworths.com.au/shop/productdetails/746886/crisp-starch-ironing-spray",
        "imgName": "746886.jpg",
        "imgSrc": "https://cdn0.woolworths.media/content/wowproductimages/medium/746886.jpg",
        "name": "Crisp Starch Ironing Spray 385g",
        "price": 4.9,
        "unitPrice": "$12.73 / 1KG"
    },
    {
        "category": "household",
        "href": "https://www.woolworths.com.au/shop/productdetails/581330/dettol-surface-wipes-apple",
        "imgName": "581330.jpg",
        "imgSrc": "https://cdn0.woolworths.media/content/wowproductimages/medium/581330.jpg",
        "name": "Dettol Surface Wipes Apple 120pk",
        "price": 10,
        "unitPrice": "$0.08 / 1EA"
    },
    {
        "category": "household",
        "href": "https://www.woolworths.com.au/shop/productdetails/791633/woolworths-dinner-serviettes-blue",
        "imgName": "791633.jpg",
        "imgSrc": "https://cdn0.woolworths.media/content/wowproductimages/medium/791633.jpg",
        "name": "Woolworths Dinner Serviettes Blue 50pk",
        "price": 5,
        "unitPrice": "$0.10 / 1EA"
    },
    {
        "category": "household",
        "href": "https://www.woolworths.com.au/shop/productdetails/579168/sorbent-toilet-tissue-silky-white",
        "imgName": "579168.jpg",
        "imgSrc": "https://cdn0.woolworths.media/content/wowproductimages/medium/579168.jpg",
        "name": "Sorbent Toilet Tissue Silky White 30pk",
        "price": 15,
        "unitPrice": "$0.28 / 100SS"
    },
    {
        "category": "household",
        "href": "https://www.woolworths.com.au/shop/productdetails/545758/cold-power-sensitive-front-top-liquid-capsules",
        "imgName": "545758.jpg",
        "imgSrc": "https://cdn0.woolworths.media/content/wowproductimages/medium/545758.jpg",
        "name": "Cold Power Sensitive Front & Top Liquid Capsules 30pk",
        "price": 18,
        "unitPrice": "$0.60 / 1EA"
    },
    {
        "category": "household",
        "href": "https://www.woolworths.com.au/shop/productdetails/381435/epson-printer-ink-73n-black",
        "imgName": "381435.jpg",
        "imgSrc": "https://cdn0.woolworths.media/content/wowproductimages/medium/381435.jpg",
        "name": "Epson Printer Ink 73n Black each",
        "price": 25
    },
    {
        "category": "household",
        "href": "https://www.woolworths.com.au/shop/productdetails/383206/canon-printer-ink-pgi525bk-inkjet-black",
        "imgName": "383206.jpg",
        "imgSrc": "https://cdn0.woolworths.media/content/wowproductimages/medium/383206.jpg",
        "name": "Canon Printer Ink Pgi525bk Inkjet Black each",
        "price": 29
    },
    {
        "category": "household",
        "href": "https://www.woolworths.com.au/shop/productdetails/211967/cuddly-ready-to-use-sunshine-fresh",
        "imgName": "211967.jpg",
        "imgSrc": "https://cdn0.woolworths.media/content/wowproductimages/medium/211967.jpg",
        "name": "Cuddly Ready To Use Sunshine Fresh 2l",
        "price": 5.99,
        "unitPrice": "$3.00 / 1L"
    },
    {
        "category": "household",
        "href": "https://www.woolworths.com.au/shop/productdetails/889382/waxworks-mozzie-coils",
        "imgName": "889382.jpg",
        "imgSrc": "https://cdn0.woolworths.media/content/wowproductimages/medium/889382.jpg",
        "name": "Waxworks Mozzie Coils  10pk",
        "price": 4.99
    },
    {
        "category": "household",
        "href": "https://www.woolworths.com.au/shop/productdetails/830402/inspire-collapsible-box",
        "imgName": "830402.jpg",
        "imgSrc": "https://cdn0.woolworths.media/content/wowproductimages/medium/830402.jpg",
        "name": "Inspire Collapsible Box  each",
        "price": 15,
        "unitPrice": "$15.00 / 1EA"
    },
    {
        "category": "household",
        "href": "https://www.woolworths.com.au/shop/productdetails/787144/jamie-oliver-speed-peeler",
        "imgName": "787144.jpg",
        "imgSrc": "https://cdn0.woolworths.media/content/wowproductimages/medium/787144.jpg",
        "name": "Jamie Oliver Speed Peeler  each",
        "price": 8
    },
    {
        "category": "household",
        "href": "https://www.woolworths.com.au/shop/productdetails/167361/razzamatazz-sheer-relief-socks-half-hi-support-navy-or-beige",
        "imgName": "167361.jpg",
        "imgSrc": "https://cdn0.woolworths.media/content/wowproductimages/medium/167361.jpg",
        "name": "Razzamatazz Sheer Relief Socks Half Hi Support Navy Or Beige each",
        "price": 8
    },
    {
        "category": "household",
        "href": "https://www.woolworths.com.au/shop/productdetails/372680/gq-australia",
        "imgName": "372680.jpg",
        "imgSrc": "https://cdn0.woolworths.media/content/wowproductimages/medium/372680.jpg",
        "name": "Gq Australia",
        "price": 9.99
    },
    {
        "category": "household",
        "href": "https://www.woolworths.com.au/shop/productdetails/272765/ecostore-auto-dishwashing-powder",
        "imgName": "272765.jpg",
        "imgSrc": "https://cdn0.woolworths.media/content/wowproductimages/medium/272765.jpg",
        "name": "Ecostore Auto Dishwashing Powder 1kg",
        "price": 8.99,
        "unitPrice": "$0.90 / 100G"
    },
    {
        "category": "household",
        "href": "https://www.woolworths.com.au/shop/productdetails/245811/green-gardener-garden-rachet-pruner",
        "imgName": "245811.jpg",
        "imgSrc": "https://cdn0.woolworths.media/content/wowproductimages/medium/245811.jpg",
        "name": "Green Gardener Garden Rachet Pruner 1pk",
        "price": 10
    },
    {
        "category": "household",
        "href": "https://www.woolworths.com.au/shop/productdetails/477877/philips-light-globe-led-filament-806lm-e27",
        "imgName": "477877.jpg",
        "imgSrc": "https://cdn0.woolworths.media/content/wowproductimages/medium/477877.jpg",
        "name": "Philips Light Globe Led Filament 806lm E27 each",
        "price": 19,
        "unitPrice": "$19.00 / 1EA"
    },
    {
        "category": "household",
        "href": "https://www.woolworths.com.au/shop/productdetails/383821/logitech-mouse-m215",
        "imgName": "383821.jpg",
        "imgSrc": "https://cdn0.woolworths.media/content/wowproductimages/medium/383821.jpg",
        "name": "Logitech Mouse M215 each",
        "price": 19.95
    },
    {
        "category": "household",
        "href": "https://www.woolworths.com.au/shop/productdetails/642982/energizer-high-tech-screen-protector-samsung-s7",
        "imgName": "642982.jpg",
        "imgSrc": "https://cdn0.woolworths.media/content/wowproductimages/medium/642982.jpg",
        "name": "Energizer High Tech Screen Protector Samsung S7 each",
        "price": 25
    },
    {
        "category": "household",
        "href": "https://www.woolworths.com.au/shop/productdetails/940413/sellotape-premium-tape-18mmx20m",
        "imgName": "940413.jpg",
        "imgSrc": "https://cdn0.woolworths.media/content/wowproductimages/medium/940413.jpg",
        "name": "Sellotape Premium Tape 18mmx20m each",
        "price": 6
    },
    {
        "category": "household",
        "href": "https://www.woolworths.com.au/shop/productdetails/257834/kiwi-shoe-care-cream-leather-neutral",
        "imgName": "257834.jpg",
        "imgSrc": "https://cdn0.woolworths.media/content/wowproductimages/medium/257834.jpg",
        "name": "Kiwi Shoe Care Cream Leather Neutral 50ml",
        "price": 5.99,
        "unitPrice": "$11.98 / 100ML"
    },
    {
        "category": "household",
        "href": "https://www.woolworths.com.au/shop/productdetails/71597/razzamatazz-sheer-relief-pantyhose-control-support-mini-tan-tall",
        "imgName": "071597.jpg",
        "imgSrc": "https://cdn0.woolworths.media/content/wowproductimages/medium/071597.jpg",
        "name": "Razzamatazz Sheer Relief Pantyhose Control Support Mini Tan Tall each",
        "price": 8
    },
    {
        "category": "household",
        "href": "https://www.woolworths.com.au/shop/productdetails/695855/home-essentials-dinnerware-side-plate-white-porcelain",
        "imgName": "695855.jpg",
        "imgSrc": "https://cdn0.woolworths.media/content/wowproductimages/medium/695855.jpg",
        "name": "Home Essentials Dinnerware Side Plate White Porcelain each",
        "price": 3
    },
    {
        "category": "household",
        "href": "https://www.woolworths.com.au/shop/productdetails/728039/dettol-surface-multipurpose-lime-mint-cleaner",
        "imgName": "728039.jpg",
        "imgSrc": "https://cdn0.woolworths.media/content/wowproductimages/medium/728039.jpg",
        "name": "Dettol Surface Multipurpose Lime & Mint Cleaner 500ml",
        "price": 4.25,
        "unitPrice": "$0.85 / 100ML"
    },
    {
        "category": "household",
        "href": "https://www.woolworths.com.au/shop/productdetails/938805/jastek-desktop-calculator-compact",
        "imgName": "938805.jpg",
        "imgSrc": "https://cdn0.woolworths.media/content/wowproductimages/medium/938805.jpg",
        "name": "Jastek Desktop Calculator Compact each",
        "price": 9
    },
    {
        "category": "household",
        "href": "https://www.woolworths.com.au/shop/productdetails/367087/razzamatazz-curvaceous-pantyhose-midnight",
        "imgName": "367087.jpg",
        "imgSrc": "https://cdn0.woolworths.media/content/wowproductimages/medium/367087.jpg",
        "name": "Razzamatazz Curvaceous Pantyhose Midnight size 2 2pk",
        "price": 7
    },
    {
        "category": "household",
        "href": "https://www.woolworths.com.au/shop/productdetails/492044/yates-insect-spray-nature-s-way-all-purpose",
        "imgName": "492044.jpg",
        "imgSrc": "https://cdn0.woolworths.media/content/wowproductimages/medium/492044.jpg",
        "name": "Yates Insect Spray Nature's Way All Purpose 750ml",
        "price": 15,
        "unitPrice": "$2.00 / 100ML"
    },
    {
        "category": "household",
        "href": "https://www.woolworths.com.au/shop/productdetails/86753/windex-shower-cleaner-trigger",
        "imgName": "086753.jpg",
        "imgSrc": "https://cdn0.woolworths.media/content/wowproductimages/medium/086753.jpg",
        "name": "Windex Shower Cleaner Trigger 750ml",
        "price": 5.25,
        "unitPrice": "$0.70 / 100ML"
    },
    {
        "category": "household",
        "href": "https://www.woolworths.com.au/shop/productdetails/510510/wiltshire-laser-12cm-utility-knife",
        "imgName": "510510.jpg",
        "imgSrc": "https://cdn0.woolworths.media/content/wowproductimages/medium/510510.jpg",
        "name": "Wiltshire Laser 12cm Utility Knife each",
        "price": 8
    },
    {
        "category": "household",
        "href": "https://www.woolworths.com.au/shop/productdetails/318763/philips-eco-halogen-frosted-globe-53w-es-base",
        "imgName": "318763.jpg",
        "imgSrc": "https://cdn0.woolworths.media/content/wowproductimages/medium/318763.jpg",
        "name": "Philips Eco Halogen Frosted Globe 53w Es Base each",
        "price": 3.3
    },
    {
        "category": "household",
        "href": "https://www.woolworths.com.au/shop/productdetails/741444/philips-halogen-clear-round-sbc-base-2pk",
        "imgName": "741444.jpg",
        "imgSrc": "https://cdn0.woolworths.media/content/wowproductimages/medium/741444.jpg",
        "name": "Philips Halogen Clear Round Sbc Base 2pk 2pk",
        "price": 5.5,
        "unitPrice": "$2.75 / 1EA"
    },
    {
        "category": "household",
        "href": "https://www.woolworths.com.au/shop/productdetails/346600/pink-ribbon-air-freshener-summer-breeze",
        "imgName": "346600.jpg",
        "imgSrc": "https://cdn0.woolworths.media/content/wowproductimages/medium/346600.jpg",
        "name": "Pink Ribbon Air Freshener Summer Breeze 1pk",
        "price": 2.5
    },
    {
        "category": "household",
        "href": "https://www.woolworths.com.au/shop/productdetails/713672/epson-printer-ink-138-yellow",
        "imgName": "713672.jpg",
        "imgSrc": "https://cdn0.woolworths.media/content/wowproductimages/medium/713672.jpg",
        "name": "Epson Printer Ink 138 Yellow each",
        "price": 30
    },
    {
        "category": "household",
        "href": "https://www.woolworths.com.au/shop/productdetails/144376/dishmatic-general-purpose-refill",
        "imgName": "144376.jpg",
        "imgSrc": "https://cdn0.woolworths.media/content/wowproductimages/medium/144376.jpg",
        "name": "Dishmatic General Purpose Refill 3pk",
        "price": 5.99,
        "unitPrice": "$2.00 / 1EA"
    },
    {
        "category": "household",
        "href": "https://www.woolworths.com.au/shop/productdetails/785776/adesso-hand-mixer-hand-mixer",
        "imgName": "785776.jpg",
        "imgSrc": "https://cdn0.woolworths.media/content/wowproductimages/medium/785776.jpg",
        "name": "Adesso Hand Mixer Hand Mixer each",
        "price": 19
    },
    {
        "category": "household",
        "href": "https://www.woolworths.com.au/shop/productdetails/10994/scotch-brite-handy-sponge",
        "imgName": "010994.jpg",
        "imgSrc": "https://cdn0.woolworths.media/content/wowproductimages/medium/010994.jpg",
        "name": "Scotch-brite Handy Sponge 4ea",
        "price": 3.99,
        "unitPrice": "$1.00 / 1EA"
    },
    {
        "category": "household",
        "href": "https://www.woolworths.com.au/shop/productdetails/381844/hp-printer-ink-74-black-inkjet",
        "imgName": "381844.jpg",
        "imgSrc": "https://cdn0.woolworths.media/content/wowproductimages/medium/381844.jpg",
        "name": "Hp Printer Ink 74 Black Inkjet each",
        "price": 35
    },
    {
        "category": "household",
        "href": "https://www.woolworths.com.au/shop/productdetails/68337/decor-tellfresh-storer-oblong",
        "imgName": "068337.jpg",
        "imgSrc": "https://cdn0.woolworths.media/content/wowproductimages/medium/068337.jpg",
        "name": "Decor Tellfresh Storer Oblong 250ml",
        "price": 2.99
    },
    {
        "category": "household",
        "href": "https://www.woolworths.com.au/shop/productdetails/367086/razzamatazz-curvaceous-pantyhose-soft-tan",
        "imgName": "367086.jpg",
        "imgSrc": "https://cdn0.woolworths.media/content/wowproductimages/medium/367086.jpg",
        "name": "Razzamatazz Curvaceous Pantyhose Soft Tan size 2 2pk",
        "price": 7
    },
    {
        "category": "household",
        "href": "https://www.woolworths.com.au/shop/productdetails/706047/air-wick-manual-spray-air-freshener-vanilla",
        "imgName": "706047.jpg",
        "imgSrc": "https://cdn0.woolworths.media/content/wowproductimages/medium/706047.jpg",
        "name": "Air Wick Manual Spray Air Freshener Vanilla 237g",
        "price": 2.49,
        "unitPrice": "$0.11 / 10G"
    },
    {
        "category": "household",
        "href": "https://www.woolworths.com.au/shop/productdetails/344381/footcare-by-maseur-womens-impact-absorption-ultra-sport-insole",
        "imgName": "344381.jpg",
        "imgSrc": "https://cdn0.woolworths.media/content/wowproductimages/medium/344381.jpg",
        "name": "Footcare By Maseur Womens Impact Absorption Ultra Sport Insole 1pair",
        "price": 18.49
    },
    {
        "category": "household",
        "href": "https://www.woolworths.com.au/shop/productdetails/307244/magican-kitchen-gadget-automatic-can-opener",
        "imgName": "307244.jpg",
        "imgSrc": "https://cdn0.woolworths.media/content/wowproductimages/medium/307244.jpg",
        "name": "Magican Kitchen Gadget Automatic Can Opener each",
        "price": 15.99
    },
    {
        "category": "household",
        "href": "https://www.woolworths.com.au/shop/productdetails/796590/decor-lunch-break-snackbox",
        "imgName": "796590.jpg",
        "imgSrc": "https://cdn0.woolworths.media/content/wowproductimages/medium/796590.jpg",
        "name": "Decor Lunch Break Snackbox each",
        "price": 4.49
    },
    {
        "category": "household",
        "href": "https://www.woolworths.com.au/shop/productdetails/562000/select-spray-mop-refill",
        "imgName": "562000.jpg",
        "imgSrc": "https://cdn0.woolworths.media/content/wowproductimages/medium/562000.jpg",
        "name": "Select Spray Mop Refill 2pk",
        "price": 10,
        "unitPrice": "$5.00 / 1EA"
    },
    {
        "category": "household",
        "href": "https://www.woolworths.com.au/shop/productdetails/381837/hp-printer-ink-92-black-inkjet",
        "imgName": "381837.jpg",
        "imgSrc": "https://cdn0.woolworths.media/content/wowproductimages/medium/381837.jpg",
        "name": "Hp Printer Ink 92 Black Inkjet each",
        "price": 36
    },
    {
        "category": "household",
        "href": "https://www.woolworths.com.au/shop/productdetails/305158/master-lock-padlock-diamond-40mm",
        "imgName": "305158.jpg",
        "imgSrc": "https://cdn0.woolworths.media/content/wowproductimages/medium/305158.jpg",
        "name": "Master Lock Padlock Diamond 40mm each",
        "price": 16
    },
    {
        "category": "household",
        "href": "https://www.woolworths.com.au/shop/productdetails/250458/ambi-pur-car-premium-clip-air-freshener-refill-vanilla-voyage",
        "imgName": "250458.jpg",
        "imgSrc": "https://cdn0.woolworths.media/content/wowproductimages/medium/250458.jpg",
        "name": "Ambi Pur Car Premium Clip Air Freshener Refill Vanilla Voyage 2x7.5ml",
        "price": 10,
        "unitPrice": "$7.14 / 10ML"
    },
    {
        "category": "household",
        "href": "https://www.woolworths.com.au/shop/productdetails/250091/sistema-slimline-plasticware-quaddie-lunch-box",
        "imgName": "250091.jpg",
        "imgSrc": "https://cdn0.woolworths.media/content/wowproductimages/medium/250091.jpg",
        "name": "Sistema Slimline Plasticware Quaddie Lunch Box each",
        "price": 9.15
    },
    {
        "category": "household",
        "href": "https://www.woolworths.com.au/shop/productdetails/380060/woolworths-essentials-binder-clips-black-19mm",
        "imgName": "380060.jpg",
        "imgSrc": "https://cdn0.woolworths.media/content/wowproductimages/medium/380060.jpg",
        "name": "Woolworths Essentials Binder Clips Black 19mm 30pk",
        "price": 3
    },
    {
        "category": "household",
        "href": "https://www.woolworths.com.au/shop/productdetails/374699/command-picture-hanging-strips-combo-small-and-medium",
        "imgName": "374699.jpg",
        "imgSrc": "https://cdn0.woolworths.media/content/wowproductimages/medium/374699.jpg",
        "name": "Command Picture Hanging Strips Combo Small And Medium each",
        "price": 18
    },
    {
        "category": "household",
        "href": "https://www.woolworths.com.au/shop/productdetails/433440/uw-ladies-all-day-invisible-black-footlet-5-8",
        "imgName": "433440.jpg",
        "imgSrc": "https://cdn0.woolworths.media/content/wowproductimages/medium/433440.jpg",
        "name": "Uw Ladies All Day Invisible Black Footlet 5 - 8 3pk",
        "price": 8
    },
    {
        "category": "household",
        "href": "https://www.woolworths.com.au/shop/productdetails/47986/australian-women-s-weekly",
        "imgName": "047986.jpg",
        "imgSrc": "https://cdn0.woolworths.media/content/wowproductimages/medium/047986.jpg",
        "name": "Australian Women's Weekly",
        "price": 7.2
    },
    {
        "category": "household",
        "href": "https://www.woolworths.com.au/shop/productdetails/213365/roundup-garden-weed-killer-concentrate",
        "imgName": "213365.jpg",
        "imgSrc": "https://cdn0.woolworths.media/content/wowproductimages/medium/213365.jpg",
        "name": "Roundup Garden Weed Killer Concentrate 280ml",
        "price": 21,
        "unitPrice": "$7.50 / 100ML"
    },
    {
        "category": "household",
        "href": "https://www.woolworths.com.au/shop/productdetails/464543/cool-gear-bottle-with-ice-stick",
        "imgName": "464543.jpg",
        "imgSrc": "https://cdn0.woolworths.media/content/wowproductimages/medium/464543.jpg",
        "name": "Cool Gear Bottle With Ice Stick 946ml each",
        "price": 10
    },
    {
        "category": "household",
        "href": "https://www.woolworths.com.au/shop/productdetails/479778/under-works-men-s-sneaker-socks-7-11",
        "imgName": "479778.jpg",
        "imgSrc": "https://cdn0.woolworths.media/content/wowproductimages/medium/479778.jpg",
        "name": "Under Works Men's Sneaker Socks 7-11 2pk",
        "price": 7
    },
    {
        "category": "household",
        "href": "https://www.woolworths.com.au/shop/productdetails/663724/toshiba-sa03-32gb-usb-3-0",
        "imgName": "663724.jpg",
        "imgSrc": "https://cdn0.woolworths.media/content/wowproductimages/medium/663724.jpg",
        "name": "Toshiba Sa03 32gb Usb 3.0  each",
        "price": 26
    },
    {
        "category": "household",
        "href": "https://www.woolworths.com.au/shop/productdetails/751171/habee-savers-sewing-box-mini",
        "imgName": "751171.jpg",
        "imgSrc": "https://cdn0.woolworths.media/content/wowproductimages/medium/751171.jpg",
        "name": "Habee Savers Sewing Box Mini each",
        "price": 10.5
    },
    {
        "category": "household",
        "href": "https://www.woolworths.com.au/shop/productdetails/76009/selleys-diy-rapid-spakfilla",
        "imgName": "076009.jpg",
        "imgSrc": "https://cdn0.woolworths.media/content/wowproductimages/medium/076009.jpg",
        "name": "Selleys Diy Rapid Spakfilla 400ml",
        "price": 12.99,
        "unitPrice": "$3.25 / 100ML"
    },
    {
        "category": "household",
        "href": "https://www.woolworths.com.au/shop/productdetails/706072/air-wick-manual-spray-air-freshener-lavender",
        "imgName": "706072.jpg",
        "imgSrc": "https://cdn0.woolworths.media/content/wowproductimages/medium/706072.jpg",
        "name": "Air Wick Manual Spray Air Freshener Lavender 237g",
        "price": 2.49,
        "unitPrice": "$0.11 / 10G"
    },
    {
        "category": "household",
        "href": "https://www.woolworths.com.au/shop/productdetails/100495/sheer-relief-anklet-black-one-size",
        "imgName": "100495.jpg",
        "imgSrc": "https://cdn0.woolworths.media/content/wowproductimages/medium/100495.jpg",
        "name": "Sheer Relief Anklet Black One Size each",
        "price": 8
    },
    {
        "category": "household",
        "href": "https://www.woolworths.com.au/shop/productdetails/583751/air-wick-life-scents-wax-melt-refill-camping-adventures",
        "imgName": "583751.jpg",
        "imgSrc": "https://cdn0.woolworths.media/content/wowproductimages/medium/583751.jpg",
        "name": "Air Wick Life Scents Wax Melt Refill Camping Adventures 88g",
        "price": 7,
        "unitPrice": "$7.95 / 100G"
    },
    {
        "category": "household",
        "href": "https://www.woolworths.com.au/shop/productdetails/5730/green-gardener-garden-fork",
        "imgName": "005730.jpg",
        "imgSrc": "https://cdn0.woolworths.media/content/wowproductimages/medium/005730.jpg",
        "name": "Green Gardener Garden Fork 1pk",
        "price": 6
    },
    {
        "category": "household",
        "href": "https://www.woolworths.com.au/shop/productdetails/432483/inspire-soup-mug-turquoise",
        "imgName": "432483.jpg",
        "imgSrc": "https://cdn0.woolworths.media/content/wowproductimages/medium/432483.jpg",
        "name": "Inspire Soup Mug Turquoise each",
        "price": 4
    },
    {
        "category": "household",
        "href": "https://www.woolworths.com.au/shop/productdetails/713636/epson-printer-ink-138-cyan-high-capacity",
        "imgName": "713636.jpg",
        "imgSrc": "https://cdn0.woolworths.media/content/wowproductimages/medium/713636.jpg",
        "name": "Epson Printer Ink 138 Cyan High Capacity each",
        "price": 30
    },
    {
        "category": "household",
        "href": "https://www.woolworths.com.au/shop/productdetails/90000487/ambi-pur-air-freshener-thailand-dragon-fruit-275g-x3-bundle",
        "imgName": "90000487.jpg",
        "imgSrc": "https://cdn0.woolworths.media/content/wowproductimages/medium/90000487.jpg",
        "name": "Ambi Pur Air Freshener Thailand Dragon Fruit 275g X3 Bundle",
        "price": 12,
        "unitPrice": "$1.45 / 10G"
    },
    {
        "category": "household",
        "href": "https://www.woolworths.com.au/shop/productdetails/90000491/ambi-pur-air-freshener-car-freshener-3-set-bundle",
        "imgName": "90000491.jpg",
        "imgSrc": "https://cdn0.woolworths.media/content/wowproductimages/medium/90000491.jpg",
        "name": "Ambi Pur Air Freshener & Car Freshener 3 Set Bundle",
        "price": 12
    },
    {
        "category": "household",
        "href": "https://www.woolworths.com.au/shop/productdetails/90000493/ambi-pur-lavender-vanilla-air-freshener-with-car-freshener-bundle",
        "imgName": "90000493.jpg",
        "imgSrc": "https://cdn0.woolworths.media/content/wowproductimages/medium/90000493.jpg",
        "name": "Ambi Pur Lavender Vanilla Air Freshener With Car Freshener Bundle",
        "price": 12
    },
    {
        "category": "household",
        "href": "https://www.woolworths.com.au/shop/productdetails/90000496/ambi-pur-vanilla-bliss-car-freshener-x3-bundle",
        "imgName": "90000496.jpg",
        "imgSrc": "https://cdn0.woolworths.media/content/wowproductimages/medium/90000496.jpg",
        "name": "Ambi Pur Vanilla Bliss Car Freshener X3 Bundle",
        "price": 12,
        "unitPrice": "$200.00 / 100ML"
    },
    {
        "category": "household",
        "href": "https://www.woolworths.com.au/shop/productdetails/90000852/omo-sensitive-2l-comfort-amber-rose-750ml-bundle",
        "imgName": "90000852.jpg",
        "imgSrc": "https://cdn0.woolworths.media/content/wowproductimages/medium/90000852.jpg",
        "name": "Omo Sensitive 2l & Comfort Amber Rose 750ml Bundle",
        "price": 22
    },
    {
        "category": "household",
        "href": "https://www.woolworths.com.au/shop/productdetails/3812/home-handyman-tools-long-nose-pliers",
        "imgName": "003812.jpg",
        "imgSrc": "https://cdn0.woolworths.media/content/wowproductimages/medium/003812.jpg",
        "name": "Home Handyman Tools Long Nose Pliers each",
        "price": 5
    },
    {
        "category": "household",
        "href": "https://www.woolworths.com.au/shop/productdetails/4649/razzamatazz-sheer-relief-pantyhose-control-support-tan-x-tall",
        "imgName": "004649.jpg",
        "imgSrc": "https://cdn0.woolworths.media/content/wowproductimages/medium/004649.jpg",
        "name": "Razzamatazz Sheer Relief Pantyhose Control Support Tan X-tall each",
        "price": 8
    },
    {
        "category": "household",
        "href": "https://www.woolworths.com.au/shop/productdetails/20030/ansell-gloves-silverlined-small-size-7-5",
        "imgName": "020030.jpg",
        "imgSrc": "https://cdn0.woolworths.media/content/wowproductimages/medium/020030.jpg",
        "name": "Ansell Gloves Silverlined Small Size 7.5 1 pair",
        "price": 3.1,
        "unitPrice": "$3.10 / 1EA"
    },
    {
        "category": "household",
        "href": "https://www.woolworths.com.au/shop/productdetails/35427/razzamatazz-sheer-relief-pantyhose-control-support-black-x-tall",
        "imgName": "035427.jpg",
        "imgSrc": "https://cdn0.woolworths.media/content/wowproductimages/medium/035427.jpg",
        "name": "Razzamatazz Sheer Relief Pantyhose Control Support Black X-tall each",
        "price": 8
    },
    {
        "category": "household",
        "href": "https://www.woolworths.com.au/shop/productdetails/74261/home-handyman-tape-pvc",
        "imgName": "074261.jpg",
        "imgSrc": "https://cdn0.woolworths.media/content/wowproductimages/medium/074261.jpg",
        "name": "Home Handyman Tape Pvc 19mm x 20m",
        "price": 2,
        "unitPrice": "$0.10 / 1M"
    },
    {
        "category": "household",
        "href": "https://www.woolworths.com.au/shop/productdetails/72764/cling-tape-packaging",
        "imgName": "072764.jpg",
        "imgSrc": "https://cdn0.woolworths.media/content/wowproductimages/medium/072764.jpg",
        "name": "Cling Tape Packaging 36mm x 75m",
        "price": 5
    },
    {
        "category": "household",
        "href": "https://www.woolworths.com.au/shop/productdetails/216087/selleys-quick-fix-shockproof-glue",
        "imgName": "216087.jpg",
        "imgSrc": "https://cdn0.woolworths.media/content/wowproductimages/medium/216087.jpg",
        "name": "Selleys Quick Fix Shockproof Glue 3ml",
        "price": 6.5,
        "unitPrice": "$216.67 / 100ML"
    },
    {
        "category": "household",
        "href": "https://www.woolworths.com.au/shop/productdetails/197669/command-wire-backed-picture-hanger-white",
        "imgName": "197669.jpg",
        "imgSrc": "https://cdn0.woolworths.media/content/wowproductimages/medium/197669.jpg",
        "name": "Command Wire Backed Picture Hanger White 1pk",
        "price": 6
    },
    {
        "category": "household",
        "href": "https://www.woolworths.com.au/shop/productdetails/187717/eveready-gold-type-c-batteries",
        "imgName": "187717.jpg",
        "imgSrc": "https://cdn0.woolworths.media/content/wowproductimages/medium/187717.jpg",
        "name": "Eveready Gold Type C Batteries  4pk",
        "price": 9.99,
        "unitPrice": "$2.50 / 1EA"
    },
    {
        "category": "household",
        "href": "https://www.woolworths.com.au/shop/productdetails/221828/little-angel",
        "imgName": "221828.jpg",
        "imgSrc": "https://cdn0.woolworths.media/content/wowproductimages/medium/221828.jpg",
        "name": "Little Angel  each",
        "price": 5.99
    },
    {
        "category": "household",
        "href": "https://www.woolworths.com.au/shop/productdetails/210252/sabco-super-swish-xtra-microfibre-mop",
        "imgName": "210252.jpg",
        "imgSrc": "https://cdn0.woolworths.media/content/wowproductimages/medium/210252.jpg",
        "name": "Sabco Super Swish Xtra Microfibre Mop each",
        "price": 39.99
    },
    {
        "category": "household",
        "href": "https://www.woolworths.com.au/shop/productdetails/257536/ansell-gloves-hyflex-medium",
        "imgName": "257536.jpg",
        "imgSrc": "https://cdn0.woolworths.media/content/wowproductimages/medium/257536.jpg",
        "name": "Ansell Gloves Hyflex Medium each",
        "price": 7.29,
        "unitPrice": "$7.29 / 1EA"
    },
    {
        "category": "household",
        "href": "https://www.woolworths.com.au/shop/productdetails/246662/supergrip-mat-door-easyliner-50x200cm",
        "imgName": "246662.jpg",
        "imgSrc": "https://cdn0.woolworths.media/content/wowproductimages/medium/246662.jpg",
        "name": "Supergrip Mat Door Easyliner 50x200cm each",
        "price": 10.99
    },
    {
        "category": "household",
        "href": "https://www.woolworths.com.au/shop/productdetails/463899/decor-pumped-sport-bottle-slider",
        "imgName": "463899.jpg",
        "imgSrc": "https://cdn0.woolworths.media/content/wowproductimages/medium/463899.jpg",
        "name": "Decor Pumped Sport Bottle Slider 1l each",
        "price": 6.99
    },
    {
        "category": "household",
        "href": "https://www.woolworths.com.au/shop/productdetails/500872/sistema-klip-it-tritan-canister-square",
        "imgName": "500872.jpg",
        "imgSrc": "https://cdn0.woolworths.media/content/wowproductimages/medium/500872.jpg",
        "name": "Sistema Klip It Tritan Canister Square 920ml each",
        "price": 10
    },
    {
        "category": "household",
        "href": "https://www.woolworths.com.au/shop/productdetails/255690/woman-s-day-superpuzzler",
        "imgName": "255690.jpg",
        "imgSrc": "https://cdn0.woolworths.media/content/wowproductimages/medium/255690.jpg",
        "name": "Woman's Day Superpuzzler",
        "price": 4.99
    },
    {
        "category": "household",
        "href": "https://www.woolworths.com.au/shop/productdetails/317567/frankie-magazine",
        "imgName": "317567.jpg",
        "imgSrc": "https://cdn0.woolworths.media/content/wowproductimages/medium/317567.jpg",
        "name": "Frankie Magazine",
        "price": 10.95
    },
    {
        "category": "household",
        "href": "https://www.woolworths.com.au/shop/productdetails/419725/jack-hammer-claw-hammer-fluro",
        "imgName": "419725.jpg",
        "imgSrc": "https://cdn0.woolworths.media/content/wowproductimages/medium/419725.jpg",
        "name": "Jack Hammer Claw Hammer Fluro each",
        "price": 10,
        "unitPrice": "$10.00 / 1EA"
    },
    {
        "category": "household",
        "href": "https://www.woolworths.com.au/shop/productdetails/751900/woolworths-essentials-craft-rectangle-blue-border",
        "imgName": "751900.jpg",
        "imgSrc": "https://cdn0.woolworths.media/content/wowproductimages/medium/751900.jpg",
        "name": "Woolworths Essentials Craft Rectangle Blue Border 18pk",
        "price": 2
    },
    {
        "category": "household",
        "href": "https://www.woolworths.com.au/shop/productdetails/598705/omo-dual-capsules",
        "imgName": "598705.jpg",
        "imgSrc": "https://cdn0.woolworths.media/content/wowproductimages/medium/598705.jpg",
        "name": "Omo Dual Capsules  26pk",
        "price": 18.99,
        "unitPrice": "$0.73 / 1EA"
    },
    {
        "category": "household",
        "href": "https://www.woolworths.com.au/shop/productdetails/428234/woolworths-balloons-round-silver-gold",
        "imgName": "428234.jpg",
        "imgSrc": "https://cdn0.woolworths.media/content/wowproductimages/medium/428234.jpg",
        "name": "Woolworths Balloons Round Silver/gold 30cm each",
        "price": 2
    },
    {
        "category": "household",
        "href": "https://www.woolworths.com.au/shop/productdetails/383185/canon-printer-ink-cli526y-inkjet-yellow",
        "imgName": "383185.jpg",
        "imgSrc": "https://cdn0.woolworths.media/content/wowproductimages/medium/383185.jpg",
        "name": "Canon Printer Ink Cli526y Inkjet Yellow each"
    },
    {
        "category": "household",
        "href": "https://www.woolworths.com.au/shop/productdetails/652518/pilot-frixion-ballpoint-pen-black",
        "imgName": "652518.jpg",
        "imgSrc": "https://cdn0.woolworths.media/content/wowproductimages/medium/652518.jpg",
        "name": "Pilot Frixion Ballpoint Pen Black 3ea",
        "price": 9
    },
    {
        "category": "household",
        "href": "https://www.woolworths.com.au/shop/productdetails/786059/glade-sense-spray-automatic-spray-air-fresh-pmgranate-crnbry-rfl",
        "imgName": "786059.jpg",
        "imgSrc": "https://cdn0.woolworths.media/content/wowproductimages/medium/786059.jpg",
        "name": "Glade Sense & Spray Automatic Spray Air Fresh Pmgranate&crnbry Rfl 12.2g",
        "price": 6.25,
        "unitPrice": "$51.23 / 100G"
    },
    {
        "category": "household",
        "href": "https://www.woolworths.com.au/shop/productdetails/513894/wiltshire-laser-20cm-cooks-knife",
        "imgName": "513894.jpg",
        "imgSrc": "https://cdn0.woolworths.media/content/wowproductimages/medium/513894.jpg",
        "name": "Wiltshire Laser 20cm Cooks Knife each",
        "price": 10
    },
    {
        "category": "household",
        "href": "https://www.woolworths.com.au/shop/productdetails/758099/ambi-pur-plug-in-air-freshener-set-linen-sky",
        "imgName": "758099.jpg",
        "imgSrc": "https://cdn0.woolworths.media/content/wowproductimages/medium/758099.jpg",
        "name": "Ambi Pur Plug In Air Freshener Set Linen & Sky 20ml",
        "price": 9.2,
        "unitPrice": "$4.60 / 10ML"
    },
    {
        "category": "household",
        "href": "https://www.woolworths.com.au/shop/productdetails/848477/wiltshire-roast-pan-37cm-x-26-5cm",
        "imgName": "848477.jpg",
        "imgSrc": "https://cdn0.woolworths.media/content/wowproductimages/medium/848477.jpg",
        "name": "Wiltshire Roast Pan 37cm X 26.5cm each",
        "price": 15.95
    },
    {
        "category": "household",
        "href": "https://www.woolworths.com.au/shop/productdetails/747288/kiwi-shoe-care-sport-white-laces-120cm",
        "imgName": "747288.jpg",
        "imgSrc": "https://cdn0.woolworths.media/content/wowproductimages/medium/747288.jpg",
        "name": "Kiwi Shoe Care Sport White Laces 120cm 1pr",
        "price": 2.89,
        "unitPrice": "$2.89 / 1EA"
    },
    {
        "category": "household",
        "href": "https://www.woolworths.com.au/shop/productdetails/700711/energizer-button-battery-lithium-2032",
        "imgName": "700711.jpg",
        "imgSrc": "https://cdn0.woolworths.media/content/wowproductimages/medium/700711.jpg",
        "name": "Energizer Button Battery Lithium 2032 4pk",
        "price": 14.49,
        "unitPrice": "$3.62 / 1EA"
    },
    {
        "category": "household",
        "href": "https://www.woolworths.com.au/shop/productdetails/730476/it-girl",
        "imgName": "730476.jpg",
        "imgSrc": "https://cdn0.woolworths.media/content/wowproductimages/medium/730476.jpg",
        "name": "It Girl  each",
        "price": 6.99
    },
    {
        "category": "household",
        "href": "https://www.woolworths.com.au/shop/productdetails/32112/harpic-blue-toilet-cleaner-block-in-cistern",
        "imgName": "032112.jpg",
        "imgSrc": "https://cdn0.woolworths.media/content/wowproductimages/medium/032112.jpg",
        "name": "Harpic Blue Toilet Cleaner Block In Cistern 2pk 114g",
        "price": 3.7,
        "unitPrice": "$3.25 / 100G"
    },
    {
        "category": "household",
        "href": "https://www.woolworths.com.au/shop/productdetails/8008/chevron-piggy-back-extension-lead-2m-10-amps",
        "imgName": "008008.jpg",
        "imgSrc": "https://cdn0.woolworths.media/content/wowproductimages/medium/008008.jpg",
        "name": "Chevron Piggy Back Extension Lead 2m 10 Amps each",
        "price": 5
    },
    {
        "category": "household",
        "href": "https://www.woolworths.com.au/shop/productdetails/84126/air-wick-mini-scents-decorative-air-fresheners-frangipani",
        "imgName": "084126.jpg",
        "imgSrc": "https://cdn0.woolworths.media/content/wowproductimages/medium/084126.jpg",
        "name": "Air Wick Mini Scents Decorative Air Fresheners Frangipani 120g",
        "price": 3.65,
        "unitPrice": "$0.30 / 10G"
    },
    {
        "category": "household",
        "href": "https://www.woolworths.com.au/shop/productdetails/36286/homebrand-freezer-bags-medium",
        "imgName": "036286.jpg",
        "imgSrc": "https://cdn0.woolworths.media/content/wowproductimages/medium/036286.jpg",
        "name": "Homebrand Freezer Bags Medium 80pk",
        "price": 0.6,
        "unitPrice": "$0.01 / 1EA"
    },
    {
        "category": "household",
        "href": "https://www.woolworths.com.au/shop/productdetails/126502/woolworths-sheet-protectors-a4",
        "imgName": "126502.jpg",
        "imgSrc": "https://cdn0.woolworths.media/content/wowproductimages/medium/126502.jpg",
        "name": "Woolworths Sheet Protectors A4 20pk",
        "price": 2
    },
    {
        "category": "household",
        "href": "https://www.woolworths.com.au/shop/productdetails/175583/seasol-garden-seaweed-concentrate",
        "imgName": "175583.jpg",
        "imgSrc": "https://cdn0.woolworths.media/content/wowproductimages/medium/175583.jpg",
        "name": "Seasol Garden Seaweed Concentrate 600ml",
        "price": 7.8,
        "unitPrice": "$1.30 / 100ML"
    },
    {
        "category": "household",
        "href": "https://www.woolworths.com.au/shop/productdetails/117009/k-zone",
        "imgName": "117009.jpg",
        "imgSrc": "https://cdn0.woolworths.media/content/wowproductimages/medium/117009.jpg",
        "name": "K Zone  each",
        "price": 5.99
    },
    {
        "category": "household",
        "href": "https://www.woolworths.com.au/shop/productdetails/112775/ozkleen-shower-power-shower-cleaner-trigger",
        "imgName": "112775.jpg",
        "imgSrc": "https://cdn0.woolworths.media/content/wowproductimages/medium/112775.jpg",
        "name": "Ozkleen Shower Power Shower Cleaner Trigger 500ml",
        "price": 6.85,
        "unitPrice": "$1.37 / 100ML"
    },
    {
        "category": "household",
        "href": "https://www.woolworths.com.au/shop/productdetails/113443/hygiene-plus-gloves-plus-silk-touch-medium",
        "imgName": "113443.jpg",
        "imgSrc": "https://cdn0.woolworths.media/content/wowproductimages/medium/113443.jpg",
        "name": "Hygiene Plus Gloves Plus Silk Touch  Medium 1 pair",
        "price": 2.29,
        "unitPrice": "$2.29 / 1EA"
    },
    {
        "category": "household",
        "href": "https://www.woolworths.com.au/shop/productdetails/195268/brunnings-rose-food",
        "imgName": "195268.jpg",
        "imgSrc": "https://cdn0.woolworths.media/content/wowproductimages/medium/195268.jpg",
        "name": "Brunnings Rose Food 2.5kg",
        "price": 8,
        "unitPrice": "$0.32 / 100G"
    },
    {
        "category": "household",
        "href": "https://www.woolworths.com.au/shop/productdetails/248835/utac-white",
        "imgName": "248835.jpg",
        "imgSrc": "https://cdn0.woolworths.media/content/wowproductimages/medium/248835.jpg",
        "name": "Utac White  each",
        "price": 2.2
    },
    {
        "category": "household",
        "href": "https://www.woolworths.com.au/shop/productdetails/305889/dymo-letratag-tape-refill-paper",
        "imgName": "305889.jpg",
        "imgSrc": "https://cdn0.woolworths.media/content/wowproductimages/medium/305889.jpg",
        "name": "Dymo Letratag Tape Refill Paper 2pk",
        "price": 15
    },
    {
        "category": "household",
        "href": "https://www.woolworths.com.au/shop/productdetails/283064/pilot-frixion-ballpoint-pen-medium-black",
        "imgName": "283064.jpg",
        "imgSrc": "https://cdn0.woolworths.media/content/wowproductimages/medium/283064.jpg",
        "name": "Pilot Frixion Ballpoint Pen Medium Black each",
        "price": 3.25
    },
    {
        "category": "household",
        "href": "https://www.woolworths.com.au/shop/productdetails/428168/woolworths-balloons-round-yellow",
        "imgName": "428168.jpg",
        "imgSrc": "https://cdn0.woolworths.media/content/wowproductimages/medium/428168.jpg",
        "name": "Woolworths Balloons Round Yellow 30cm each",
        "price": 2
    },
    {
        "category": "household",
        "href": "https://www.woolworths.com.au/shop/productdetails/419314/woolworths-plunger",
        "imgName": "419314.jpg",
        "imgSrc": "https://cdn0.woolworths.media/content/wowproductimages/medium/419314.jpg",
        "name": "Woolworths Plunger  115mm",
        "price": 4,
        "unitPrice": "$4.00 / 1EA"
    },
    {
        "category": "household",
        "href": "https://www.woolworths.com.au/shop/productdetails/348521/wiltshire-staysharp-utensil-kitchen-scissors",
        "imgName": "348521.jpg",
        "imgSrc": "https://cdn0.woolworths.media/content/wowproductimages/medium/348521.jpg",
        "name": "Wiltshire Staysharp Utensil Kitchen Scissors each",
        "price": 18
    },
    {
        "category": "household",
        "href": "https://www.woolworths.com.au/shop/productdetails/336010/homebrand-jumbo-trolley-liner-garbage-bags",
        "imgName": "336010.jpg",
        "imgSrc": "https://cdn0.woolworths.media/content/wowproductimages/medium/336010.jpg",
        "name": "Homebrand Jumbo Trolley Liner Garbage Bags 4pk",
        "price": 0.99,
        "unitPrice": "$0.25 / 1EA"
    },
    {
        "category": "household",
        "href": "https://www.woolworths.com.au/shop/productdetails/446306/camelbak-the-eddy-bottle",
        "imgName": "446306.jpg",
        "imgSrc": "https://cdn0.woolworths.media/content/wowproductimages/medium/446306.jpg",
        "name": "Camelbak The Eddy Bottle 600ml each",
        "price": 24.95
    },
    {
        "category": "household",
        "href": "https://www.woolworths.com.au/shop/productdetails/495515/decor-lunch-break-mini-ice-wall",
        "imgName": "495515.jpg",
        "imgSrc": "https://cdn0.woolworths.media/content/wowproductimages/medium/495515.jpg",
        "name": "Decor Lunch Break Mini Ice Wall 3pk",
        "price": 6.99
    },
    {
        "category": "household",
        "href": "https://www.woolworths.com.au/shop/productdetails/720539/new-idea-jumbo-puzzler",
        "imgName": "720539.jpg",
        "imgSrc": "https://cdn0.woolworths.media/content/wowproductimages/medium/720539.jpg",
        "name": "New Idea Jumbo Puzzler",
        "price": 4.99
    },
    {
        "category": "household",
        "href": "https://www.woolworths.com.au/shop/productdetails/711918/sistema-plasticware-sandwich-box-to-go",
        "imgName": "711918.jpg",
        "imgSrc": "https://cdn0.woolworths.media/content/wowproductimages/medium/711918.jpg",
        "name": "Sistema Plasticware Sandwich Box To Go each",
        "price": 4.59
    },
    {
        "category": "household",
        "href": "https://www.woolworths.com.au/shop/productdetails/741290/philips-halogen-frosted-round-bc-base-2pk",
        "imgName": "741290.jpg",
        "imgSrc": "https://cdn0.woolworths.media/content/wowproductimages/medium/741290.jpg",
        "name": "Philips Halogen Frosted Round Bc Base 2pk 2pk",
        "price": 5.5,
        "unitPrice": "$2.75 / 1EA"
    },
    {
        "category": "household",
        "href": "https://www.woolworths.com.au/shop/productdetails/712690/earth-choice-floor-cleaner-wooden-surface",
        "imgName": "712690.jpg",
        "imgSrc": "https://cdn0.woolworths.media/content/wowproductimages/medium/712690.jpg",
        "name": "Earth Choice Floor Cleaner Wooden Surface 750ml",
        "price": 5.1,
        "unitPrice": "$0.68 / 100ML"
    },
    {
        "category": "household",
        "href": "https://www.woolworths.com.au/shop/productdetails/825600/dr-beckmann-service-it-washing-machine-cleaner",
        "imgName": "825600.jpg",
        "imgSrc": "https://cdn0.woolworths.media/content/wowproductimages/medium/825600.jpg",
        "name": "Dr Beckmann Service It Washing Machine Cleaner 250ml",
        "price": 4.99,
        "unitPrice": "$19.96 / 1L"
    },
    {
        "category": "household",
        "href": "https://www.woolworths.com.au/shop/productdetails/790915/pine-o-cleen-disinfectant-spray-apple-crisp",
        "imgName": "790915.jpg",
        "imgSrc": "https://cdn0.woolworths.media/content/wowproductimages/medium/790915.jpg",
        "name": "Pine O Cleen Disinfectant Spray Apple Crisp 750ml",
        "price": 5,
        "unitPrice": "$0.67 / 100ML"
    },
    {
        "category": "household",
        "href": "https://www.woolworths.com.au/shop/productdetails/790716/sabco-sponge-mop-bucket-extra-wide",
        "imgName": "790716.jpg",
        "imgSrc": "https://cdn0.woolworths.media/content/wowproductimages/medium/790716.jpg",
        "name": "Sabco Sponge Mop Bucket Extra Wide 12.5l",
        "price": 15.99,
        "unitPrice": "$15.99 / 1EA"
    },
    {
        "category": "household",
        "href": "https://www.woolworths.com.au/shop/productdetails/867509/air-wick-life-scents-turquoise-oasis-wax-melts-primary",
        "imgName": "867509.jpg",
        "imgSrc": "https://cdn0.woolworths.media/content/wowproductimages/medium/867509.jpg",
        "name": "Air Wick Life Scents Turquoise Oasis Wax Melts Primary each",
        "price": 14.99,
        "unitPrice": "$14.99 / 1EA"
    },
    {
        "category": "household",
        "href": "https://www.woolworths.com.au/shop/productdetails/927256/wiltshire-stainless-steel-saucepan-20cm",
        "imgName": "927256.jpg",
        "imgSrc": "https://cdn0.woolworths.media/content/wowproductimages/medium/927256.jpg",
        "name": "Wiltshire Stainless Steel Saucepan 20cm each",
        "price": 39
    },
    {
        "category": "household",
        "href": "https://www.woolworths.com.au/shop/productdetails/890615/canon-printer-ink-pgi-650xl-black",
        "imgName": "890615.jpg",
        "imgSrc": "https://cdn0.woolworths.media/content/wowproductimages/medium/890615.jpg",
        "name": "Canon Printer Ink Pgi-650xl Black each",
        "price": 36.5
    },
    {
        "category": "household",
        "href": "https://www.woolworths.com.au/shop/productdetails/936583/papermate-inkjoy-pen-300rt-1-0-black",
        "imgName": "936583.jpg",
        "imgSrc": "https://cdn0.woolworths.media/content/wowproductimages/medium/936583.jpg",
        "name": "Papermate Inkjoy Pen 300rt 1.0 Black each",
        "price": 5
    },
    {
        "category": "household",
        "href": "https://www.woolworths.com.au/shop/productdetails/763402/ansell-smart-medium-gloves-pair",
        "imgName": "763402.jpg",
        "imgSrc": "https://cdn0.woolworths.media/content/wowproductimages/medium/763402.jpg",
        "name": "Ansell Smart Medium Gloves Pair each",
        "price": 1.99,
        "unitPrice": "$1.99 / 1EA"
    },
    {
        "category": "household",
        "href": "https://www.woolworths.com.au/shop/productdetails/79425/immerse-plug-bath-sink-laundry-50mm",
        "imgName": "079425.jpg",
        "imgSrc": "https://cdn0.woolworths.media/content/wowproductimages/medium/079425.jpg",
        "name": "Immerse Plug Bath, Sink & Laundry 50mm each",
        "price": 4
    },
    {
        "category": "household",
        "href": "https://www.woolworths.com.au/shop/productdetails/656672/scotch-bumpers",
        "imgName": "656672.jpg",
        "imgSrc": "https://cdn0.woolworths.media/content/wowproductimages/medium/656672.jpg",
        "name": "Scotch Bumpers  18pk",
        "price": 6.5,
        "unitPrice": "$0.36 / 1EA"
    },
    {
        "category": "household",
        "href": "https://www.woolworths.com.au/shop/productdetails/663725/toshiba-sdmi-32gb-with-sd-adapter",
        "imgName": "663725.jpg",
        "imgSrc": "https://cdn0.woolworths.media/content/wowproductimages/medium/663725.jpg",
        "name": "Toshiba Sdmi 32gb With Sd Adapter  each",
        "price": 30
    },
    {
        "category": "household",
        "href": "https://www.woolworths.com.au/shop/productdetails/354418/odor-eaters-shoe-care-super-sport-foot-shoe-spray",
        "imgName": "354418.jpg",
        "imgSrc": "https://cdn0.woolworths.media/content/wowproductimages/medium/354418.jpg",
        "name": "Odor Eaters Shoe Care Super Sport Foot & Shoe Spray 100g",
        "price": 7.99,
        "unitPrice": "$7.99 / 100G"
    },
    {
        "category": "household",
        "href": "https://www.woolworths.com.au/shop/productdetails/870364/vileda-microfibre-duster",
        "imgName": "870364.jpg",
        "imgSrc": "https://cdn0.woolworths.media/content/wowproductimages/medium/870364.jpg",
        "name": "Vileda Microfibre Duster each",
        "price": 13.99,
        "unitPrice": "$13.99 / 1EA"
    },
    {
        "category": "household",
        "href": "https://www.woolworths.com.au/shop/productdetails/842226/scholl-gelactiv-insoles-men-s-everyday",
        "imgName": "842226.jpg",
        "imgSrc": "https://cdn0.woolworths.media/content/wowproductimages/medium/842226.jpg",
        "name": "Scholl Gelactiv Insoles Men's Everyday 1pk",
        "price": 27.97
    },
    {
        "category": "household",
        "href": "https://www.woolworths.com.au/shop/productdetails/420998/command-ceiling-hook",
        "imgName": "420998.jpg",
        "imgSrc": "https://cdn0.woolworths.media/content/wowproductimages/medium/420998.jpg",
        "name": "Command Ceiling Hook  4pk",
        "price": 6,
        "unitPrice": "$1.50 / 1EA"
    },
    {
        "category": "household",
        "href": "https://www.woolworths.com.au/shop/productdetails/796781/decor-lunch-break-snackbox",
        "imgName": "796781.jpg",
        "imgSrc": "https://cdn0.woolworths.media/content/wowproductimages/medium/796781.jpg",
        "name": "Decor Lunch Break Snackbox  125ml 2pk",
        "price": 5.99
    },
    {
        "category": "household",
        "href": "https://www.woolworths.com.au/shop/productdetails/882013/woolworths-exercise-book-a5",
        "imgName": "882013.jpg",
        "imgSrc": "https://cdn0.woolworths.media/content/wowproductimages/medium/882013.jpg",
        "name": "Woolworths Exercise Book A5 2pk",
        "price": 3.5
    },
    {
        "category": "household",
        "href": "https://www.woolworths.com.au/shop/productdetails/941863/uhu-glue-stick",
        "imgName": "941863.jpg",
        "imgSrc": "https://cdn0.woolworths.media/content/wowproductimages/medium/941863.jpg",
        "name": "Uhu Glue Stick  21g each",
        "price": 3.5
    },
    {
        "category": "household",
        "href": "https://www.woolworths.com.au/shop/productdetails/786996/jamie-oliver-wooden-spoon-set",
        "imgName": "786996.jpg",
        "imgSrc": "https://cdn0.woolworths.media/content/wowproductimages/medium/786996.jpg",
        "name": "Jamie Oliver Wooden Spoon Set  2 piece",
        "price": 6
    },
    {
        "category": "household",
        "href": "https://www.woolworths.com.au/shop/productdetails/428430/woolworths-bubble-ring",
        "imgName": "428430.jpg",
        "imgSrc": "https://cdn0.woolworths.media/content/wowproductimages/medium/428430.jpg",
        "name": "Woolworths Bubble Ring  each",
        "price": 4
    },
    {
        "category": "household",
        "href": "https://www.woolworths.com.au/shop/productdetails/70022/pine-o-cleen-disinfectant-eucalyptus",
        "imgName": "070022.jpg",
        "imgSrc": "https://cdn0.woolworths.media/content/wowproductimages/medium/070022.jpg",
        "name": "Pine O Cleen Disinfectant Eucalyptus 1.25l",
        "price": 5,
        "unitPrice": "$0.40 / 100ML"
    },
    {
        "category": "household",
        "href": "https://www.woolworths.com.au/shop/productdetails/175697/kiwi-express-shoe-polish-neutral",
        "imgName": "175697.jpg",
        "imgSrc": "https://cdn0.woolworths.media/content/wowproductimages/medium/175697.jpg",
        "name": "Kiwi Express Shoe Polish Neutral 6ml",
        "price": 6.49,
        "unitPrice": "$92.71 / 100ML"
    },
    {
        "category": "household",
        "href": "https://www.woolworths.com.au/shop/productdetails/139515/pine-o-cleen-disinfectant-antibacterial-lavender",
        "imgName": "139515.jpg",
        "imgSrc": "https://cdn0.woolworths.media/content/wowproductimages/medium/139515.jpg",
        "name": "Pine O Cleen Disinfectant Antibacterial Lavender 1.25l",
        "price": 5,
        "unitPrice": "$0.40 / 100ML"
    },
    {
        "category": "household",
        "href": "https://www.woolworths.com.au/shop/productdetails/192426/glad-wavetop-kitchen-tidy-bag-xl",
        "imgName": "192426.jpg",
        "imgSrc": "https://cdn0.woolworths.media/content/wowproductimages/medium/192426.jpg",
        "name": "Glad Wavetop Kitchen Tidy Bag Xl 20pk 50l",
        "price": 3.8,
        "unitPrice": "$0.19 / 1EA"
    },
    {
        "category": "household",
        "href": "https://www.woolworths.com.au/shop/productdetails/594894/artline-permanent-markers-assorted-2-0-5-0mm",
        "imgName": "594894.jpg",
        "imgSrc": "https://cdn0.woolworths.media/content/wowproductimages/medium/594894.jpg",
        "name": "Artline Permanent Markers Assorted 2.0-5.0mm 2pk",
        "price": 7.5
    },
    {
        "category": "household",
        "href": "https://www.woolworths.com.au/shop/productdetails/598598/fluffy-fragrance-temptations-concentrated-fabric-softener-midnight-rose",
        "imgName": "598598.jpg",
        "imgSrc": "https://cdn0.woolworths.media/content/wowproductimages/medium/598598.jpg",
        "name": "Fluffy Fragrance Temptations Concentrated Fabric Softener Midnight Rose 500ml",
        "price": 3.5,
        "unitPrice": "$7.00 / 1L"
    },
    {
        "category": "household",
        "href": "https://www.woolworths.com.au/shop/productdetails/353592/ratsak-baits-fast-action-wax-blocks",
        "imgName": "353592.jpg",
        "imgSrc": "https://cdn0.woolworths.media/content/wowproductimages/medium/353592.jpg",
        "name": "Ratsak Baits Fast Action Wax Blocks 6pk",
        "price": 6.45,
        "unitPrice": "$1.08 / 1EA"
    },
    {
        "category": "household",
        "href": "https://www.woolworths.com.au/shop/productdetails/332129/energizer-metal-led-flashlight-2-aa",
        "imgName": "332129.jpg",
        "imgSrc": "https://cdn0.woolworths.media/content/wowproductimages/medium/332129.jpg",
        "name": "Energizer Metal Led Flashlight 2 Aa each",
        "price": 14.99
    },
    {
        "category": "household",
        "href": "https://www.woolworths.com.au/shop/productdetails/495442/decor-double-wall-insulated-bullet-bottle",
        "imgName": "495442.jpg",
        "imgSrc": "https://cdn0.woolworths.media/content/wowproductimages/medium/495442.jpg",
        "name": "Decor Double Wall Insulated Bullet Bottle 500ml each",
        "price": 19.99
    },
    {
        "category": "household",
        "href": "https://www.woolworths.com.au/shop/productdetails/364988/essentials-cotton-blend-footlet-black-one-size",
        "imgName": "364988.jpg",
        "imgSrc": "https://cdn0.woolworths.media/content/wowproductimages/medium/364988.jpg",
        "name": "Essentials Cotton Blend Footlet Black One Size 2pk",
        "price": 5
    },
    {
        "category": "household",
        "href": "https://www.woolworths.com.au/shop/productdetails/642976/energizer-high-tech-screen-protector-samsung-s8",
        "imgName": "642976.jpg",
        "imgSrc": "https://cdn0.woolworths.media/content/wowproductimages/medium/642976.jpg",
        "name": "Energizer High Tech Screen Protector Samsung S8 1ea",
        "price": 25
    },
    {
        "category": "household",
        "href": "https://www.woolworths.com.au/shop/productdetails/749185/woolworths-select-stain-remover-oxy",
        "imgName": "749185.jpg",
        "imgSrc": "https://cdn0.woolworths.media/content/wowproductimages/medium/749185.jpg",
        "name": "Woolworths Select Stain Remover Oxy 375ml",
        "price": 2.79,
        "unitPrice": "$7.44 / 1L"
    },
    {
        "category": "household",
        "href": "https://www.woolworths.com.au/shop/productdetails/354512/celco-wooden-ruler-metric-drilled",
        "imgName": "354512.jpg",
        "imgSrc": "https://cdn0.woolworths.media/content/wowproductimages/medium/354512.jpg",
        "name": "Celco Wooden Ruler Metric Drilled 30cm each",
        "price": 1
    },
    {
        "category": "household",
        "href": "https://www.woolworths.com.au/shop/productdetails/225844/selleys-bbq-accessory-tough-kleen",
        "imgName": "225844.jpg",
        "imgSrc": "https://cdn0.woolworths.media/content/wowproductimages/medium/225844.jpg",
        "name": "Selleys Bbq Accessory Tough Kleen 400g",
        "price": 8.6,
        "unitPrice": "$2.15 / 100G"
    },
    {
        "category": "household",
        "href": "https://www.woolworths.com.au/shop/productdetails/652574/pilot-acroball-medium-black",
        "imgName": "652574.jpg",
        "imgSrc": "https://cdn0.woolworths.media/content/wowproductimages/medium/652574.jpg",
        "name": "Pilot Acroball Medium Black 1ea",
        "price": 4.5
    },
    {
        "category": "household",
        "href": "https://www.woolworths.com.au/shop/productdetails/209561/korjo-journey-britain-adaptor",
        "imgName": "209561.jpg",
        "imgSrc": "https://cdn0.woolworths.media/content/wowproductimages/medium/209561.jpg",
        "name": "Korjo Journey Britain Adaptor  each",
        "price": 10.5
    },
    {
        "category": "household",
        "href": "https://www.woolworths.com.au/shop/productdetails/90000501/dettol-floor-cleaning-system-refill-wipes-bundle",
        "imgName": "90000501.jpg",
        "imgSrc": "https://cdn0.woolworths.media/content/wowproductimages/medium/90000501.jpg",
        "name": "Dettol Floor Cleaning System & Refill Wipes Bundle",
        "price": 30
    },
    {
        "category": "household",
        "href": "https://www.woolworths.com.au/shop/productdetails/29923/brunnings-blood-and-bone",
        "imgName": "029923.jpg",
        "imgSrc": "https://cdn0.woolworths.media/content/wowproductimages/medium/029923.jpg",
        "name": "Brunnings Blood And Bone 2.5kg",
        "price": 7,
        "unitPrice": "$0.28 / 100G"
    },
    {
        "category": "household",
        "href": "https://www.woolworths.com.au/shop/productdetails/10122/green-gardener-garden-hose-fitting-plastic",
        "imgName": "010122.jpg",
        "imgSrc": "https://cdn0.woolworths.media/content/wowproductimages/medium/010122.jpg",
        "name": "Green Gardener Garden Hose Fitting Plastic 4pk",
        "price": 5
    },
    {
        "category": "household",
        "href": "https://www.woolworths.com.au/shop/productdetails/16507/check-ticket-book-loose",
        "imgName": "016507.jpg",
        "imgSrc": "https://cdn0.woolworths.media/content/wowproductimages/medium/016507.jpg",
        "name": "Check Ticket Book Loose 100pk",
        "price": 1
    },
    {
        "category": "household",
        "href": "https://www.woolworths.com.au/shop/productdetails/39559/woolworths-essentials-folder-a4-sheet-protector",
        "imgName": "039559.jpg",
        "imgSrc": "https://cdn0.woolworths.media/content/wowproductimages/medium/039559.jpg",
        "name": "Woolworths Essentials Folder A4 Sheet Protector 100pk",
        "price": 5
    },
    {
        "category": "household",
        "href": "https://www.woolworths.com.au/shop/productdetails/93011/mortein-surface-spray-barrier-spray",
        "imgName": "093011.jpg",
        "imgSrc": "https://cdn0.woolworths.media/content/wowproductimages/medium/093011.jpg",
        "name": "Mortein Surface Spray Barrier Spray 350g",
        "price": 10.99,
        "unitPrice": "$3.14 / 100G"
    },
    {
        "category": "household",
        "href": "https://www.woolworths.com.au/shop/productdetails/333435/papermate-profile-pen-black",
        "imgName": "333435.jpg",
        "imgSrc": "https://cdn0.woolworths.media/content/wowproductimages/medium/333435.jpg",
        "name": "Papermate Profile Pen Black 2pk",
        "price": 5.2,
        "unitPrice": "$2.60 / 1EA"
    },
    {
        "category": "household",
        "href": "https://www.woolworths.com.au/shop/productdetails/272457/no-vac-sanitiser-deodoriser-carpet-fresh-pet",
        "imgName": "272457.jpg",
        "imgSrc": "https://cdn0.woolworths.media/content/wowproductimages/medium/272457.jpg",
        "name": "No Vac Sanitiser & Deodoriser Carpet Fresh Pet 290g",
        "price": 4.99,
        "unitPrice": "$1.72 / 100G"
    },
    {
        "category": "household",
        "href": "https://www.woolworths.com.au/shop/productdetails/313997/philips-halogen-frosted-globe-70w-bc-base",
        "imgName": "313997.jpg",
        "imgSrc": "https://cdn0.woolworths.media/content/wowproductimages/medium/313997.jpg",
        "name": "Philips Halogen Frosted Globe 70w Bc Base each",
        "price": 3.3
    },
    {
        "category": "household",
        "href": "https://www.woolworths.com.au/shop/productdetails/230441/ratsak-rat-mouse-trap-one-shot",
        "imgName": "230441.jpg",
        "imgSrc": "https://cdn0.woolworths.media/content/wowproductimages/medium/230441.jpg",
        "name": "Ratsak Rat & Mouse Trap One Shot 100g",
        "price": 6.85,
        "unitPrice": "$6.85 / 100G"
    },
    {
        "category": "household",
        "href": "https://www.woolworths.com.au/shop/productdetails/463901/decor-lunch-break-compact-case-cooler",
        "imgName": "463901.jpg",
        "imgSrc": "https://cdn0.woolworths.media/content/wowproductimages/medium/463901.jpg",
        "name": "Decor Lunch Break Compact Case Cooler each",
        "price": 10.99
    },
    {
        "category": "household",
        "href": "https://www.woolworths.com.au/shop/productdetails/363835/energizer-smart-battery-charger",
        "imgName": "363835.jpg",
        "imgSrc": "https://cdn0.woolworths.media/content/wowproductimages/medium/363835.jpg",
        "name": "Energizer Smart Battery Charger  each",
        "price": 39.99
    },
    {
        "category": "household",
        "href": "https://www.woolworths.com.au/shop/productdetails/340284/australian-men-s-fitness",
        "imgName": "340284.jpg",
        "imgSrc": "https://cdn0.woolworths.media/content/wowproductimages/medium/340284.jpg",
        "name": "Australian Men's Fitness",
        "price": 8.5
    },
    {
        "category": "household",
        "href": "https://www.woolworths.com.au/shop/productdetails/379024/sabco-long-handled-dustpan",
        "imgName": "379024.jpg",
        "imgSrc": "https://cdn0.woolworths.media/content/wowproductimages/medium/379024.jpg",
        "name": "Sabco Long Handled Dustpan each",
        "price": 17.49
    },
    {
        "category": "household",
        "href": "https://www.woolworths.com.au/shop/productdetails/512127/trolls-blind-bag",
        "imgName": "512127.jpg",
        "imgSrc": "https://cdn0.woolworths.media/content/wowproductimages/medium/512127.jpg",
        "name": "Trolls Blind Bag  1ea",
        "price": 4.5
    },
    {
        "category": "household",
        "href": "https://www.woolworths.com.au/shop/productdetails/518035/jackson-1-5-metre-f-to-f-tv-antenna-foxtel-cable-with-pal-adaptors",
        "imgName": "518035.jpg",
        "imgSrc": "https://cdn0.woolworths.media/content/wowproductimages/medium/518035.jpg",
        "name": "Jackson 1.5 Metre F-to-f Tv Antenna / Foxtel Cable With Pal Adaptors each",
        "price": 11.5,
        "unitPrice": "$11.50 / 1EA"
    },
    {
        "category": "household",
        "href": "https://www.woolworths.com.au/shop/productdetails/381705/epson-printer-ink-133-black",
        "imgName": "381705.jpg",
        "imgSrc": "https://cdn0.woolworths.media/content/wowproductimages/medium/381705.jpg",
        "name": "Epson Printer Ink 133 Black each",
        "price": 25
    },
    {
        "category": "household",
        "href": "https://www.woolworths.com.au/shop/productdetails/656714/vodafone-nokia-3",
        "imgName": "656714.jpg",
        "imgSrc": "https://cdn0.woolworths.media/content/wowproductimages/medium/656714.jpg",
        "name": "Vodafone Nokia 3 each",
        "price": 179
    },
    {
        "category": "household",
        "href": "https://www.woolworths.com.au/shop/productdetails/712917/adesso-appliance-slow-cooker",
        "imgName": "712917.jpg",
        "imgSrc": "https://cdn0.woolworths.media/content/wowproductimages/medium/712917.jpg",
        "name": "Adesso Appliance Slow Cooker 1.5l each",
        "price": 20
    },
    {
        "category": "household",
        "href": "https://www.woolworths.com.au/shop/productdetails/696303/homebrand-kitchen-gadget-non-stick-egg-ring",
        "imgName": "696303.jpg",
        "imgSrc": "https://cdn0.woolworths.media/content/wowproductimages/medium/696303.jpg",
        "name": "Homebrand Kitchen Gadget Non Stick Egg Ring 2pk",
        "price": 3
    },
    {
        "category": "household",
        "href": "https://www.woolworths.com.au/shop/productdetails/789768/party-glow-mega-party-pack",
        "imgName": "789768.jpg",
        "imgSrc": "https://cdn0.woolworths.media/content/wowproductimages/medium/789768.jpg",
        "name": "Party Glow Mega Party Pack  36pk",
        "price": 10,
        "unitPrice": "$0.28 / 1EA"
    },
    {
        "category": "household",
        "href": "https://www.woolworths.com.au/shop/productdetails/762814/dettol-floor-cleaner-system-refill",
        "imgName": "762814.jpg",
        "imgSrc": "https://cdn0.woolworths.media/content/wowproductimages/medium/762814.jpg",
        "name": "Dettol Floor Cleaner System Refill 15pk",
        "price": 6.19,
        "unitPrice": "$0.41 / 1EA"
    },
    {
        "category": "household",
        "href": "https://www.woolworths.com.au/shop/productdetails/656716/vodafone-nokia-3310",
        "imgName": "656716.jpg",
        "imgSrc": "https://cdn0.woolworths.media/content/wowproductimages/medium/656716.jpg",
        "name": "Vodafone Nokia 3310 each",
        "price": 79
    },
    {
        "category": "household",
        "href": "https://www.woolworths.com.au/shop/productdetails/769382/vileda-scourer-power-scrub",
        "imgName": "769382.jpg",
        "imgSrc": "https://cdn0.woolworths.media/content/wowproductimages/medium/769382.jpg",
        "name": "Vileda Scourer Power Scrub each",
        "price": 2.49,
        "unitPrice": "$1.25 / 1EA"
    },
    {
        "category": "household",
        "href": "https://www.woolworths.com.au/shop/productdetails/495443/decor-lunch-break-small-ice-wall",
        "imgName": "495443.jpg",
        "imgSrc": "https://cdn0.woolworths.media/content/wowproductimages/medium/495443.jpg",
        "name": "Decor Lunch Break Small Ice Wall 2pk",
        "price": 6.99
    },
    {
        "category": "household",
        "href": "https://www.woolworths.com.au/shop/productdetails/797020/dishmatic-pro-handle-dish-brush",
        "imgName": "797020.jpg",
        "imgSrc": "https://cdn0.woolworths.media/content/wowproductimages/medium/797020.jpg",
        "name": "Dishmatic Pro Handle Dish Brush each",
        "price": 5.99,
        "unitPrice": "$5.99 / 1EA"
    },
    {
        "category": "household",
        "href": "https://www.woolworths.com.au/shop/productdetails/825904/wetsuit-pencil-case-medium",
        "imgName": "825904.jpg",
        "imgSrc": "https://cdn0.woolworths.media/content/wowproductimages/medium/825904.jpg",
        "name": "Wetsuit Pencil Case Medium each",
        "price": 5
    },
    {
        "category": "household",
        "href": "https://www.woolworths.com.au/shop/productdetails/769482/taste-com-au",
        "imgName": "769482.jpg",
        "imgSrc": "https://cdn0.woolworths.media/content/wowproductimages/medium/769482.jpg",
        "name": "Taste. Com.au",
        "price": 4.5
    },
    {
        "category": "household",
        "href": "https://www.woolworths.com.au/shop/productdetails/114872/energizer-photo-lithium-3v-batteries",
        "imgName": "114872.jpg",
        "imgSrc": "https://cdn0.woolworths.media/content/wowproductimages/medium/114872.jpg",
        "name": "Energizer Photo Lithium 3v Batteries  each",
        "price": 11,
        "unitPrice": "$11.00 / 1EA"
    },
    {
        "category": "household",
        "href": "https://www.woolworths.com.au/shop/productdetails/161908/delicious-magazine",
        "imgName": "161908.jpg",
        "imgSrc": "https://cdn0.woolworths.media/content/wowproductimages/medium/161908.jpg",
        "name": "Delicious Magazine",
        "price": 8.5
    },
    {
        "category": "household",
        "href": "https://www.woolworths.com.au/shop/productdetails/252723/xbox-360-official-magazine",
        "imgName": "252723.jpg",
        "imgSrc": "https://cdn0.woolworths.media/content/wowproductimages/medium/252723.jpg",
        "name": "Xbox 360 Official Magazine",
        "price": 16.95
    },
    {
        "category": "household",
        "href": "https://www.woolworths.com.au/shop/productdetails/428437/woolworths-mini-squirt-gun",
        "imgName": "428437.jpg",
        "imgSrc": "https://cdn0.woolworths.media/content/wowproductimages/medium/428437.jpg",
        "name": "Woolworths Mini Squirt Gun  each",
        "price": 4
    },
    {
        "category": "household",
        "href": "https://www.woolworths.com.au/shop/productdetails/58479/glad-kitchen-tidy-bags-wavetop-medium",
        "imgName": "058479.jpg",
        "imgSrc": "https://cdn0.woolworths.media/content/wowproductimages/medium/058479.jpg",
        "name": "Glad Kitchen Tidy Bags Wavetop Medium 40pk",
        "price": 3.8,
        "unitPrice": "$0.10 / 1EA"
    },
    {
        "category": "household",
        "href": "https://www.woolworths.com.au/shop/productdetails/48686/earth-choice-multipurpose-spray",
        "imgName": "048686.jpg",
        "imgSrc": "https://cdn0.woolworths.media/content/wowproductimages/medium/048686.jpg",
        "name": "Earth Choice Multipurpose Spray 600ml",
        "price": 3.2,
        "unitPrice": "$0.53 / 100ML"
    },
    {
        "category": "household",
        "href": "https://www.woolworths.com.au/shop/productdetails/54789/woolworths-essentials-multipurpose-sprayer-household",
        "imgName": "054789.jpg",
        "imgSrc": "https://cdn0.woolworths.media/content/wowproductimages/medium/054789.jpg",
        "name": "Woolworths Essentials Multipurpose Sprayer Household each",
        "price": 1.99
    },
    {
        "category": "household",
        "href": "https://www.woolworths.com.au/shop/productdetails/68475/essentials-candle-submarine-plain",
        "imgName": "068475.jpg",
        "imgSrc": "https://cdn0.woolworths.media/content/wowproductimages/medium/068475.jpg",
        "name": "Essentials Candle Submarine Plain 6pk",
        "price": 4,
        "unitPrice": "$0.67 / 1EA"
    },
    {
        "category": "household",
        "href": "https://www.woolworths.com.au/shop/productdetails/112944/orange-power-bathroom-cleaner-shower-bath-tile",
        "imgName": "112944.jpg",
        "imgSrc": "https://cdn0.woolworths.media/content/wowproductimages/medium/112944.jpg",
        "name": "Orange Power Bathroom Cleaner Shower Bath Tile 750ml",
        "price": 5,
        "unitPrice": "$0.67 / 100ML"
    },
    {
        "category": "household",
        "href": "https://www.woolworths.com.au/shop/productdetails/75089/valvoline-motor-oil-xld-premium-20w-50",
        "imgName": "075089.jpg",
        "imgSrc": "https://cdn0.woolworths.media/content/wowproductimages/medium/075089.jpg",
        "name": "Valvoline Motor Oil Xld Premium 20w-50 1l",
        "price": 16
    },
    {
        "category": "household",
        "href": "https://www.woolworths.com.au/shop/productdetails/196698/woolworths-essentials-womens-socks-crew-black-size-2-8",
        "imgName": "196698.jpg",
        "imgSrc": "https://cdn0.woolworths.media/content/wowproductimages/medium/196698.jpg",
        "name": "Woolworths Essentials Womens Socks Crew-black Size 2-8 3pk",
        "price": 7,
        "unitPrice": "$2.33 / 1EA"
    },
    {
        "category": "household",
        "href": "https://www.woolworths.com.au/shop/productdetails/208111/morning-fresh-dishwashing-liquid-lemon-super-strength",
        "imgName": "208111.jpg",
        "imgSrc": "https://cdn0.woolworths.media/content/wowproductimages/medium/208111.jpg",
        "name": "Morning Fresh Dishwashing Liquid Lemon Super Strength 900ml",
        "price": 6.95,
        "unitPrice": "$0.77 / 100ML"
    },
    {
        "category": "household",
        "href": "https://www.woolworths.com.au/shop/productdetails/251190/vileda-cleaning-cloth-all-purpose-cloth",
        "imgName": "251190.jpg",
        "imgSrc": "https://cdn0.woolworths.media/content/wowproductimages/medium/251190.jpg",
        "name": "Vileda Cleaning Cloth All Purpose Cloth 6pk",
        "price": 4.99,
        "unitPrice": "$0.83 / 1EA"
    },
    {
        "category": "household",
        "href": "https://www.woolworths.com.au/shop/productdetails/232179/australian-healthy-food-guide",
        "imgName": "232179.jpg",
        "imgSrc": "https://cdn0.woolworths.media/content/wowproductimages/medium/232179.jpg",
        "name": "Australian Healthy Food Guide",
        "price": 6.5
    },
    {
        "category": "household",
        "href": "https://www.woolworths.com.au/shop/productdetails/375287/home-collection-kitchen-gadget-meat-thermometer-kitchen",
        "imgName": "375287.jpg",
        "imgSrc": "https://cdn0.woolworths.media/content/wowproductimages/medium/375287.jpg",
        "name": "Home Collection Kitchen Gadget Meat Thermometer Kitchen each",
        "price": 6
    },
    {
        "category": "household",
        "href": "https://www.woolworths.com.au/shop/productdetails/374479/poly-rope-diy-4mm-x-20m",
        "imgName": "374479.jpg",
        "imgSrc": "https://cdn0.woolworths.media/content/wowproductimages/medium/374479.jpg",
        "name": "Poly Rope Diy 4mm X 20m each",
        "price": 4.5
    },
    {
        "category": "household",
        "href": "https://www.woolworths.com.au/shop/productdetails/428163/woolworths-balloons-round-pink",
        "imgName": "428163.jpg",
        "imgSrc": "https://cdn0.woolworths.media/content/wowproductimages/medium/428163.jpg",
        "name": "Woolworths Balloons Round Pink 30cm each",
        "price": 2
    },
    {
        "category": "household",
        "href": "https://www.woolworths.com.au/shop/productdetails/330022/festiva-bbq-accessory-fat-absorber",
        "imgName": "330022.jpg",
        "imgSrc": "https://cdn0.woolworths.media/content/wowproductimages/medium/330022.jpg",
        "name": "Festiva Bbq Accessory Fat Absorber 3l",
        "price": 6.5,
        "unitPrice": "$2.17 / 1L"
    },
    {
        "category": "household",
        "href": "https://www.woolworths.com.au/shop/productdetails/339702/windex-surface-glass-cleaner",
        "imgName": "339702.jpg",
        "imgSrc": "https://cdn0.woolworths.media/content/wowproductimages/medium/339702.jpg",
        "name": "Windex Surface & Glass Cleaner  750ml",
        "price": 4.8,
        "unitPrice": "$0.64 / 100ML"
    },
    {
        "category": "household",
        "href": "https://www.woolworths.com.au/shop/productdetails/432334/inspire-bullet-mug-2-tone-charcoal",
        "imgName": "432334.jpg",
        "imgSrc": "https://cdn0.woolworths.media/content/wowproductimages/medium/432334.jpg",
        "name": "Inspire Bullet Mug 2 Tone Charcoal each",
        "price": 3
    },
    {
        "category": "household",
        "href": "https://www.woolworths.com.au/shop/productdetails/432601/inspire-embossed-mug-turquoise",
        "imgName": "432601.jpg",
        "imgSrc": "https://cdn0.woolworths.media/content/wowproductimages/medium/432601.jpg",
        "name": "Inspire Embossed Mug Turquoise each",
        "price": 4
    },
    {
        "category": "household",
        "href": "https://www.woolworths.com.au/shop/productdetails/524424/energizer-car-charger-lightning-1-usb-white",
        "imgName": "524424.jpg",
        "imgSrc": "https://cdn0.woolworths.media/content/wowproductimages/medium/524424.jpg",
        "name": "Energizer Car Charger Lightning 1 Usb White each",
        "price": 25
    },
    {
        "category": "household",
        "href": "https://www.woolworths.com.au/shop/productdetails/713656/epson-printer-ink-138-black-high-capacity",
        "imgName": "713656.jpg",
        "imgSrc": "https://cdn0.woolworths.media/content/wowproductimages/medium/713656.jpg",
        "name": "Epson Printer Ink 138 Black High Capacity each",
        "price": 30
    },
    {
        "category": "household",
        "href": "https://www.woolworths.com.au/shop/productdetails/574621/chux-magic-eraser",
        "imgName": "574621.jpg",
        "imgSrc": "https://cdn0.woolworths.media/content/wowproductimages/medium/574621.jpg",
        "name": "Chux Magic Eraser  2pk",
        "price": 1.99,
        "unitPrice": "$1.00 / 1EA"
    },
    {
        "category": "household",
        "href": "https://www.woolworths.com.au/shop/productdetails/642972/energizer-classic-screen-protector-iphone-6-plus-7-plus-8-plus",
        "imgName": "642972.jpg",
        "imgSrc": "https://cdn0.woolworths.media/content/wowproductimages/medium/642972.jpg",
        "name": "Energizer Classic Screen Protector Iphone 6 Plus /7 Plus /8 Plus each",
        "price": 15
    },
    {
        "category": "household",
        "href": "https://www.woolworths.com.au/shop/productdetails/642977/energizer-anti-shock-phone-case-1-2m-iphone-5",
        "imgName": "642977.jpg",
        "imgSrc": "https://cdn0.woolworths.media/content/wowproductimages/medium/642977.jpg",
        "name": "Energizer Anti-shock Phone Case 1.2m Iphone 5 each",
        "price": 20
    },
    {
        "category": "household",
        "href": "https://www.woolworths.com.au/shop/productdetails/751591/woolworths-essentials-notebook-96-page",
        "imgName": "751591.jpg",
        "imgSrc": "https://cdn0.woolworths.media/content/wowproductimages/medium/751591.jpg",
        "name": "Woolworths Essentials Notebook 96 Page 5pk",
        "price": 2.5
    },
    {
        "category": "household",
        "href": "https://www.woolworths.com.au/shop/productdetails/695420/travel-mug-stainless-steel-pink",
        "imgName": "695420.jpg",
        "imgSrc": "https://cdn0.woolworths.media/content/wowproductimages/medium/695420.jpg",
        "name": "Travel Mug Stainless Steel Pink 1ea",
        "price": 9.5
    },
    {
        "category": "household",
        "href": "https://www.woolworths.com.au/shop/productdetails/725464/woolworths-essentials-stapler-medium",
        "imgName": "725464.jpg",
        "imgSrc": "https://cdn0.woolworths.media/content/wowproductimages/medium/725464.jpg",
        "name": "Woolworths Essentials Stapler Medium each",
        "price": 6
    },
    {
        "category": "household",
        "href": "https://www.woolworths.com.au/shop/productdetails/792216/hub-it-wired-optical-mouse-wired-optical",
        "imgName": "792216.jpg",
        "imgSrc": "https://cdn0.woolworths.media/content/wowproductimages/medium/792216.jpg",
        "name": "Hub It Wired Optical Mouse Wired Optical each",
        "price": 6
    },
    {
        "category": "household",
        "href": "https://www.woolworths.com.au/shop/productdetails/789023/gbc-broom-premium-outdoor-garden",
        "imgName": "789023.jpg",
        "imgSrc": "https://cdn0.woolworths.media/content/wowproductimages/medium/789023.jpg",
        "name": "Gbc Broom Premium Outdoor Garden each",
        "price": 15.99,
        "unitPrice": "$15.99 / 1EA"
    },
    {
        "category": "household",
        "href": "https://www.woolworths.com.au/shop/productdetails/789884/ansell-gloves-handy-fresh-disposable-large",
        "imgName": "789884.jpg",
        "imgSrc": "https://cdn0.woolworths.media/content/wowproductimages/medium/789884.jpg",
        "name": "Ansell Gloves Handy Fresh Disposable Large 100pk",
        "price": 10.99,
        "unitPrice": "$0.11 / 1EA"
    },
    {
        "category": "household",
        "href": "https://www.woolworths.com.au/shop/productdetails/786841/jamie-oliver-cutlery-set",
        "imgName": "786841.jpg",
        "imgSrc": "https://cdn0.woolworths.media/content/wowproductimages/medium/786841.jpg",
        "name": "Jamie Oliver Cutlery Set  16 piece",
        "price": 38
    },
    {
        "category": "household",
        "href": "https://www.woolworths.com.au/shop/productdetails/790252/inspire-silicone-tongs-22cm",
        "imgName": "790252.jpg",
        "imgSrc": "https://cdn0.woolworths.media/content/wowproductimages/medium/790252.jpg",
        "name": "Inspire Silicone Tongs 22cm each",
        "price": 6
    },
    {
        "category": "household",
        "href": "https://www.woolworths.com.au/shop/productdetails/882060/make-create-a4-coloured-paper-notepad",
        "imgName": "882060.jpg",
        "imgSrc": "https://cdn0.woolworths.media/content/wowproductimages/medium/882060.jpg",
        "name": "Make & Create A4 Coloured Paper Notepad 120 sheets",
        "price": 5
    },
    {
        "category": "household",
        "href": "https://www.woolworths.com.au/shop/productdetails/848424/wiltshire-square-pan-20cm",
        "imgName": "848424.jpg",
        "imgSrc": "https://cdn0.woolworths.media/content/wowproductimages/medium/848424.jpg",
        "name": "Wiltshire Square Pan 20cm each",
        "price": 7.95
    },
    {
        "category": "household",
        "href": "https://www.woolworths.com.au/shop/productdetails/12741/readers-digest",
        "imgName": "012741.jpg",
        "imgSrc": "https://cdn0.woolworths.media/content/wowproductimages/medium/012741.jpg",
        "name": "Readers Digest",
        "price": 6.5
    },
    {
        "category": "household",
        "href": "https://www.woolworths.com.au/shop/productdetails/171406/woolworths-essentials-envelopes-dl",
        "imgName": "171406.jpg",
        "imgSrc": "https://cdn0.woolworths.media/content/wowproductimages/medium/171406.jpg",
        "name": "Woolworths Essentials Envelopes Dl 100pk",
        "price": 6
    },
    {
        "category": "household",
        "href": "https://www.woolworths.com.au/shop/productdetails/212842/handee-ultra-paper-towel-double-length-white",
        "imgName": "212842.jpg",
        "imgSrc": "https://cdn0.woolworths.media/content/wowproductimages/medium/212842.jpg",
        "name": "Handee Ultra Paper Towel Double Length White 240ss  2pk",
        "price": 5,
        "unitPrice": "$2.08 / 100SS"
    },
    {
        "category": "household",
        "href": "https://www.woolworths.com.au/shop/productdetails/231995/papermate-correction-liquid-paper-2-in-1",
        "imgName": "231995.jpg",
        "imgSrc": "https://cdn0.woolworths.media/content/wowproductimages/medium/231995.jpg",
        "name": "Papermate Correction Liquid Paper 2 In 1 each",
        "price": 4
    },
    {
        "category": "household",
        "href": "https://www.woolworths.com.au/shop/productdetails/341033/woolworths-select-manual-spray-air-freshener-cotton-flower",
        "imgName": "341033.jpg",
        "imgSrc": "https://cdn0.woolworths.media/content/wowproductimages/medium/341033.jpg",
        "name": "Woolworths Select Manual Spray Air Freshener Cotton Flower 150g",
        "price": 1.9,
        "unitPrice": "$0.13 / 10G"
    },
    {
        "category": "household",
        "href": "https://www.woolworths.com.au/shop/productdetails/34501/aquacheck-accessory-test-strips",
        "imgName": "034501.jpg",
        "imgSrc": "https://cdn0.woolworths.media/content/wowproductimages/medium/034501.jpg",
        "name": "Aquacheck Accessory Test Strips each",
        "price": 15.69
    },
    {
        "category": "household",
        "href": "https://www.woolworths.com.au/shop/productdetails/381818/hp-printer-ink-02-black",
        "imgName": "381818.jpg",
        "imgSrc": "https://cdn0.woolworths.media/content/wowproductimages/medium/381818.jpg",
        "name": "Hp Printer Ink 02 Black each",
        "price": 45
    },
    {
        "category": "household",
        "href": "https://www.woolworths.com.au/shop/productdetails/432604/inspire-bullet-mug-deep-charcoal",
        "imgName": "432604.jpg",
        "imgSrc": "https://cdn0.woolworths.media/content/wowproductimages/medium/432604.jpg",
        "name": "Inspire Bullet Mug Deep Charcoal each",
        "price": 3
    },
    {
        "category": "household",
        "href": "https://www.woolworths.com.au/shop/productdetails/471733/quilton-toilet-paper-triple-length-3ply-540-sheets",
        "imgName": "471733.jpg",
        "imgSrc": "https://cdn0.woolworths.media/content/wowproductimages/medium/471733.jpg",
        "name": "Quilton Toilet Paper Triple Length  3ply 540 Sheets 6pk",
        "price": 10,
        "unitPrice": "$0.31 / 100SS"
    },
    {
        "category": "household",
        "href": "https://www.woolworths.com.au/shop/productdetails/524422/energizer-audio-jack-to-jack-cable-1-5m",
        "imgName": "524422.jpg",
        "imgSrc": "https://cdn0.woolworths.media/content/wowproductimages/medium/524422.jpg",
        "name": "Energizer Audio Jack To Jack Cable 1.5m each",
        "price": 12
    },
    {
        "category": "household",
        "href": "https://www.woolworths.com.au/shop/productdetails/729632/mortein-insect-control-auto-indoor-odourless-refill",
        "imgName": "729632.jpg",
        "imgSrc": "https://cdn0.woolworths.media/content/wowproductimages/medium/729632.jpg",
        "name": "Mortein Insect Control Auto Indoor Odourless Refill 154g",
        "price": 16,
        "unitPrice": "$10.39 / 100G"
    },
    {
        "category": "household",
        "href": "https://www.woolworths.com.au/shop/productdetails/854122/woolworths-essentials-sauce-dispenser",
        "imgName": "854122.jpg",
        "imgSrc": "https://cdn0.woolworths.media/content/wowproductimages/medium/854122.jpg",
        "name": "Woolworths Essentials Sauce Dispenser  each",
        "price": 3
    },
    {
        "category": "household",
        "href": "https://www.woolworths.com.au/shop/productdetails/4806/decor-tellfresh-storer-oblong",
        "imgName": "004806.jpg",
        "imgSrc": "https://cdn0.woolworths.media/content/wowproductimages/medium/004806.jpg",
        "name": "Decor Tellfresh Storer Oblong 500ml",
        "price": 3.99
    },
    {
        "category": "household",
        "href": "https://www.woolworths.com.au/shop/productdetails/39016/home-essentials-bakeware-cake-icing-set",
        "imgName": "039016.jpg",
        "imgSrc": "https://cdn0.woolworths.media/content/wowproductimages/medium/039016.jpg",
        "name": "Home Essentials Bakeware Cake Icing Set each",
        "price": 6
    },
    {
        "category": "household",
        "href": "https://www.woolworths.com.au/shop/productdetails/27295/woolworths-essentials-laundry-basket-oval",
        "imgName": "027295.jpg",
        "imgSrc": "https://cdn0.woolworths.media/content/wowproductimages/medium/027295.jpg",
        "name": "Woolworths Essentials Laundry Basket Oval each",
        "price": 5
    },
    {
        "category": "household",
        "href": "https://www.woolworths.com.au/shop/productdetails/7799/brown-paper-craft-roll-10m",
        "imgName": "007799.jpg",
        "imgSrc": "https://cdn0.woolworths.media/content/wowproductimages/medium/007799.jpg",
        "name": "Brown Paper Craft Roll 10m each",
        "price": 4
    },
    {
        "category": "household",
        "href": "https://www.woolworths.com.au/shop/productdetails/64317/unique-cars",
        "imgName": "064317.jpg",
        "imgSrc": "https://cdn0.woolworths.media/content/wowproductimages/medium/064317.jpg",
        "name": "Unique Cars",
        "price": 9.5
    },
    {
        "category": "household",
        "href": "https://www.woolworths.com.au/shop/productdetails/214055/australian-motorcycle-news",
        "imgName": "214055.jpg",
        "imgSrc": "https://cdn0.woolworths.media/content/wowproductimages/medium/214055.jpg",
        "name": "Australian Motorcycle News",
        "price": 8.95
    },
    {
        "category": "household",
        "href": "https://www.woolworths.com.au/shop/productdetails/249877/gulf-western-oil-extender",
        "imgName": "249877.jpg",
        "imgSrc": "https://cdn0.woolworths.media/content/wowproductimages/medium/249877.jpg",
        "name": "Gulf Western Oil Extender 4l",
        "price": 20,
        "unitPrice": "$0.50 / 100ML"
    },
    {
        "category": "household",
        "href": "https://www.woolworths.com.au/shop/productdetails/214487/lovatts-crosswords",
        "imgName": "214487.jpg",
        "imgSrc": "https://cdn0.woolworths.media/content/wowproductimages/medium/214487.jpg",
        "name": "Lovatts Crosswords",
        "price": 7.25
    },
    {
        "category": "household",
        "href": "https://www.woolworths.com.au/shop/productdetails/258561/culinare-easican-kitchen-gadget-can-opener",
        "imgName": "258561.jpg",
        "imgSrc": "https://cdn0.woolworths.media/content/wowproductimages/medium/258561.jpg",
        "name": "Culinare Easican Kitchen Gadget Can Opener each",
        "price": 9.99
    },
    {
        "category": "household",
        "href": "https://www.woolworths.com.au/shop/productdetails/294454/home-essentials-kitchen-manchester-tea-towel-heavy-weight-terry",
        "imgName": "294454.jpg",
        "imgSrc": "https://cdn0.woolworths.media/content/wowproductimages/medium/294454.jpg",
        "name": "Home Essentials Kitchen Manchester Tea Towel Heavy Weight Terry 2pk",
        "price": 7,
        "unitPrice": "$3.50 / 1EA"
    },
    {
        "category": "household",
        "href": "https://www.woolworths.com.au/shop/productdetails/310775/sharpie-marker-fine-black",
        "imgName": "310775.jpg",
        "imgSrc": "https://cdn0.woolworths.media/content/wowproductimages/medium/310775.jpg",
        "name": "Sharpie Marker Fine Black each",
        "price": 5.5
    },
    {
        "category": "household",
        "href": "https://www.woolworths.com.au/shop/productdetails/331219/sharpie-rub-a-dub-laundry-marker",
        "imgName": "331219.jpg",
        "imgSrc": "https://cdn0.woolworths.media/content/wowproductimages/medium/331219.jpg",
        "name": "Sharpie Rub-a-dub Laundry Marker each",
        "price": 3.5
    },
    {
        "category": "household",
        "href": "https://www.woolworths.com.au/shop/productdetails/381852/hp-printer-ink-61-black",
        "imgName": "381852.jpg",
        "imgSrc": "https://cdn0.woolworths.media/content/wowproductimages/medium/381852.jpg",
        "name": "Hp Printer Ink 61 Black each",
        "price": 30
    },
    {
        "category": "household",
        "href": "https://www.woolworths.com.au/shop/productdetails/361809/glad-kitchen-tidy-bags-medium-wavetop-51cmx65cm",
        "imgName": "361809.jpg",
        "imgSrc": "https://cdn0.woolworths.media/content/wowproductimages/medium/361809.jpg",
        "name": "Glad Kitchen Tidy Bags Medium Wavetop 51cmx65cm 72pk",
        "price": 6.49,
        "unitPrice": "$0.09 / 1EA"
    },
    {
        "category": "household",
        "href": "https://www.woolworths.com.au/shop/productdetails/443925/star-wars-the-force-awakens-dvd",
        "imgName": "443925.jpg",
        "imgSrc": "https://cdn0.woolworths.media/content/wowproductimages/medium/443925.jpg",
        "name": "Star Wars The Force Awakens Dvd each",
        "price": 28
    },
    {
        "category": "household",
        "href": "https://www.woolworths.com.au/shop/productdetails/402286/philips-led-350lm-e27-3000k-p45",
        "imgName": "402286.jpg",
        "imgSrc": "https://cdn0.woolworths.media/content/wowproductimages/medium/402286.jpg",
        "name": "Philips Led 350lm E27 3000k P45 each",
        "price": 6.99,
        "unitPrice": "$6.99 / 1EA"
    },
    {
        "category": "household",
        "href": "https://www.woolworths.com.au/shop/productdetails/383180/canon-printer-ink-cli526c-inkjet-cyan",
        "imgName": "383180.jpg",
        "imgSrc": "https://cdn0.woolworths.media/content/wowproductimages/medium/383180.jpg",
        "name": "Canon Printer Ink Cli526c Inkjet Cyan each"
    },
    {
        "category": "household",
        "href": "https://www.woolworths.com.au/shop/productdetails/361814/glad-kitchen-tidy-bags-large-wavetop-70cmx58cm",
        "imgName": "361814.jpg",
        "imgSrc": "https://cdn0.woolworths.media/content/wowproductimages/medium/361814.jpg",
        "name": "Glad Kitchen Tidy Bags Large Wavetop 70cmx58cm 72pk",
        "price": 8.49,
        "unitPrice": "$0.12 / 1EA"
    },
    {
        "category": "household",
        "href": "https://www.woolworths.com.au/shop/productdetails/471230/inspire-stoneware-dinner-plate-charcoal",
        "imgName": "471230.jpg",
        "imgSrc": "https://cdn0.woolworths.media/content/wowproductimages/medium/471230.jpg",
        "name": "Inspire Stoneware Dinner Plate Charcoal each",
        "price": 4
    },
    {
        "category": "household",
        "href": "https://www.woolworths.com.au/shop/productdetails/446308/camelbak-the-eddy-kids-drink-bottle",
        "imgName": "446308.jpg",
        "imgSrc": "https://cdn0.woolworths.media/content/wowproductimages/medium/446308.jpg",
        "name": "Camelbak The Eddy Kids Drink Bottle 400ml each",
        "price": 22.95
    },
    {
        "category": "household",
        "href": "https://www.woolworths.com.au/shop/productdetails/471196/inspire-stoneware-dinner-plate-black",
        "imgName": "471196.jpg",
        "imgSrc": "https://cdn0.woolworths.media/content/wowproductimages/medium/471196.jpg",
        "name": "Inspire Stoneware Dinner Plate Black each",
        "price": 4
    },
    {
        "category": "household",
        "href": "https://www.woolworths.com.au/shop/productdetails/696349/home-essentials-plasticware-tritan-bottle-coloured",
        "imgName": "696349.jpg",
        "imgSrc": "https://cdn0.woolworths.media/content/wowproductimages/medium/696349.jpg",
        "name": "Home Essentials Plasticware Tritan Bottle Coloured each",
        "price": 7.99
    },
    {
        "category": "household",
        "href": "https://www.woolworths.com.au/shop/productdetails/524420/energizer-wall-charger-lightning-1-usb-white",
        "imgName": "524420.jpg",
        "imgSrc": "https://cdn0.woolworths.media/content/wowproductimages/medium/524420.jpg",
        "name": "Energizer Wall Charger Lightning 1 Usb White each",
        "price": 30
    },
    {
        "category": "household",
        "href": "https://www.woolworths.com.au/shop/productdetails/578905/sistema-storage-7-9-litre",
        "imgName": "578905.jpg",
        "imgSrc": "https://cdn0.woolworths.media/content/wowproductimages/medium/578905.jpg",
        "name": "Sistema Storage 7.9 Litre  2pk",
        "price": 15
    },
    {
        "category": "household",
        "href": "https://www.woolworths.com.au/shop/productdetails/618574/moki-exo-active-bluetooth-earphones",
        "imgName": "618574.jpg",
        "imgSrc": "https://cdn0.woolworths.media/content/wowproductimages/medium/618574.jpg",
        "name": "Moki Exo Active Bluetooth Earphones each",
        "price": 30
    },
    {
        "category": "household",
        "href": "https://www.woolworths.com.au/shop/productdetails/598465/inspire-medium-oval-platter",
        "imgName": "598465.jpg",
        "imgSrc": "https://cdn0.woolworths.media/content/wowproductimages/medium/598465.jpg",
        "name": "Inspire Medium Oval Platter  1ea",
        "price": 9
    },
    {
        "category": "household",
        "href": "https://www.woolworths.com.au/shop/productdetails/695852/home-essentials-dinnerware-white-porcelain",
        "imgName": "695852.jpg",
        "imgSrc": "https://cdn0.woolworths.media/content/wowproductimages/medium/695852.jpg",
        "name": "Home Essentials Dinnerware White Porcelain each",
        "price": 3
    },
    {
        "category": "household",
        "href": "https://www.woolworths.com.au/shop/productdetails/733578/home-essentials-dinnerware-anti-pasto-dish-11x5cm",
        "imgName": "733578.jpg",
        "imgSrc": "https://cdn0.woolworths.media/content/wowproductimages/medium/733578.jpg",
        "name": "Home Essentials Dinnerware Anti Pasto Dish 11x5cm each",
        "price": 2.5
    },
    {
        "category": "household",
        "href": "https://www.woolworths.com.au/shop/productdetails/707697/vanish-napisan-inwash-soaker-sensitive-powder",
        "imgName": "707697.jpg",
        "imgSrc": "https://cdn0.woolworths.media/content/wowproductimages/medium/707697.jpg",
        "name": "Vanish Napisan Inwash & Soaker Sensitive Powder 1kg",
        "price": 9.19,
        "unitPrice": "$9.19 / 1KG"
    },
    {
        "category": "household",
        "href": "https://www.woolworths.com.au/shop/productdetails/720969/woolworths-plastic-oval-plates-white",
        "imgName": "720969.jpg",
        "imgSrc": "https://cdn0.woolworths.media/content/wowproductimages/medium/720969.jpg",
        "name": "Woolworths Plastic Oval Plates White 8pk",
        "price": 3,
        "unitPrice": "$0.38 / 1EA"
    },
    {
        "category": "household",
        "href": "https://www.woolworths.com.au/shop/productdetails/741848/philips-reflector-r63-globe-60w-es-base",
        "imgName": "741848.jpg",
        "imgSrc": "https://cdn0.woolworths.media/content/wowproductimages/medium/741848.jpg",
        "name": "Philips Reflector R63 Globe 60w Es Base each",
        "price": 4.4,
        "unitPrice": "$4.40 / 1EA"
    },
    {
        "category": "household",
        "href": "https://www.woolworths.com.au/shop/productdetails/742660/febreze-fabric-refresher-extra-strength",
        "imgName": "742660.jpg",
        "imgSrc": "https://cdn0.woolworths.media/content/wowproductimages/medium/742660.jpg",
        "name": "Febreze Fabric Refresher Extra Strength 370ml",
        "price": 6.49,
        "unitPrice": "$17.54 / 1L"
    },
    {
        "category": "household",
        "href": "https://www.woolworths.com.au/shop/productdetails/752060/woolworths-essentials-notebook-magnetic-kitchen-shopping",
        "imgName": "752060.jpg",
        "imgSrc": "https://cdn0.woolworths.media/content/wowproductimages/medium/752060.jpg",
        "name": "Woolworths Essentials Notebook Magnetic Kitchen Shopping each",
        "price": 3
    },
    {
        "category": "household",
        "href": "https://www.woolworths.com.au/shop/productdetails/714673/woolworths-bbq-foil-tray-small",
        "imgName": "714673.jpg",
        "imgSrc": "https://cdn0.woolworths.media/content/wowproductimages/medium/714673.jpg",
        "name": "Woolworths Bbq Foil Tray Small 10pk",
        "price": 9,
        "unitPrice": "$0.90 / 1EA"
    },
    {
        "category": "household",
        "href": "https://www.woolworths.com.au/shop/productdetails/786993/jamie-oliver-small-pop-jar-blue-lid",
        "imgName": "786993.jpg",
        "imgSrc": "https://cdn0.woolworths.media/content/wowproductimages/medium/786993.jpg",
        "name": "Jamie Oliver Small Pop Jar Blue Lid each",
        "price": 6
    },
    {
        "category": "household",
        "href": "https://www.woolworths.com.au/shop/productdetails/791632/woolworths-dinner-serviettes-red",
        "imgName": "791632.jpg",
        "imgSrc": "https://cdn0.woolworths.media/content/wowproductimages/medium/791632.jpg",
        "name": "Woolworths Dinner Serviettes Red 50pk",
        "price": 5,
        "unitPrice": "$0.10 / 1EA"
    },
    {
        "category": "household",
        "href": "https://www.woolworths.com.au/shop/productdetails/789507/woolworths-foil-tray-medium-with-clear-lid",
        "imgName": "789507.jpg",
        "imgSrc": "https://cdn0.woolworths.media/content/wowproductimages/medium/789507.jpg",
        "name": "Woolworths Foil Tray Medium With Clear Lid 4pk",
        "price": 5
    },
    {
        "category": "household",
        "href": "https://www.woolworths.com.au/shop/productdetails/788354/party-noisemaker-blowouts",
        "imgName": "788354.jpg",
        "imgSrc": "https://cdn0.woolworths.media/content/wowproductimages/medium/788354.jpg",
        "name": "Party Noisemaker Blowouts 20pk",
        "price": 3,
        "unitPrice": "$3.00 / 1EA"
    },
    {
        "category": "household",
        "href": "https://www.woolworths.com.au/shop/productdetails/829156/essentials-plastic-hangers",
        "imgName": "829156.jpg",
        "imgSrc": "https://cdn0.woolworths.media/content/wowproductimages/medium/829156.jpg",
        "name": "Essentials Plastic Hangers  12pk",
        "price": 3
    },
    {
        "category": "household",
        "href": "https://www.woolworths.com.au/shop/productdetails/779687/adesso-appliance-electric-frypan",
        "imgName": "779687.jpg",
        "imgSrc": "https://cdn0.woolworths.media/content/wowproductimages/medium/779687.jpg",
        "name": "Adesso Appliance Electric Frypan each",
        "price": 49
    },
    {
        "category": "household",
        "href": "https://www.woolworths.com.au/shop/productdetails/841715/air-wick-life-scents-turquoise-oasis-plug-in-diffuser",
        "imgName": "841715.jpg",
        "imgSrc": "https://cdn0.woolworths.media/content/wowproductimages/medium/841715.jpg",
        "name": "Air Wick Life Scents Turquoise Oasis Plug In Diffuser 19m",
        "price": 9.99,
        "unitPrice": "$5.26 / 10ML"
    },
    {
        "category": "household",
        "href": "https://www.woolworths.com.au/shop/productdetails/889262/canon-printer-ink-pg640-black-xl",
        "imgName": "889262.jpg",
        "imgSrc": "https://cdn0.woolworths.media/content/wowproductimages/medium/889262.jpg",
        "name": "Canon Printer Ink Pg640 Black Xl each",
        "price": 47
    },
    {
        "category": "household",
        "href": "https://www.woolworths.com.au/shop/productdetails/841195/hegs-pegs",
        "imgName": "841195.jpg",
        "imgSrc": "https://cdn0.woolworths.media/content/wowproductimages/medium/841195.jpg",
        "name": "Hegs Pegs  18pk",
        "price": 6,
        "unitPrice": "$0.33 / 1EA"
    },
    {
        "category": "household",
        "href": "https://www.woolworths.com.au/shop/productdetails/866848/glade-clean-linen-touch-fresh-refill",
        "imgName": "866848.jpg",
        "imgSrc": "https://cdn0.woolworths.media/content/wowproductimages/medium/866848.jpg",
        "name": "Glade Clean Linen Touch & Fresh Refill 2x9g",
        "price": 5.99,
        "unitPrice": "$3.33 / 10G"
    },
    {
        "category": "household",
        "href": "https://www.woolworths.com.au/shop/productdetails/90000785/ajax-professional-bathroom-mould-spray-bundle",
        "imgName": "90000785.jpg",
        "imgSrc": "https://cdn0.woolworths.media/content/wowproductimages/medium/90000785.jpg",
        "name": "Ajax Professional Bathroom & Mould Spray Bundle",
        "price": 9
    },
    {
        "category": "household",
        "href": "https://www.woolworths.com.au/shop/productdetails/634744/decor-match-ups-oblong-container-2l",
        "imgName": "634744.jpg",
        "imgSrc": "https://cdn0.woolworths.media/content/wowproductimages/medium/634744.jpg",
        "name": "Decor Match Ups Oblong Container 2l each",
        "price": 8
    },
    {
        "category": "household",
        "href": "https://www.woolworths.com.au/shop/productdetails/611713/decor-bamboo-dinner-plate-teal",
        "imgName": "611713.jpg",
        "imgSrc": "https://cdn0.woolworths.media/content/wowproductimages/medium/611713.jpg",
        "name": "Decor Bamboo Dinner Plate Teal each",
        "price": 5
    },
    {
        "category": "household",
        "href": "https://www.woolworths.com.au/shop/productdetails/409458/adesso-cordless-kettle-1-7l",
        "imgName": "409458.jpg",
        "imgSrc": "https://cdn0.woolworths.media/content/wowproductimages/medium/409458.jpg",
        "name": "Adesso Cordless Kettle 1.7l each",
        "price": 27
    },
    {
        "category": "household",
        "href": "https://www.woolworths.com.au/shop/productdetails/778088/woolworths-select-scrubbing-brush",
        "imgName": "778088.jpg",
        "imgSrc": "https://cdn0.woolworths.media/content/wowproductimages/medium/778088.jpg",
        "name": "Woolworths Select Scrubbing Brush  each",
        "price": 4.49,
        "unitPrice": "$4.49 / 1EA"
    },
    {
        "category": "household",
        "href": "https://www.woolworths.com.au/shop/productdetails/777289/sistema-lunch-cube-max-to-go",
        "imgName": "777289.jpg",
        "imgSrc": "https://cdn0.woolworths.media/content/wowproductimages/medium/777289.jpg",
        "name": "Sistema Lunch Cube Max To Go each",
        "price": 9.99
    },
    {
        "category": "household",
        "href": "https://www.woolworths.com.au/shop/productdetails/841689/eveready-led-metal-light",
        "imgName": "841689.jpg",
        "imgSrc": "https://cdn0.woolworths.media/content/wowproductimages/medium/841689.jpg",
        "name": "Eveready Led Metal Light  1ea",
        "price": 5,
        "unitPrice": "$5.00 / 1EA"
    },
    {
        "category": "household",
        "href": "https://www.woolworths.com.au/shop/productdetails/521915/bic-cristal-extra-fine-pens-assorted",
        "imgName": "521915.jpg",
        "imgSrc": "https://cdn0.woolworths.media/content/wowproductimages/medium/521915.jpg",
        "name": "Bic Cristal Extra Fine Pens Assorted 10pk",
        "price": 4
    },
    {
        "category": "household",
        "href": "https://www.woolworths.com.au/shop/productdetails/646143/camelbak-podium-chill-bottle-600ml",
        "imgName": "646143.jpg",
        "imgSrc": "https://cdn0.woolworths.media/content/wowproductimages/medium/646143.jpg",
        "name": "Camelbak Podium Chill Bottle 600ml ea",
        "price": 24.95
    },
    {
        "category": "household",
        "href": "https://www.woolworths.com.au/shop/productdetails/532375/sistema-tritan-active-water-bottle",
        "imgName": "532375.jpg",
        "imgSrc": "https://cdn0.woolworths.media/content/wowproductimages/medium/532375.jpg",
        "name": "Sistema Tritan Active Water Bottle  each",
        "price": 12,
        "unitPrice": "$12.00 / 1EA"
    },
    {
        "category": "household",
        "href": "https://www.woolworths.com.au/shop/productdetails/638239/zak-cars-3-cutlery-set",
        "imgName": "638239.jpg",
        "imgSrc": "https://cdn0.woolworths.media/content/wowproductimages/medium/638239.jpg",
        "name": "Zak Cars 3 Cutlery Set each",
        "price": 6
    },
    {
        "category": "household",
        "href": "https://www.woolworths.com.au/shop/productdetails/523248/davenport-mens-underwear-trunks-medium",
        "imgName": "523248.jpg",
        "imgSrc": "https://cdn0.woolworths.media/content/wowproductimages/medium/523248.jpg",
        "name": "Davenport Mens Underwear Trunks Medium 1ea",
        "price": 18,
        "unitPrice": "$18.00 / 1EA"
    },
    {
        "category": "household",
        "href": "https://www.woolworths.com.au/shop/productdetails/598710/energizer-2-in-1-lantern-flashlight-area-light",
        "imgName": "598710.jpg",
        "imgSrc": "https://cdn0.woolworths.media/content/wowproductimages/medium/598710.jpg",
        "name": "Energizer 2 In 1 Lantern Flashlight & Area Light 1pk",
        "price": 15.99
    },
    {
        "category": "household",
        "href": "https://www.woolworths.com.au/shop/productdetails/790329/woolworths-select-plates-mixed-colour",
        "imgName": "790329.jpg",
        "imgSrc": "https://cdn0.woolworths.media/content/wowproductimages/medium/790329.jpg",
        "name": "Woolworths Select Plates Mixed Colour 20pk",
        "price": 4.5,
        "unitPrice": "$0.23 / 1EA"
    },
    {
        "category": "household",
        "href": "https://www.woolworths.com.au/shop/productdetails/657581/hp-63-tri-color-ink-cartridge",
        "imgName": "657581.jpg",
        "imgSrc": "https://cdn0.woolworths.media/content/wowproductimages/medium/657581.jpg",
        "name": "Hp 63 Tri-color Ink Cartridge ea",
        "price": 37
    },
    {
        "category": "household",
        "href": "https://www.woolworths.com.au/shop/productdetails/488384/home-handyman-synthetic-chamois",
        "imgName": "488384.jpg",
        "imgSrc": "https://cdn0.woolworths.media/content/wowproductimages/medium/488384.jpg",
        "name": "Home Handyman Synthetic Chamois  1pk",
        "price": 5,
        "unitPrice": "$5.00 / 1EA"
    },
    {
        "category": "household",
        "href": "https://www.woolworths.com.au/shop/productdetails/505552/essentials-cookie-cutter",
        "imgName": "505552.jpg",
        "imgSrc": "https://cdn0.woolworths.media/content/wowproductimages/medium/505552.jpg",
        "name": "Essentials Cookie Cutter  ea",
        "price": 3.5
    },
    {
        "category": "household",
        "href": "https://www.woolworths.com.au/shop/productdetails/789095/party-entertaining-toothpicks-double",
        "imgName": "789095.jpg",
        "imgSrc": "https://cdn0.woolworths.media/content/wowproductimages/medium/789095.jpg",
        "name": "Party Entertaining Toothpicks Double 500pk",
        "price": 3.5,
        "unitPrice": "$0.01 / 1EA"
    },
    {
        "category": "household",
        "href": "https://www.woolworths.com.au/shop/productdetails/787407/woolworths-select-bowl-red",
        "imgName": "787407.jpg",
        "imgSrc": "https://cdn0.woolworths.media/content/wowproductimages/medium/787407.jpg",
        "name": "Woolworths Select Bowl Red 20pk",
        "price": 3,
        "unitPrice": "$0.15 / 1EA"
    },
    {
        "category": "household",
        "href": "https://www.woolworths.com.au/shop/productdetails/627086/korbond-confetti-shooter",
        "imgName": "627086.jpg",
        "imgSrc": "https://cdn0.woolworths.media/content/wowproductimages/medium/627086.jpg",
        "name": "Korbond Confetti Shooter each",
        "price": 5,
        "unitPrice": "$5.00 / 1EA"
    },
    {
        "category": "household",
        "href": "https://www.woolworths.com.au/shop/productdetails/594846/artline-permanent-marker-black-green-1-5mm",
        "imgName": "594846.jpg",
        "imgSrc": "https://cdn0.woolworths.media/content/wowproductimages/medium/594846.jpg",
        "name": "Artline Permanent Marker Black & Green 1.5mm 2pk",
        "price": 7.5
    },
    {
        "category": "household",
        "href": "https://www.woolworths.com.au/shop/productdetails/937333/multix-bake-paper",
        "imgName": "937333.jpg",
        "imgSrc": "https://cdn0.woolworths.media/content/wowproductimages/medium/937333.jpg",
        "name": "Multix Bake Paper  30cmx40m",
        "price": 7.35,
        "unitPrice": "$0.18 / 1M"
    },
    {
        "category": "household",
        "href": "https://www.woolworths.com.au/shop/productdetails/938810/jastek-scientific-calculator",
        "imgName": "938810.jpg",
        "imgSrc": "https://cdn0.woolworths.media/content/wowproductimages/medium/938810.jpg",
        "name": "Jastek Scientific Calculator  each",
        "price": 15
    },
    {
        "category": "household",
        "href": "https://www.woolworths.com.au/shop/productdetails/572062/philips-led-mr16-cool",
        "imgName": "572062.jpg",
        "imgSrc": "https://cdn0.woolworths.media/content/wowproductimages/medium/572062.jpg",
        "name": "Philips Led Mr16 Cool 1pk",
        "price": 10
    },
    {
        "category": "household",
        "href": "https://www.woolworths.com.au/shop/productdetails/565837/aroma-essentials-diffuser-rose",
        "imgName": "565837.jpg",
        "imgSrc": "https://cdn0.woolworths.media/content/wowproductimages/medium/565837.jpg",
        "name": "Aroma Essentials Diffuser Rose 150ml",
        "price": 15,
        "unitPrice": "$10.00 / 100ML"
    },
    {
        "category": "household",
        "href": "https://www.woolworths.com.au/shop/productdetails/855830/brunnings-weed-kill",
        "imgName": "855830.jpg",
        "imgSrc": "https://cdn0.woolworths.media/content/wowproductimages/medium/855830.jpg",
        "name": "Brunnings Weed Kill 1l",
        "price": 9,
        "unitPrice": "$0.90 / 100ML"
    },
    {
        "category": "household",
        "href": "https://www.woolworths.com.au/shop/productdetails/211591/habee-savers-thread-assorted-colours",
        "imgName": "211591.jpg",
        "imgSrc": "https://cdn0.woolworths.media/content/wowproductimages/medium/211591.jpg",
        "name": "Habee Savers Thread Assorted Colours 5pk",
        "price": 4
    },
    {
        "category": "household",
        "href": "https://www.woolworths.com.au/shop/productdetails/830117/inspire-over-the-door-storage-solution-20-pockets",
        "imgName": "830117.jpg",
        "imgSrc": "https://cdn0.woolworths.media/content/wowproductimages/medium/830117.jpg",
        "name": "Inspire Over The Door Storage Solution 20 Pockets each",
        "price": 15,
        "unitPrice": "$15.00 / 1EA"
    },
    {
        "category": "household",
        "href": "https://www.woolworths.com.au/shop/productdetails/626730/brunnings-soaker-hose",
        "imgName": "626730.jpg",
        "imgSrc": "https://cdn0.woolworths.media/content/wowproductimages/medium/626730.jpg",
        "name": "Brunnings Soaker Hose  15m",
        "price": 18
    },
    {
        "category": "household",
        "href": "https://www.woolworths.com.au/shop/productdetails/505776/inspire-ice-cube-tray",
        "imgName": "505776.jpg",
        "imgSrc": "https://cdn0.woolworths.media/content/wowproductimages/medium/505776.jpg",
        "name": "Inspire Ice Cube Tray  each",
        "price": 8
    },
    {
        "category": "household",
        "href": "https://www.woolworths.com.au/shop/productdetails/283082/maped-ruler-foldable",
        "imgName": "283082.jpg",
        "imgSrc": "https://cdn0.woolworths.media/content/wowproductimages/medium/283082.jpg",
        "name": "Maped Ruler Foldable each",
        "price": 3
    },
    {
        "category": "household",
        "href": "https://www.woolworths.com.au/shop/productdetails/788670/party-candle-glitter-happy-bday",
        "imgName": "788670.jpg",
        "imgSrc": "https://cdn0.woolworths.media/content/wowproductimages/medium/788670.jpg",
        "name": "Party Candle Glitter Happy Bday 13pk",
        "price": 3,
        "unitPrice": "$3.00 / 1EA"
    },
    {
        "category": "household",
        "href": "https://www.woolworths.com.au/shop/productdetails/646654/sistema-laundry-stack-nest-basket",
        "imgName": "646654.jpg",
        "imgSrc": "https://cdn0.woolworths.media/content/wowproductimages/medium/646654.jpg",
        "name": "Sistema Laundry Stack & Nest Basket 5.25l",
        "price": 10
    },
    {
        "category": "household",
        "href": "https://www.woolworths.com.au/shop/productdetails/517750/kodak-cd-r-spindle-25pk",
        "imgName": "517750.jpg",
        "imgSrc": "https://cdn0.woolworths.media/content/wowproductimages/medium/517750.jpg",
        "name": "Kodak Cd-r Spindle 25pk each",
        "price": 12
    },
    {
        "category": "household",
        "href": "https://www.woolworths.com.au/shop/productdetails/747878/ladies-sport-socks-anklet-white-5-8-9-11",
        "imgName": "747878.jpg",
        "imgSrc": "https://cdn0.woolworths.media/content/wowproductimages/medium/747878.jpg",
        "name": "Ladies Sport Socks Anklet White 5-8 & 9-11 3pk",
        "price": 9,
        "unitPrice": "$3.00 / 1EA"
    },
    {
        "category": "household",
        "href": "https://www.woolworths.com.au/shop/productdetails/634280/footcare-slimline-memory-foam-insole",
        "imgName": "634280.jpg",
        "imgSrc": "https://cdn0.woolworths.media/content/wowproductimages/medium/634280.jpg",
        "name": "Footcare Slimline Memory Foam Insole 1ea",
        "price": 17.99,
        "unitPrice": "$17.99 / 1EA"
    },
    {
        "category": "household",
        "href": "https://www.woolworths.com.au/shop/productdetails/790983/earth-choice-multipurpose-kitchen-cleaner",
        "imgName": "790983.jpg",
        "imgSrc": "https://cdn0.woolworths.media/content/wowproductimages/medium/790983.jpg",
        "name": "Earth Choice Multipurpose Kitchen Cleaner 600ml",
        "price": 4.49,
        "unitPrice": "$0.75 / 100ML"
    },
    {
        "category": "household",
        "href": "https://www.woolworths.com.au/shop/productdetails/521446/papermate-inkjoy-gel-0-7-fashion-assorted",
        "imgName": "521446.jpg",
        "imgSrc": "https://cdn0.woolworths.media/content/wowproductimages/medium/521446.jpg",
        "name": "Papermate Inkjoy Gel 0.7 Fashion Assorted 6pk",
        "price": 24.5,
        "unitPrice": "$4.08 / 1EA"
    },
    {
        "category": "household",
        "href": "https://www.woolworths.com.au/shop/productdetails/659983/surf-laundry-liquid-herbal-extracts",
        "imgName": "659983.jpg",
        "imgSrc": "https://cdn0.woolworths.media/content/wowproductimages/medium/659983.jpg",
        "name": "Surf Laundry Liquid Herbal Extracts 4l",
        "price": 15,
        "unitPrice": "$3.75 / 1L"
    },
    {
        "category": "household",
        "href": "https://www.woolworths.com.au/shop/productdetails/635329/decor-tone-protein-shaker-bottle-570ml",
        "imgName": "635329.jpg",
        "imgSrc": "https://cdn0.woolworths.media/content/wowproductimages/medium/635329.jpg",
        "name": "Decor Tone Protein Shaker Bottle 570ml each",
        "price": 18.99
    },
    {
        "category": "household",
        "href": "https://www.woolworths.com.au/shop/productdetails/634289/brunnings-easy-wetta-peat-brick",
        "imgName": "634289.jpg",
        "imgSrc": "https://cdn0.woolworths.media/content/wowproductimages/medium/634289.jpg",
        "name": "Brunnings Easy Wetta Peat Brick 600g",
        "price": 3,
        "unitPrice": "$0.50 / 100G"
    },
    {
        "category": "household",
        "href": "https://www.woolworths.com.au/shop/productdetails/619557/texta-zoom-twist-crayons",
        "imgName": "619557.jpg",
        "imgSrc": "https://cdn0.woolworths.media/content/wowproductimages/medium/619557.jpg",
        "name": "Texta Zoom Twist Crayons 12pk",
        "price": 8
    },
    {
        "category": "household",
        "href": "https://www.woolworths.com.au/shop/productdetails/572029/philips-led-globe-dimmable-bayonet-cap",
        "imgName": "572029.jpg",
        "imgSrc": "https://cdn0.woolworths.media/content/wowproductimages/medium/572029.jpg",
        "name": "Philips Led Globe Dimmable Bayonet Cap 1pk",
        "price": 12
    },
    {
        "category": "household",
        "href": "https://www.woolworths.com.au/shop/productdetails/662484/staedtler-noris-club-math-set",
        "imgName": "662484.jpg",
        "imgSrc": "https://cdn0.woolworths.media/content/wowproductimages/medium/662484.jpg",
        "name": "Staedtler Noris Club Math Set ea",
        "price": 7
    },
    {
        "category": "household",
        "href": "https://www.woolworths.com.au/shop/productdetails/572028/philips-led-globe-dimmable-edison-screw",
        "imgName": "572028.jpg",
        "imgSrc": "https://cdn0.woolworths.media/content/wowproductimages/medium/572028.jpg",
        "name": "Philips Led Globe Dimmable Edison Screw 1pk",
        "price": 12
    },
    {
        "category": "household",
        "href": "https://www.woolworths.com.au/shop/productdetails/769571/home-essentials-kitchen-manchester-oven-glove-plain",
        "imgName": "769571.jpg",
        "imgSrc": "https://cdn0.woolworths.media/content/wowproductimages/medium/769571.jpg",
        "name": "Home Essentials Kitchen Manchester Oven Glove Plain each",
        "price": 4,
        "unitPrice": "$4.00 / 1EA"
    },
    {
        "category": "household",
        "href": "https://www.woolworths.com.au/shop/productdetails/751592/woolworths-spiral-lecture-book-a4",
        "imgName": "751592.jpg",
        "imgSrc": "https://cdn0.woolworths.media/content/wowproductimages/medium/751592.jpg",
        "name": "Woolworths Spiral Lecture Book A4 140pg each",
        "price": 3
    },
    {
        "category": "household",
        "href": "https://www.woolworths.com.au/shop/productdetails/521914/essentials-y-shape-peeler",
        "imgName": "521914.jpg",
        "imgSrc": "https://cdn0.woolworths.media/content/wowproductimages/medium/521914.jpg",
        "name": "Essentials Y Shape Peeler  ea",
        "price": 2
    },
    {
        "category": "household",
        "href": "https://www.woolworths.com.au/shop/productdetails/755982/woolworths-reporter-notebook",
        "imgName": "755982.jpg",
        "imgSrc": "https://cdn0.woolworths.media/content/wowproductimages/medium/755982.jpg",
        "name": "Woolworths Reporter Notebook  300pg each",
        "price": 3
    },
    {
        "category": "household",
        "href": "https://www.woolworths.com.au/shop/productdetails/521377/papermate-inkjoy-gel-0-7-black",
        "imgName": "521377.jpg",
        "imgSrc": "https://cdn0.woolworths.media/content/wowproductimages/medium/521377.jpg",
        "name": "Papermate Inkjoy Gel 0.7 Black 1pk",
        "price": 5,
        "unitPrice": "$5.00 / 1EA"
    },
    {
        "category": "household",
        "href": "https://www.woolworths.com.au/shop/productdetails/100286/sheer-relief-trouser-sock-black-1-size",
        "imgName": "100286.jpg",
        "imgSrc": "https://cdn0.woolworths.media/content/wowproductimages/medium/100286.jpg",
        "name": "Sheer Relief Trouser Sock Black 1 Size 1pk",
        "price": 7
    },
    {
        "category": "household",
        "href": "https://www.woolworths.com.au/shop/productdetails/787492/woolworths-plastic-plates-oval-mixed-colour",
        "imgName": "787492.jpg",
        "imgSrc": "https://cdn0.woolworths.media/content/wowproductimages/medium/787492.jpg",
        "name": "Woolworths Plastic Plates Oval Mixed Colour 8pk",
        "price": 3,
        "unitPrice": "$0.38 / 1EA"
    },
    {
        "category": "household",
        "href": "https://www.woolworths.com.au/shop/productdetails/789973/party-costume-hats-happy-birthday",
        "imgName": "789973.jpg",
        "imgSrc": "https://cdn0.woolworths.media/content/wowproductimages/medium/789973.jpg",
        "name": "Party Costume Hats Happy Birthday 6pk",
        "price": 2,
        "unitPrice": "$2.00 / 1EA"
    },
    {
        "category": "household",
        "href": "https://www.woolworths.com.au/shop/productdetails/751955/woolworths-clip-board-a4",
        "imgName": "751955.jpg",
        "imgSrc": "https://cdn0.woolworths.media/content/wowproductimages/medium/751955.jpg",
        "name": "Woolworths Clip Board A4 each",
        "price": 3.5
    },
    {
        "category": "household",
        "href": "https://www.woolworths.com.au/shop/productdetails/572342/umbrella-mens-big-brolly-black",
        "imgName": "default.png",
        "imgSrc": "https://cdn0.woolworths.media/content/wowproductimages/large/default.png",
        "name": "Umbrella Mens Big Brolly Black each",
        "price": 17.95
    },
    {
        "category": "household",
        "href": "https://www.woolworths.com.au/shop/productdetails/712679/logitech-keyboard-mouse-combo-mk220",
        "imgName": "712679.jpg",
        "imgSrc": "https://cdn0.woolworths.media/content/wowproductimages/medium/712679.jpg",
        "name": "Logitech Keyboard & Mouse Combo Mk220 each",
        "price": 29.95
    },
    {
        "category": "household",
        "href": "https://www.woolworths.com.au/shop/productdetails/524409/epson-252-4-color",
        "imgName": "524409.jpg",
        "imgSrc": "https://cdn0.woolworths.media/content/wowproductimages/medium/524409.jpg",
        "name": "Epson 252 4 Color value pack",
        "price": 91
    },
    {
        "category": "household",
        "href": "https://www.woolworths.com.au/shop/productdetails/789971/party-entertaining-paper-cups",
        "imgName": "789971.jpg",
        "imgSrc": "https://cdn0.woolworths.media/content/wowproductimages/medium/789971.jpg",
        "name": "Party Entertaining Paper Cups 10pk",
        "price": 2,
        "unitPrice": "$0.20 / 1EA"
    },
    {
        "category": "household",
        "href": "https://www.woolworths.com.au/shop/productdetails/614429/paperclick-zipper-binder",
        "imgName": "614429.jpg",
        "imgSrc": "https://cdn0.woolworths.media/content/wowproductimages/medium/614429.jpg",
        "name": "Paperclick Zipper Binder  1ea",
        "price": 5
    },
    {
        "category": "household",
        "href": "https://www.woolworths.com.au/shop/productdetails/648151/sistema-laundry-basket",
        "imgName": "648151.jpg",
        "imgSrc": "https://cdn0.woolworths.media/content/wowproductimages/medium/648151.jpg",
        "name": "Sistema Laundry Basket  37l",
        "price": 20
    },
    {
        "category": "household",
        "href": "https://www.woolworths.com.au/shop/productdetails/769576/home-essentials-kitchen-manchester-double-glove-plain",
        "imgName": "769576.jpg",
        "imgSrc": "https://cdn0.woolworths.media/content/wowproductimages/medium/769576.jpg",
        "name": "Home Essentials Kitchen Manchester Double Glove Plain each",
        "price": 7,
        "unitPrice": "$7.00 / 1EA"
    },
    {
        "category": "household",
        "href": "https://www.woolworths.com.au/shop/productdetails/20298/scotch-brite-heavy-duty-foam-scourer-3x-longer",
        "imgName": "020298.jpg",
        "imgSrc": "https://cdn0.woolworths.media/content/wowproductimages/medium/020298.jpg",
        "name": "Scotch-brite Heavy Duty Foam Scourer 3x Longer 2pk",
        "price": 2.79,
        "unitPrice": "$1.40 / 1EA"
    },
    {
        "category": "household",
        "href": "https://www.woolworths.com.au/shop/productdetails/789720/party-balloons-animals",
        "imgName": "789720.jpg",
        "imgSrc": "https://cdn0.woolworths.media/content/wowproductimages/medium/789720.jpg",
        "name": "Party Balloons Animals 12pk",
        "price": 6,
        "unitPrice": "$0.50 / 1EA"
    },
    {
        "category": "household",
        "href": "https://www.woolworths.com.au/shop/productdetails/598221/dynamo-professional-laundry-liquid-5-in-1-wash",
        "imgName": "598221.jpg",
        "imgSrc": "https://cdn0.woolworths.media/content/wowproductimages/medium/598221.jpg",
        "name": "Dynamo Professional Laundry Liquid 5 In 1 Wash 900ml",
        "price": 11,
        "unitPrice": "$12.22 / 1L"
    },
    {
        "category": "household",
        "href": "https://www.woolworths.com.au/shop/productdetails/201055/preen-vanish-oxiaction-stain-remover-trigger",
        "imgName": "201055.jpg",
        "imgSrc": "https://cdn0.woolworths.media/content/wowproductimages/medium/201055.jpg",
        "name": "Preen Vanish Oxiaction Stain Remover Trigger 375ml",
        "price": 4.75,
        "unitPrice": "$12.67 / 1L"
    },
    {
        "category": "household",
        "href": "https://www.woolworths.com.au/shop/productdetails/2577/razzamatazz-knee-hi-sheer-soft-tan",
        "imgName": "002577.jpg",
        "imgSrc": "https://cdn0.woolworths.media/content/wowproductimages/medium/002577.jpg",
        "name": "Razzamatazz Knee Hi Sheer Soft Tan 2pk",
        "price": 6
    },
    {
        "category": "household",
        "href": "https://www.woolworths.com.au/shop/productdetails/597077/radiant-laundry-liquid-white-lilly-gardenia-mandarin-blossoms",
        "imgName": "597077.jpg",
        "imgSrc": "https://cdn0.woolworths.media/content/wowproductimages/medium/597077.jpg",
        "name": "Radiant Laundry Liquid White Lilly Gardenia & Mandarin Blossoms 2l",
        "price": 9.5,
        "unitPrice": "$4.75 / 1L"
    },
    {
        "category": "household",
        "href": "https://www.woolworths.com.au/shop/productdetails/882279/woolworths-notebook-a4",
        "imgName": "882279.jpg",
        "imgSrc": "https://cdn0.woolworths.media/content/wowproductimages/medium/882279.jpg",
        "name": "Woolworths Notebook A4 120pg 5pk",
        "price": 9
    },
    {
        "category": "household",
        "href": "https://www.woolworths.com.au/shop/productdetails/579732/bzyoo-thermal-drink-flask-500ml-assorted-colours",
        "imgName": "579732.jpg",
        "imgSrc": "https://cdn0.woolworths.media/content/wowproductimages/medium/579732.jpg",
        "name": "Bzyoo Thermal Drink Flask 500ml Assorted Colours each",
        "price": 16
    },
    {
        "category": "household",
        "href": "https://www.woolworths.com.au/shop/productdetails/657375/columbia-hb-led-pencil",
        "imgName": "657375.jpg",
        "imgSrc": "https://cdn0.woolworths.media/content/wowproductimages/medium/657375.jpg",
        "name": "Columbia Hb Led Pencil  5pk",
        "price": 4
    },
    {
        "category": "household",
        "href": "https://www.woolworths.com.au/shop/productdetails/788171/party-candle-metallics-number-0",
        "imgName": "788171.jpg",
        "imgSrc": "https://cdn0.woolworths.media/content/wowproductimages/medium/788171.jpg",
        "name": "Party Candle Metallics Number 0 each",
        "price": 1,
        "unitPrice": "$1.00 / 1EA"
    },
    {
        "category": "household",
        "href": "https://www.woolworths.com.au/shop/productdetails/731141/microfibre-bath-mat-cappucino-48x78cm",
        "imgName": "731141.jpg",
        "imgSrc": "https://cdn0.woolworths.media/content/wowproductimages/medium/731141.jpg",
        "name": "Microfibre Bath Mat Cappucino 48x78cm each",
        "price": 20
    },
    {
        "category": "household",
        "href": "https://www.woolworths.com.au/shop/productdetails/231202/essentials-sheer-knee-high-stocking-black-one-size",
        "imgName": "231202.jpg",
        "imgSrc": "https://cdn0.woolworths.media/content/wowproductimages/medium/231202.jpg",
        "name": "Essentials Sheer Knee High Stocking Black One Size 4pk",
        "price": 4
    },
    {
        "category": "household",
        "href": "https://www.woolworths.com.au/shop/productdetails/505738/inspire-stainless-steel-cake-server",
        "imgName": "505738.jpg",
        "imgSrc": "https://cdn0.woolworths.media/content/wowproductimages/medium/505738.jpg",
        "name": "Inspire Stainless Steel Cake Server  each",
        "price": 6
    },
    {
        "category": "household",
        "href": "https://www.woolworths.com.au/shop/productdetails/472722/inspire-dinnerset-embossed",
        "imgName": "472722.jpg",
        "imgSrc": "https://cdn0.woolworths.media/content/wowproductimages/medium/472722.jpg",
        "name": "Inspire Dinnerset Embossed 12pce",
        "price": 45
    },
    {
        "category": "household",
        "href": "https://www.woolworths.com.au/shop/productdetails/262176/chevron-aaa-batteries-alkaline",
        "imgName": "262176.jpg",
        "imgSrc": "https://cdn0.woolworths.media/content/wowproductimages/medium/262176.jpg",
        "name": "Chevron Aaa Batteries Alkaline 10pk",
        "price": 5.5,
        "unitPrice": "$0.55 / 1EA"
    },
    {
        "category": "household",
        "href": "https://www.woolworths.com.au/shop/productdetails/789032/party-loot-bags-happy-birthday",
        "imgName": "789032.jpg",
        "imgSrc": "https://cdn0.woolworths.media/content/wowproductimages/medium/789032.jpg",
        "name": "Party Loot Bags Happy Birthday 10pk",
        "price": 2,
        "unitPrice": "$0.20 / 1EA"
    },
    {
        "category": "household",
        "href": "https://www.woolworths.com.au/shop/productdetails/759426/home-essentials-bath-mat-toggle-contour-steel",
        "imgName": "759426.jpg",
        "imgSrc": "https://cdn0.woolworths.media/content/wowproductimages/medium/759426.jpg",
        "name": "Home Essentials Bath Mat Toggle Contour Steel 50x50cm",
        "price": 15
    },
    {
        "category": "household",
        "href": "https://www.woolworths.com.au/shop/productdetails/261022/habee-savers-elastics-braided-white-6mmx5m",
        "imgName": "261022.jpg",
        "imgSrc": "https://cdn0.woolworths.media/content/wowproductimages/medium/261022.jpg",
        "name": "Habee Savers Elastics Braided White 6mmx5m 1pk",
        "price": 5
    },
    {
        "category": "household",
        "href": "https://www.woolworths.com.au/shop/productdetails/521449/papermate-inkjoy-gel-0-7-blue",
        "imgName": "521449.jpg",
        "imgSrc": "https://cdn0.woolworths.media/content/wowproductimages/medium/521449.jpg",
        "name": "Papermate Inkjoy Gel 0.7 Blue 1pk",
        "price": 5,
        "unitPrice": "$5.00 / 1EA"
    },
    {
        "category": "household",
        "href": "https://www.woolworths.com.au/shop/productdetails/651554/columbia-hexagonal-2b-led-pencils",
        "imgName": "651554.jpg",
        "imgSrc": "https://cdn0.woolworths.media/content/wowproductimages/medium/651554.jpg",
        "name": "Columbia Hexagonal 2b Led Pencils 3pk",
        "price": 2.5
    },
    {
        "category": "household",
        "href": "https://www.woolworths.com.au/shop/productdetails/788875/party-banner-happy-birthdday-bunting",
        "imgName": "788875.jpg",
        "imgSrc": "https://cdn0.woolworths.media/content/wowproductimages/medium/788875.jpg",
        "name": "Party Banner Happy Birthdday Bunting 3.6m each",
        "price": 3,
        "unitPrice": "$3.00 / 1EA"
    },
    {
        "category": "household",
        "href": "https://www.woolworths.com.au/shop/productdetails/789190/party-entertaining-paper-bowls",
        "imgName": "789190.jpg",
        "imgSrc": "https://cdn0.woolworths.media/content/wowproductimages/medium/789190.jpg",
        "name": "Party Entertaining Paper Bowls 10pk",
        "price": 2,
        "unitPrice": "$0.20 / 1EA"
    },
    {
        "category": "household",
        "href": "https://www.woolworths.com.au/shop/productdetails/245911/decor-tellfresh-storer-square",
        "imgName": "245911.jpg",
        "imgSrc": "https://cdn0.woolworths.media/content/wowproductimages/medium/245911.jpg",
        "name": "Decor Tellfresh Storer Square 175ml 6pk",
        "price": 12.99,
        "unitPrice": "$2.17 / 1EA"
    },
    {
        "category": "household",
        "href": "https://www.woolworths.com.au/shop/productdetails/232178/australian-traveller",
        "imgName": "232178.jpg",
        "imgSrc": "https://cdn0.woolworths.media/content/wowproductimages/medium/232178.jpg",
        "name": "Australian Traveller",
        "price": 9.95
    },
    {
        "category": "household",
        "href": "https://www.woolworths.com.au/shop/productdetails/572060/philips-led-2000lm-cool-edison-screw",
        "imgName": "572060.jpg",
        "imgSrc": "https://cdn0.woolworths.media/content/wowproductimages/medium/572060.jpg",
        "name": "Philips Led 2000lm Cool Edison Screw 1pk",
        "price": 24.5
    },
    {
        "category": "household",
        "href": "https://www.woolworths.com.au/shop/productdetails/213080/yates-garden-zero-bindii-and-clover-killer",
        "imgName": "213080.jpg",
        "imgSrc": "https://cdn0.woolworths.media/content/wowproductimages/medium/213080.jpg",
        "name": "Yates Garden Zero Bindii And Clover Killer 500ml",
        "price": 10.8,
        "unitPrice": "$2.16 / 100ML"
    },
    {
        "category": "household",
        "href": "https://www.woolworths.com.au/shop/productdetails/305968/ambi-pur-car-premium-clip-air-freshener-for-her-refill",
        "imgName": "305968.jpg",
        "imgSrc": "https://cdn0.woolworths.media/content/wowproductimages/medium/305968.jpg",
        "name": "Ambi Pur Car Premium Clip Air Freshener For Her Refill 2x7.5ml",
        "price": 10,
        "unitPrice": "$7.14 / 10ML"
    },
    {
        "category": "household",
        "href": "https://www.woolworths.com.au/shop/productdetails/451720/vanish-gold-stain-remover-oxi-action",
        "imgName": "451720.jpg",
        "imgSrc": "https://cdn0.woolworths.media/content/wowproductimages/medium/451720.jpg",
        "name": "Vanish Gold Stain Remover Oxi Action 2kg",
        "price": 19.99,
        "unitPrice": "$10.00 / 1KG"
    },
    {
        "category": "household",
        "href": "https://www.woolworths.com.au/shop/productdetails/428929/biozet-attack-front-top-loader-laundry-powder",
        "imgName": "428929.jpg",
        "imgSrc": "https://cdn0.woolworths.media/content/wowproductimages/medium/428929.jpg",
        "name": "Biozet Attack Front & Top Loader Laundry Powder 1kg",
        "price": 10.99,
        "unitPrice": "$10.99 / 1KG"
    },
    {
        "category": "household",
        "href": "https://www.woolworths.com.au/shop/productdetails/262173/chevron-aa-batteries-alkaline",
        "imgName": "262173.jpg",
        "imgSrc": "https://cdn0.woolworths.media/content/wowproductimages/medium/262173.jpg",
        "name": "Chevron Aa Batteries Alkaline 10pk",
        "price": 5.5,
        "unitPrice": "$0.55 / 1EA"
    },
    {
        "category": "household",
        "href": "https://www.woolworths.com.au/shop/productdetails/794903/binkill-insect-control",
        "imgName": "794903.jpg",
        "imgSrc": "https://cdn0.woolworths.media/content/wowproductimages/medium/794903.jpg",
        "name": "Binkill Insect Control  10.5g",
        "price": 9.5,
        "unitPrice": "$90.48 / 100G"
    },
    {
        "category": "household",
        "href": "https://www.woolworths.com.au/shop/productdetails/361962/glad-snap-lock-mini-combo-storage-bags",
        "imgName": "361962.jpg",
        "imgSrc": "https://cdn0.woolworths.media/content/wowproductimages/medium/361962.jpg",
        "name": "Glad Snap Lock Mini Combo Storage Bags 70pk",
        "price": 5.2,
        "unitPrice": "$0.07 / 1EA"
    },
    {
        "category": "household",
        "href": "https://www.woolworths.com.au/shop/productdetails/569127/razzamatazz-40d-opaque-no-dig-knee-hi",
        "imgName": "569127.jpg",
        "imgSrc": "https://cdn0.woolworths.media/content/wowproductimages/medium/569127.jpg",
        "name": "Razzamatazz 40d Opaque No Dig Knee Hi 2pk",
        "price": 7
    },
    {
        "category": "household",
        "href": "https://www.woolworths.com.au/shop/productdetails/615013/paperclick-padded-envelopes-size-1",
        "imgName": "615013.jpg",
        "imgSrc": "https://cdn0.woolworths.media/content/wowproductimages/medium/615013.jpg",
        "name": "Paperclick Padded Envelopes Size 1 5pk",
        "price": 4
    },
    {
        "category": "household",
        "href": "https://www.woolworths.com.au/shop/productdetails/583406/philips-led-470lm-cool-bayonet-cap",
        "imgName": "583406.jpg",
        "imgSrc": "https://cdn0.woolworths.media/content/wowproductimages/medium/583406.jpg",
        "name": "Philips Led 470lm Cool Bayonet Cap 1pk",
        "price": 7,
        "unitPrice": "$7.00 / 1EA"
    },
    {
        "category": "household",
        "href": "https://www.woolworths.com.au/shop/productdetails/551290/olsent-clear-halogen-globe-42-watt",
        "imgName": "551290.jpg",
        "imgSrc": "https://cdn0.woolworths.media/content/wowproductimages/medium/551290.jpg",
        "name": "Olsent Clear Halogen Globe 42 Watt 2pk",
        "price": 5,
        "unitPrice": "$2.50 / 1EA"
    },
    {
        "category": "household",
        "href": "https://www.woolworths.com.au/shop/productdetails/587104/zak-cars-3-melamine-plate",
        "imgName": "587104.jpg",
        "imgSrc": "https://cdn0.woolworths.media/content/wowproductimages/medium/587104.jpg",
        "name": "Zak Cars 3 Melamine Plate each",
        "price": 5
    },
    {
        "category": "household",
        "href": "https://www.woolworths.com.au/shop/productdetails/790726/party-entertaining-tablecloth-plastic",
        "imgName": "790726.jpg",
        "imgSrc": "https://cdn0.woolworths.media/content/wowproductimages/medium/790726.jpg",
        "name": "Party Entertaining Tablecloth Plastic each",
        "price": 2
    },
    {
        "category": "household",
        "href": "https://www.woolworths.com.au/shop/productdetails/788113/sistema-plasticware-knick-knack-medium",
        "imgName": "788113.jpg",
        "imgSrc": "https://cdn0.woolworths.media/content/wowproductimages/medium/788113.jpg",
        "name": "Sistema Plasticware Knick Knack Medium 3pk",
        "price": 7.49
    },
    {
        "category": "household",
        "href": "https://www.woolworths.com.au/shop/productdetails/827464/essentials-matte-tights-40d-black-tall",
        "imgName": "827464.jpg",
        "imgSrc": "https://cdn0.woolworths.media/content/wowproductimages/medium/827464.jpg",
        "name": "Essentials Matte Tights 40d Black Tall 3pk",
        "price": 9
    },
    {
        "category": "household",
        "href": "https://www.woolworths.com.au/shop/productdetails/404417/hollywood-fashion-tape-shapes",
        "imgName": "404417.jpg",
        "imgSrc": "https://cdn0.woolworths.media/content/wowproductimages/medium/404417.jpg",
        "name": "Hollywood Fashion Tape Shapes 24pk",
        "price": 17.95
    },
    {
        "category": "household",
        "href": "https://www.woolworths.com.au/shop/productdetails/923985/wiltshire-stainless-steel-tomato-knife-12cm",
        "imgName": "923985.jpg",
        "imgSrc": "https://cdn0.woolworths.media/content/wowproductimages/medium/923985.jpg",
        "name": "Wiltshire Stainless Steel Tomato Knife 12cm each",
        "price": 14
    },
    {
        "category": "household",
        "href": "https://www.woolworths.com.au/shop/productdetails/740487/philips-reflector-r39-globe-30w-ses-base",
        "imgName": "740487.jpg",
        "imgSrc": "https://cdn0.woolworths.media/content/wowproductimages/medium/740487.jpg",
        "name": "Philips Reflector R39 Globe 30w Ses Base each",
        "price": 4.4,
        "unitPrice": "$4.40 / 1EA"
    },
    {
        "category": "household",
        "href": "https://www.woolworths.com.au/shop/productdetails/743175/method-glass-surface-cleaner",
        "imgName": "743175.jpg",
        "imgSrc": "https://cdn0.woolworths.media/content/wowproductimages/medium/743175.jpg",
        "name": "Method Glass & Surface Cleaner  828ml",
        "price": 6,
        "unitPrice": "$0.72 / 100ML"
    },
    {
        "category": "household",
        "href": "https://www.woolworths.com.au/shop/productdetails/866668/duck-citrus-bleach-fresh-discs-refill",
        "imgName": "866668.jpg",
        "imgSrc": "https://cdn0.woolworths.media/content/wowproductimages/medium/866668.jpg",
        "name": "Duck Citrus Bleach Fresh Discs Refill 2x36ml",
        "price": 9.7,
        "unitPrice": "$1.35 / 10ML"
    },
    {
        "category": "household",
        "href": "https://www.woolworths.com.au/shop/productdetails/706066/air-wick-manual-spray-air-freshener-sparkling-citrus",
        "imgName": "706066.jpg",
        "imgSrc": "https://cdn0.woolworths.media/content/wowproductimages/medium/706066.jpg",
        "name": "Air Wick Manual Spray Air Freshener Sparkling Citrus 237g",
        "price": 2.49,
        "unitPrice": "$0.11 / 10G"
    },
    {
        "category": "household",
        "href": "https://www.woolworths.com.au/shop/productdetails/899031/off-clip-on-mosquito-repellent-refills",
        "imgName": "899031.jpg",
        "imgSrc": "https://cdn0.woolworths.media/content/wowproductimages/medium/899031.jpg",
        "name": "Off Clip On Mosquito Repellent Refills  2pk",
        "price": 8.99,
        "unitPrice": "$4.50 / 1EA"
    },
    {
        "category": "household",
        "href": "https://www.woolworths.com.au/shop/productdetails/883970/brita-fill-and-go-gen-pink",
        "imgName": "883970.jpg",
        "imgSrc": "https://cdn0.woolworths.media/content/wowproductimages/medium/883970.jpg",
        "name": "Brita Fill And Go Gen Pink each",
        "price": 21
    },
    {
        "category": "household",
        "href": "https://www.woolworths.com.au/shop/productdetails/572052/philips-led-scene-switch-dimmable-gu10",
        "imgName": "572052.jpg",
        "imgSrc": "https://cdn0.woolworths.media/content/wowproductimages/medium/572052.jpg",
        "name": "Philips Led Scene Switch Dimmable Gu10 1pk",
        "price": 17
    },
    {
        "category": "household",
        "href": "https://www.woolworths.com.au/shop/productdetails/923968/wiltshire-stainless-steel-utility-knife-12cm",
        "imgName": "923968.jpg",
        "imgSrc": "https://cdn0.woolworths.media/content/wowproductimages/medium/923968.jpg",
        "name": "Wiltshire Stainless Steel Utility Knife 12cm each",
        "price": 14
    },
    {
        "category": "household",
        "href": "https://www.woolworths.com.au/shop/productdetails/752017/woolworths-essentials-folder-subject-divider-a4-10-tab",
        "imgName": "752017.jpg",
        "imgSrc": "https://cdn0.woolworths.media/content/wowproductimages/medium/752017.jpg",
        "name": "Woolworths Essentials Folder Subject Divider A4 10 Tab each",
        "price": 3.5
    },
    {
        "category": "household",
        "href": "https://www.woolworths.com.au/shop/productdetails/521959/essentials-paring-knife",
        "imgName": "521959.jpg",
        "imgSrc": "https://cdn0.woolworths.media/content/wowproductimages/medium/521959.jpg",
        "name": "Essentials Paring Knife  ea",
        "price": 2
    },
    {
        "category": "household",
        "href": "https://www.woolworths.com.au/shop/productdetails/663735/toshiba-sa03-16gb-usb-3-0",
        "imgName": "663735.jpg",
        "imgSrc": "https://cdn0.woolworths.media/content/wowproductimages/medium/663735.jpg",
        "name": "Toshiba Sa03 16gb Usb 3.0  each",
        "price": 19
    },
    {
        "category": "household",
        "href": "https://www.woolworths.com.au/shop/productdetails/713679/hp-printer-ink-901-black-cc653aa",
        "imgName": "713679.jpg",
        "imgSrc": "https://cdn0.woolworths.media/content/wowproductimages/medium/713679.jpg",
        "name": "Hp Printer Ink 901 Black Cc653aa each",
        "price": 35
    },
    {
        "category": "household",
        "href": "https://www.woolworths.com.au/shop/productdetails/610969/paperclick-glue-stick-blue",
        "imgName": "610969.jpg",
        "imgSrc": "https://cdn0.woolworths.media/content/wowproductimages/medium/610969.jpg",
        "name": "Paperclick Glue Stick Blue 2pk",
        "price": 3.5
    },
    {
        "category": "household",
        "href": "https://www.woolworths.com.au/shop/productdetails/495557/reusable-food-storage-container-1-5l",
        "imgName": "495557.jpg",
        "imgSrc": "https://cdn0.woolworths.media/content/wowproductimages/medium/495557.jpg",
        "name": "Reusable Food Storage Container 1.5l 2pk",
        "price": 5,
        "unitPrice": "$5.00 / 1EA"
    },
    {
        "category": "household",
        "href": "https://www.woolworths.com.au/shop/productdetails/706652/glade-sense-spray-automatic-spray-air-freshener-hawaii-br-refill",
        "imgName": "706652.jpg",
        "imgSrc": "https://cdn0.woolworths.media/content/wowproductimages/medium/706652.jpg",
        "name": "Glade Sense & Spray Automatic Spray Air Freshener Hawaii Br Refill 12.2g",
        "price": 6.25,
        "unitPrice": "$5.12 / 10G"
    },
    {
        "category": "household",
        "href": "https://www.woolworths.com.au/shop/productdetails/18683/mr-bbq-bbq-accessory-stainless-steel-tong-40cm",
        "imgName": "018683.jpg",
        "imgSrc": "https://cdn0.woolworths.media/content/wowproductimages/medium/018683.jpg",
        "name": "Mr Bbq Bbq Accessory Stainless Steel Tong 40cm each",
        "price": 5,
        "unitPrice": "$5.00 / 1EA"
    },
    {
        "category": "household",
        "href": "https://www.woolworths.com.au/shop/productdetails/700594/comfort-fabric-conditioner-sunshiny-days",
        "imgName": "700594.jpg",
        "imgSrc": "https://cdn0.woolworths.media/content/wowproductimages/medium/700594.jpg",
        "name": "Comfort Fabric Conditioner Sunshiny Days 800ml",
        "price": 6.99,
        "unitPrice": "$8.74 / 1L"
    },
    {
        "category": "household",
        "href": "https://www.woolworths.com.au/shop/productdetails/566946/adesso-ceramic-heater",
        "imgName": "566946.jpg",
        "imgSrc": "https://cdn0.woolworths.media/content/wowproductimages/medium/566946.jpg",
        "name": "Adesso Ceramic Heater  each",
        "price": 20
    },
    {
        "category": "household",
        "href": "https://www.woolworths.com.au/shop/productdetails/947197/zak-2-piece-cutlery-set-sipderman",
        "imgName": "947197.jpg",
        "imgSrc": "https://cdn0.woolworths.media/content/wowproductimages/medium/947197.jpg",
        "name": "Zak 2 Piece Cutlery Set Sipderman each",
        "price": 6
    },
    {
        "category": "household",
        "href": "https://www.woolworths.com.au/shop/productdetails/947198/zak-2-piece-cutlery-set-frozen-fever",
        "imgName": "947198.jpg",
        "imgSrc": "https://cdn0.woolworths.media/content/wowproductimages/medium/947198.jpg",
        "name": "Zak 2 Piece Cutlery Set Frozen Fever each",
        "price": 6
    },
    {
        "category": "household",
        "href": "https://www.woolworths.com.au/shop/productdetails/455893/kambrook-toaster-2-slice",
        "imgName": "455893.jpg",
        "imgSrc": "https://cdn0.woolworths.media/content/wowproductimages/medium/455893.jpg",
        "name": "Kambrook Toaster 2 Slice each",
        "price": 45
    },
    {
        "category": "household",
        "href": "https://www.woolworths.com.au/shop/productdetails/634270/philips-led-470lm-candle-warm-white-small-edison-screw",
        "imgName": "634270.jpg",
        "imgSrc": "https://cdn0.woolworths.media/content/wowproductimages/medium/634270.jpg",
        "name": "Philips Led 470lm Candle Warm White Small Edison Screw 1pk",
        "price": 13,
        "unitPrice": "$13.00 / 1EA"
    },
    {
        "category": "household",
        "href": "https://www.woolworths.com.au/shop/productdetails/825543/dr-beckmann-stain-devils-ball-point-ink-remover",
        "imgName": "825543.jpg",
        "imgSrc": "https://cdn0.woolworths.media/content/wowproductimages/medium/825543.jpg",
        "name": "Dr Beckmann Stain Devils Ball Point Ink Remover 50ml",
        "price": 3.99,
        "unitPrice": "$79.80 / 1L"
    },
    {
        "category": "household",
        "href": "https://www.woolworths.com.au/shop/productdetails/381860/hp-advanced-glossy-paper-4x6",
        "imgName": "381860.jpg",
        "imgSrc": "https://cdn0.woolworths.media/content/wowproductimages/medium/381860.jpg",
        "name": "Hp Advanced Glossy Paper 4x6 60pk",
        "price": 15
    },
    {
        "category": "household",
        "href": "https://www.woolworths.com.au/shop/productdetails/751896/woolworths-essentials-sticker-colour-dots",
        "imgName": "751896.jpg",
        "imgSrc": "https://cdn0.woolworths.media/content/wowproductimages/medium/751896.jpg",
        "name": "Woolworths Essentials Sticker Colour Dots 120pk",
        "price": 2
    },
    {
        "category": "household",
        "href": "https://www.woolworths.com.au/shop/productdetails/730130/selleys-grease-grime-bbq-accessory-cleaner",
        "imgName": "730130.jpg",
        "imgSrc": "https://cdn0.woolworths.media/content/wowproductimages/medium/730130.jpg",
        "name": "Selleys Grease & Grime Bbq Accessory Cleaner 500ml",
        "price": 8.8,
        "unitPrice": "$1.76 / 100ML"
    },
    {
        "category": "household",
        "href": "https://www.woolworths.com.au/shop/productdetails/355232/earthstone-bbq-accessory-grill-stone-block",
        "imgName": "355232.jpg",
        "imgSrc": "https://cdn0.woolworths.media/content/wowproductimages/medium/355232.jpg",
        "name": "Earthstone Bbq Accessory Grill Stone Block each",
        "price": 10.5
    },
    {
        "category": "household",
        "href": "https://www.woolworths.com.au/shop/productdetails/12143/woolworths-essentials-womens-socks-crew-white",
        "imgName": "012143.jpg",
        "imgSrc": "https://cdn0.woolworths.media/content/wowproductimages/medium/012143.jpg",
        "name": "Woolworths Essentials Womens Socks Crew-white size 2-8 3pk",
        "price": 9,
        "unitPrice": "$3.00 / 1EA"
    },
    {
        "category": "household",
        "href": "https://www.woolworths.com.au/shop/productdetails/545636/cold-power-sensitive-front-top-powder",
        "imgName": "545636.jpg",
        "imgSrc": "https://cdn0.woolworths.media/content/wowproductimages/medium/545636.jpg",
        "name": "Cold Power Sensitive Front & Top Powder 2kg",
        "price": 16.5,
        "unitPrice": "$8.25 / 1KG"
    },
    {
        "category": "household",
        "href": "https://www.woolworths.com.au/shop/productdetails/517049/select-kitchen-tidy-bag-lemon-scented-small",
        "imgName": "517049.jpg",
        "imgSrc": "https://cdn0.woolworths.media/content/wowproductimages/medium/517049.jpg",
        "name": "Select Kitchen Tidy Bag Lemon Scented Small 40pk",
        "price": 2.5,
        "unitPrice": "$0.06 / 1EA"
    },
    {
        "category": "household",
        "href": "https://www.woolworths.com.au/shop/productdetails/544987/cold-power-2-in-1-laundry-powder-with-a-touch-of-fabric-softner",
        "imgName": "544987.jpg",
        "imgSrc": "https://cdn0.woolworths.media/content/wowproductimages/medium/544987.jpg",
        "name": "Cold Power 2 In 1 Laundry Powder With A Touch Of Fabric Softner 1.8kg",
        "price": 16.5,
        "unitPrice": "$9.17 / 1KG"
    },
    {
        "category": "household",
        "href": "https://www.woolworths.com.au/shop/productdetails/100306/weight-watchers-magazine",
        "imgName": "100306.jpg",
        "imgSrc": "https://cdn0.woolworths.media/content/wowproductimages/medium/100306.jpg",
        "name": "Weight Watchers Magazine  each",
        "price": 6.95
    },
    {
        "category": "household",
        "href": "https://www.woolworths.com.au/shop/productdetails/237675/glad-snap-lock-sandwich-bags",
        "imgName": "237675.jpg",
        "imgSrc": "https://cdn0.woolworths.media/content/wowproductimages/medium/237675.jpg",
        "name": "Glad Snap Lock Sandwich Bags 100pk",
        "price": 5.5,
        "unitPrice": "$0.06 / 1EA"
    },
    {
        "category": "household",
        "href": "https://www.woolworths.com.au/shop/productdetails/1846/pine-o-cleen-disinfectant-pine",
        "imgName": "001846.jpg",
        "imgSrc": "https://cdn0.woolworths.media/content/wowproductimages/medium/001846.jpg",
        "name": "Pine O Cleen Disinfectant Pine 1.25l",
        "price": 5,
        "unitPrice": "$0.40 / 100ML"
    },
    {
        "category": "household",
        "href": "https://www.woolworths.com.au/shop/productdetails/12578/eveready-super-heavy-duty-type-d-batteries",
        "imgName": "012578.jpg",
        "imgSrc": "https://cdn0.woolworths.media/content/wowproductimages/medium/012578.jpg",
        "name": "Eveready Super Heavy Duty Type D Batteries  4pk",
        "price": 7.99,
        "unitPrice": "$2.00 / 1EA"
    },
    {
        "category": "household",
        "href": "https://www.woolworths.com.au/shop/productdetails/744881/energizer-button-batteries-a76",
        "imgName": "744881.jpg",
        "imgSrc": "https://cdn0.woolworths.media/content/wowproductimages/medium/744881.jpg",
        "name": "Energizer Button Batteries A76 4pk",
        "price": 8.98,
        "unitPrice": "$2.25 / 1EA"
    },
    {
        "category": "household",
        "href": "https://www.woolworths.com.au/shop/productdetails/38465/martha-gardner-wool-mix-eucalyptus",
        "imgName": "038465.jpg",
        "imgSrc": "https://cdn0.woolworths.media/content/wowproductimages/medium/038465.jpg",
        "name": "Martha Gardner Wool Mix Eucalyptus 1.25l",
        "price": 6.69,
        "unitPrice": "$5.35 / 1L"
    },
    {
        "category": "household",
        "href": "https://www.woolworths.com.au/shop/productdetails/600855/woolworths-essentials-womens-socks-casual-crew-size-8-11",
        "imgName": "600855.jpg",
        "imgSrc": "https://cdn0.woolworths.media/content/wowproductimages/medium/600855.jpg",
        "name": "Woolworths Essentials Womens Socks Casual Crew Size 8-11 3pk",
        "price": 7,
        "unitPrice": "$2.33 / 1EA"
    },
    {
        "category": "household",
        "href": "https://www.woolworths.com.au/shop/productdetails/729772/off-tropical-insect-repellent-pump",
        "imgName": "729772.jpg",
        "imgSrc": "https://cdn0.woolworths.media/content/wowproductimages/medium/729772.jpg",
        "name": "Off Tropical Insect Repellent Pump 175ml",
        "price": 7.3,
        "unitPrice": "$4.17 / 100ML"
    },
    {
        "category": "household",
        "href": "https://www.woolworths.com.au/shop/productdetails/787121/jamie-oliver-spatulas-set",
        "imgName": "787121.jpg",
        "imgSrc": "https://cdn0.woolworths.media/content/wowproductimages/medium/787121.jpg",
        "name": "Jamie Oliver Spatulas Set  3 piece",
        "price": 10
    },
    {
        "category": "household",
        "href": "https://www.woolworths.com.au/shop/productdetails/747024/master-lock-combination-cable-luggage-lock",
        "imgName": "747024.jpg",
        "imgSrc": "https://cdn0.woolworths.media/content/wowproductimages/medium/747024.jpg",
        "name": "Master Lock Combination Cable Luggage Lock each",
        "price": 16
    },
    {
        "category": "household",
        "href": "https://www.woolworths.com.au/shop/productdetails/262021/philips-circular-fluoro-tube-32w",
        "imgName": "262021.jpg",
        "imgSrc": "https://cdn0.woolworths.media/content/wowproductimages/medium/262021.jpg",
        "name": "Philips Circular Fluoro Tube 32w each",
        "price": 13.2
    },
    {
        "category": "household",
        "href": "https://www.woolworths.com.au/shop/productdetails/756642/canon-printer-ink-mg2260pr-black",
        "imgName": "756642.jpg",
        "imgSrc": "https://cdn0.woolworths.media/content/wowproductimages/medium/756642.jpg",
        "name": "Canon Printer Ink Mg2260pr Black each",
        "price": 32
    },
    {
        "category": "household",
        "href": "https://www.woolworths.com.au/shop/productdetails/18316/homebrand-freezer-bags-small",
        "imgName": "018316.jpg",
        "imgSrc": "https://cdn0.woolworths.media/content/wowproductimages/medium/018316.jpg",
        "name": "Homebrand Freezer Bags Small 120pk",
        "price": 0.6,
        "unitPrice": "$0.01 / 1EA"
    },
    {
        "category": "household",
        "href": "https://www.woolworths.com.au/shop/productdetails/300313/energizer-button-battery-bp1-357",
        "imgName": "300313.jpg",
        "imgSrc": "https://cdn0.woolworths.media/content/wowproductimages/medium/300313.jpg",
        "name": "Energizer Button Battery Bp1 357 each",
        "price": 4.69,
        "unitPrice": "$4.69 / 1EA"
    },
    {
        "category": "household",
        "href": "https://www.woolworths.com.au/shop/productdetails/725398/woolworths-essentials-hole-punch-2-hole",
        "imgName": "725398.jpg",
        "imgSrc": "https://cdn0.woolworths.media/content/wowproductimages/medium/725398.jpg",
        "name": "Woolworths Essentials Hole Punch 2 Hole each",
        "price": 5
    },
    {
        "category": "household",
        "href": "https://www.woolworths.com.au/shop/productdetails/899014/jamie-oliver-slotted-turner-with-nylon-head",
        "imgName": "899014.jpg",
        "imgSrc": "https://cdn0.woolworths.media/content/wowproductimages/medium/899014.jpg",
        "name": "Jamie Oliver Slotted Turner With Nylon Head each",
        "price": 10
    },
    {
        "category": "household",
        "href": "https://www.woolworths.com.au/shop/productdetails/32931/sistema-storage-organiser-tubs-1-3l",
        "imgName": "032931.jpg",
        "imgSrc": "https://cdn0.woolworths.media/content/wowproductimages/medium/032931.jpg",
        "name": "Sistema Storage Organiser Tubs 1.3l 3pk",
        "price": 8
    },
    {
        "category": "household",
        "href": "https://www.woolworths.com.au/shop/productdetails/335216/energizer-advanced-aa-batteries",
        "imgName": "335216.jpg",
        "imgSrc": "https://cdn0.woolworths.media/content/wowproductimages/medium/335216.jpg",
        "name": "Energizer Advanced Aa Batteries  10pk",
        "price": 16,
        "unitPrice": "$1.60 / 1EA"
    },
    {
        "category": "household",
        "href": "https://www.woolworths.com.au/shop/productdetails/35372/kolotex-sheer-relief-pantyhose-control-support-black-tall",
        "imgName": "035372.jpg",
        "imgSrc": "https://cdn0.woolworths.media/content/wowproductimages/medium/035372.jpg",
        "name": "Kolotex Sheer Relief Pantyhose Control Support Black Tall each",
        "price": 8
    },
    {
        "category": "household",
        "href": "https://www.woolworths.com.au/shop/productdetails/283009/national-geographic",
        "imgName": "283009.jpg",
        "imgSrc": "https://cdn0.woolworths.media/content/wowproductimages/medium/283009.jpg",
        "name": "National Geographic",
        "price": 14.95
    },
    {
        "category": "household",
        "href": "https://www.woolworths.com.au/shop/productdetails/853993/woolworths-essentials-egg-slicer",
        "imgName": "853993.jpg",
        "imgSrc": "https://cdn0.woolworths.media/content/wowproductimages/medium/853993.jpg",
        "name": "Woolworths Essentials Egg Slicer  each",
        "price": 3
    },
    {
        "category": "household",
        "href": "https://www.woolworths.com.au/shop/productdetails/214601/papermate-kilometrico-pen-variety",
        "imgName": "214601.jpg",
        "imgSrc": "https://cdn0.woolworths.media/content/wowproductimages/medium/214601.jpg",
        "name": "Papermate Kilometrico Pen Variety 10pk",
        "price": 4.5
    },
    {
        "category": "household",
        "href": "https://www.woolworths.com.au/shop/productdetails/708399/white-king-bleach-lemon-tablets",
        "imgName": "708399.jpg",
        "imgSrc": "https://cdn0.woolworths.media/content/wowproductimages/medium/708399.jpg",
        "name": "White King Bleach Lemon Tablets 40pk",
        "price": 5.15,
        "unitPrice": "$0.13 / 1EA"
    },
    {
        "category": "household",
        "href": "https://www.woolworths.com.au/shop/productdetails/663836/toshiba-be03-16gb-usb-3-0",
        "imgName": "663836.jpg",
        "imgSrc": "https://cdn0.woolworths.media/content/wowproductimages/medium/663836.jpg",
        "name": "Toshiba Be03 16gb Usb 3.0  each",
        "price": 19
    },
    {
        "category": "household",
        "href": "https://www.woolworths.com.au/shop/productdetails/201336/triumph-scissors-orange-handle-5-5-inches-145mm",
        "imgName": "201336.jpg",
        "imgSrc": "https://cdn0.woolworths.media/content/wowproductimages/medium/201336.jpg",
        "name": "Triumph Scissors Orange Handle 5.5 Inches 145mm each",
        "price": 5
    },
    {
        "category": "household",
        "href": "https://www.woolworths.com.au/shop/productdetails/90000471/quilton-shea-butter-toilet-paper-6pk-x3-bundle",
        "imgName": "90000471.jpg",
        "imgSrc": "https://cdn0.woolworths.media/content/wowproductimages/medium/90000471.jpg",
        "name": "Quilton Shea Butter Toilet Paper 6pk X3 Bundle",
        "price": 13,
        "unitPrice": "$0.52 / 100SS"
    },
    {
        "category": "household",
        "href": "https://www.woolworths.com.au/shop/productdetails/90000844/omo-active-2l-comfort-pure-white-800ml-bundle",
        "imgName": "90000844.jpg",
        "imgSrc": "https://cdn0.woolworths.media/content/wowproductimages/medium/90000844.jpg",
        "name": "Omo Active 2l & Comfort Pure White 800ml Bundle",
        "price": 22
    },
    {
        "category": "household",
        "href": "https://www.woolworths.com.au/shop/productdetails/250481/harpic-white-shine-toilet-cleaner-bleach-gel-fresh",
        "imgName": "250481.jpg",
        "imgSrc": "https://cdn0.woolworths.media/content/wowproductimages/medium/250481.jpg",
        "name": "Harpic White & Shine Toilet Cleaner Bleach Gel Fresh 450ml",
        "price": 3,
        "unitPrice": "$0.67 / 100ML"
    },
    {
        "category": "household",
        "href": "https://www.woolworths.com.au/shop/productdetails/796589/decor-lunch-break-sandwich-box",
        "imgName": "796589.jpg",
        "imgSrc": "https://cdn0.woolworths.media/content/wowproductimages/medium/796589.jpg",
        "name": "Decor Lunch Break Sandwich Box  650ml each",
        "price": 5.99
    },
    {
        "category": "household",
        "href": "https://www.woolworths.com.au/shop/productdetails/493505/habee-savers-thread-black-white",
        "imgName": "493505.jpg",
        "imgSrc": "https://cdn0.woolworths.media/content/wowproductimages/medium/493505.jpg",
        "name": "Habee Savers Thread Black & White 2pk",
        "price": 3
    },
    {
        "category": "household",
        "href": "https://www.woolworths.com.au/shop/productdetails/165776/sistema-klip-it-plasticware-pack",
        "imgName": "165776.jpg",
        "imgSrc": "https://cdn0.woolworths.media/content/wowproductimages/medium/165776.jpg",
        "name": "Sistema Klip It Plasticware Pack 6pk",
        "price": 17.99,
        "unitPrice": "$3.00 / 1EA"
    },
    {
        "category": "household",
        "href": "https://www.woolworths.com.au/shop/productdetails/262160/chevron-9v-battery-super-heavy-duty",
        "imgName": "262160.jpg",
        "imgSrc": "https://cdn0.woolworths.media/content/wowproductimages/medium/262160.jpg",
        "name": "Chevron 9v Battery Super Heavy Duty 2pk",
        "price": 3.5,
        "unitPrice": "$1.75 / 1EA"
    },
    {
        "category": "household",
        "href": "https://www.woolworths.com.au/shop/productdetails/751898/woolworths-essentials-sticker-small-stars",
        "imgName": "751898.jpg",
        "imgSrc": "https://cdn0.woolworths.media/content/wowproductimages/medium/751898.jpg",
        "name": "Woolworths Essentials Sticker Small Stars 180pk",
        "price": 2
    },
    {
        "category": "household",
        "href": "https://www.woolworths.com.au/shop/productdetails/65897/earth-choice-floor-surface-cleaner",
        "imgName": "065897.jpg",
        "imgSrc": "https://cdn0.woolworths.media/content/wowproductimages/medium/065897.jpg",
        "name": "Earth Choice Floor Surface Cleaner 1l",
        "price": 3,
        "unitPrice": "$0.30 / 100ML"
    },
    {
        "category": "household",
        "href": "https://www.woolworths.com.au/shop/productdetails/652572/pilot-frixion-ballpoint-pen-blue",
        "imgName": "652572.jpg",
        "imgSrc": "https://cdn0.woolworths.media/content/wowproductimages/medium/652572.jpg",
        "name": "Pilot Frixion Ballpoint Pen Blue 3ea",
        "price": 9
    },
    {
        "category": "household",
        "href": "https://www.woolworths.com.au/shop/productdetails/657069/sard-wonder-super-power-stain-remover",
        "imgName": "657069.jpg",
        "imgSrc": "https://cdn0.woolworths.media/content/wowproductimages/medium/657069.jpg",
        "name": "Sard Wonder Super Power Stain Remover 450ml",
        "price": 4,
        "unitPrice": "$0.89 / 100ML"
    },
    {
        "category": "household",
        "href": "https://www.woolworths.com.au/shop/productdetails/493501/habee-savers-clear-thread-100m",
        "imgName": "493501.jpg",
        "imgSrc": "https://cdn0.woolworths.media/content/wowproductimages/medium/493501.jpg",
        "name": "Habee Savers Clear Thread 100m 3pk",
        "price": 5
    },
    {
        "category": "household",
        "href": "https://www.woolworths.com.au/shop/productdetails/500870/sistema-klip-it-tritan-canister-square",
        "imgName": "500870.jpg",
        "imgSrc": "https://cdn0.woolworths.media/content/wowproductimages/medium/500870.jpg",
        "name": "Sistema Klip It Tritan Canister Square 460ml each",
        "price": 6.5
    },
    {
        "category": "household",
        "href": "https://www.woolworths.com.au/shop/productdetails/643099/energizer-type-c-usb-1-2m-cable-braided-metallic-white",
        "imgName": "643099.jpg",
        "imgSrc": "https://cdn0.woolworths.media/content/wowproductimages/medium/643099.jpg",
        "name": "Energizer Type C Usb 1.2m Cable - Braided Metallic White each",
        "price": 20
    },
    {
        "category": "household",
        "href": "https://www.woolworths.com.au/shop/productdetails/789490/decor-pumped-stainless-steel-bottle-soft-touch-w-flip-seal",
        "imgName": "789490.jpg",
        "imgSrc": "https://cdn0.woolworths.media/content/wowproductimages/medium/789490.jpg",
        "name": "Decor Pumped Stainless Steel Bottle Soft Touch W/ Flip Seal 750ml",
        "price": 12.99
    },
    {
        "category": "household",
        "href": "https://www.woolworths.com.au/shop/productdetails/928368/woolworths-mobile-30-prepaid-mobile-starter-pack",
        "imgName": "928368.jpg",
        "imgSrc": "https://cdn0.woolworths.media/content/wowproductimages/medium/928368.jpg",
        "name": "Woolworths Mobile $30 Prepaid Mobile Starter Pack each",
        "price": 30
    },
    {
        "category": "household",
        "href": "https://www.woolworths.com.au/shop/productdetails/181992/yates-insect-control-control-spray",
        "imgName": "181992.jpg",
        "imgSrc": "https://cdn0.woolworths.media/content/wowproductimages/medium/181992.jpg",
        "name": "Yates Insect Control Control Spray 750ml",
        "price": 12.7,
        "unitPrice": "$1.69 / 100ML"
    },
    {
        "category": "household",
        "href": "https://www.woolworths.com.au/shop/productdetails/337966/ecostore-ultra-laundry-liquid-eucalyptus",
        "imgName": "337966.jpg",
        "imgSrc": "https://cdn0.woolworths.media/content/wowproductimages/medium/337966.jpg",
        "name": "Ecostore Ultra Laundry Liquid Eucalyptus 1l",
        "price": 9.99,
        "unitPrice": "$9.99 / 1L"
    },
    {
        "category": "household",
        "href": "https://www.woolworths.com.au/shop/productdetails/781685/canon-printer-ink-cl646-tri-colour-ink-tank",
        "imgName": "781685.jpg",
        "imgSrc": "https://cdn0.woolworths.media/content/wowproductimages/medium/781685.jpg",
        "name": "Canon Printer Ink Cl646 Tri Colour Ink Tank each",
        "price": 35
    },
    {
        "category": "household",
        "href": "https://www.woolworths.com.au/shop/productdetails/43498/sistema-storage-with-tray-3-86l",
        "imgName": "043498.jpg",
        "imgSrc": "https://cdn0.woolworths.media/content/wowproductimages/medium/043498.jpg",
        "name": "Sistema Storage With Tray 3.86l each",
        "price": 8
    },
    {
        "category": "household",
        "href": "https://www.woolworths.com.au/shop/productdetails/192860/multix-drawtight-degradable-garbage-bags",
        "imgName": "192860.jpg",
        "imgSrc": "https://cdn0.woolworths.media/content/wowproductimages/medium/192860.jpg",
        "name": "Multix Drawtight Degradable Garbage Bags 56l 10pk",
        "price": 3.5,
        "unitPrice": "$0.35 / 1EA"
    },
    {
        "category": "household",
        "href": "https://www.woolworths.com.au/shop/productdetails/829203/inspire-expandable-cutlery-tray",
        "imgName": "829203.jpg",
        "imgSrc": "https://cdn0.woolworths.media/content/wowproductimages/medium/829203.jpg",
        "name": "Inspire Expandable Cutlery Tray each",
        "price": 9
    },
    {
        "category": "household",
        "href": "https://www.woolworths.com.au/shop/productdetails/90000500/ambi-pur-vanilla-bliss-car-freshener-with-lavender-vanilla-air-freshener-bundle",
        "imgName": "90000500.jpg",
        "imgSrc": "https://cdn0.woolworths.media/content/wowproductimages/medium/90000500.jpg",
        "name": "Ambi Pur Vanilla Bliss Car Freshener With Lavender Vanilla Air Freshener Bundle",
        "price": 12
    },
    {
        "category": "household",
        "href": "https://www.woolworths.com.au/shop/productdetails/90000849/omo-sensitive-2l-comfort-pure-white-800ml-bundle",
        "imgName": "90000849.jpg",
        "imgSrc": "https://cdn0.woolworths.media/content/wowproductimages/medium/90000849.jpg",
        "name": "Omo Sensitive 2l & Comfort Pure White 800ml Bundle",
        "price": 22
    },
    {
        "category": "household",
        "href": "https://www.woolworths.com.au/shop/productdetails/90000495/ambi-pur-sky-freeze-car-freshener-x3-bundle",
        "imgName": "90000495.jpg",
        "imgSrc": "https://cdn0.woolworths.media/content/wowproductimages/medium/90000495.jpg",
        "name": "Ambi Pur Sky Freeze Car Freshener X3 Bundle",
        "price": 12,
        "unitPrice": "$4.00 / 1EA"
    },
    {
        "category": "household",
        "href": "https://www.woolworths.com.au/shop/productdetails/90000441/finish-powerball-dishwashing-tablets-lemon-sparkle-60pk-x3-bundle",
        "imgName": "90000441.jpg",
        "imgSrc": "https://cdn0.woolworths.media/content/wowproductimages/medium/90000441.jpg",
        "name": "Finish Powerball Dishwashing Tablets Lemon Sparkle 60pk X3 Bundle",
        "price": 65,
        "unitPrice": "$0.36 / 1EA"
    },
    {
        "category": "household",
        "href": "https://www.woolworths.com.au/shop/productdetails/4805/decor-tellfresh-container-oblong-4-0l",
        "imgName": "004805.jpg",
        "imgSrc": "https://cdn0.woolworths.media/content/wowproductimages/medium/004805.jpg",
        "name": "Decor Tellfresh Container Oblong 4.0l each",
        "price": 9.99
    },
    {
        "category": "household",
        "href": "https://www.woolworths.com.au/shop/productdetails/96803/energizer-button-batteries-a768",
        "imgName": "096803.jpg",
        "imgSrc": "https://cdn0.woolworths.media/content/wowproductimages/medium/096803.jpg",
        "name": "Energizer Button Batteries A768 2pk",
        "price": 5.39,
        "unitPrice": "$2.70 / 1EA"
    },
    {
        "category": "household",
        "href": "https://www.woolworths.com.au/shop/productdetails/177490/gbc-bathroom-rim-toilet-set",
        "imgName": "177490.jpg",
        "imgSrc": "https://cdn0.woolworths.media/content/wowproductimages/medium/177490.jpg",
        "name": "Gbc Bathroom Rim Toilet Set each",
        "price": 9.99
    },
    {
        "category": "household",
        "href": "https://www.woolworths.com.au/shop/productdetails/161877/canesten-inwash-soaker-lemon-hygiene-laundry-rinse",
        "imgName": "161877.jpg",
        "imgSrc": "https://cdn0.woolworths.media/content/wowproductimages/medium/161877.jpg",
        "name": "Canesten Inwash & Soaker Lemon Hygiene Laundry Rinse 1l",
        "price": 7.99,
        "unitPrice": "$7.99 / 1L"
    },
    {
        "category": "household",
        "href": "https://www.woolworths.com.au/shop/productdetails/214600/papermate-kilometrico-pen-blue",
        "imgName": "214600.jpg",
        "imgSrc": "https://cdn0.woolworths.media/content/wowproductimages/medium/214600.jpg",
        "name": "Papermate Kilometrico Pen Blue 10pk",
        "price": 4.5
    },
    {
        "category": "household",
        "href": "https://www.woolworths.com.au/shop/productdetails/313996/philips-eco-halogen-globe-70w-bc-base",
        "imgName": "313996.jpg",
        "imgSrc": "https://cdn0.woolworths.media/content/wowproductimages/medium/313996.jpg",
        "name": "Philips Eco Halogen Globe 70w Bc Base each",
        "price": 3.3
    },
    {
        "category": "household",
        "href": "https://www.woolworths.com.au/shop/productdetails/651974/sharpie-hardcase",
        "imgName": "651974.jpg",
        "imgSrc": "https://cdn0.woolworths.media/content/wowproductimages/medium/651974.jpg",
        "name": "Sharpie Hardcase  12ea",
        "price": 20
    },
    {
        "category": "household",
        "href": "https://www.woolworths.com.au/shop/productdetails/751879/woolworths-essentials-tape-packaging",
        "imgName": "751879.jpg",
        "imgSrc": "https://cdn0.woolworths.media/content/wowproductimages/medium/751879.jpg",
        "name": "Woolworths Essentials Tape Packaging 3pk",
        "price": 7
    },
    {
        "category": "household",
        "href": "https://www.woolworths.com.au/shop/productdetails/485720/multix-garbage-bag-drawtight",
        "imgName": "485720.jpg",
        "imgSrc": "https://cdn0.woolworths.media/content/wowproductimages/medium/485720.jpg",
        "name": "Multix Garbage Bag Drawtight 10ea",
        "price": 4.4,
        "unitPrice": "$0.44 / 1EA"
    },
    {
        "category": "household",
        "href": "https://www.woolworths.com.au/shop/productdetails/663833/toshiba-sm02-32gb-usb",
        "imgName": "663833.jpg",
        "imgSrc": "https://cdn0.woolworths.media/content/wowproductimages/medium/663833.jpg",
        "name": "Toshiba Sm02 32gb Usb  each",
        "price": 20
    },
    {
        "category": "household",
        "href": "https://www.woolworths.com.au/shop/productdetails/508162/scholl-gel-active-insoles-everyday-heels",
        "imgName": "508162.jpg",
        "imgSrc": "https://cdn0.woolworths.media/content/wowproductimages/medium/508162.jpg",
        "name": "Scholl Gel Active Insoles Everyday Heels each",
        "price": 19.99,
        "unitPrice": "$10.00 / 1EA"
    },
    {
        "category": "household",
        "href": "https://www.woolworths.com.au/shop/productdetails/757347/ambi-pur-plug-in-air-freshener-vanilla-harmony-refill",
        "imgName": "757347.jpg",
        "imgSrc": "https://cdn0.woolworths.media/content/wowproductimages/medium/757347.jpg",
        "name": "Ambi Pur Plug In Air Freshener Vanilla Harmony Refill 20ml",
        "price": 7.34,
        "unitPrice": "$3.67 / 10ML"
    },
    {
        "category": "household",
        "href": "https://www.woolworths.com.au/shop/productdetails/594841/artline-permanent-marker-black-red-0-4mm",
        "imgName": "594841.jpg",
        "imgSrc": "https://cdn0.woolworths.media/content/wowproductimages/medium/594841.jpg",
        "name": "Artline Permanent Marker Black & Red 0.4mm 2pk",
        "price": 8
    },
    {
        "category": "household",
        "href": "https://www.woolworths.com.au/shop/productdetails/942669/zak-stainless-steel-bottle-frozen-fever",
        "imgName": "942669.jpg",
        "imgSrc": "https://cdn0.woolworths.media/content/wowproductimages/medium/942669.jpg",
        "name": "Zak Stainless Steel Bottle Frozen Fever 473ml",
        "price": 11
    },
    {
        "category": "household",
        "href": "https://www.woolworths.com.au/shop/productdetails/881852/woolworths-exercise-book-9x7-inches",
        "imgName": "881852.jpg",
        "imgSrc": "https://cdn0.woolworths.media/content/wowproductimages/medium/881852.jpg",
        "name": "Woolworths Exercise Book 9x7 Inches 64pg each",
        "price": 1
    },
    {
        "category": "household",
        "href": "https://www.woolworths.com.au/shop/productdetails/882292/woolworths-sticky-notes",
        "imgName": "882292.jpg",
        "imgSrc": "https://cdn0.woolworths.media/content/wowproductimages/medium/882292.jpg",
        "name": "Woolworths Sticky Notes  each",
        "price": 3
    },
    {
        "category": "household",
        "href": "https://www.woolworths.com.au/shop/productdetails/743805/rubbedin-magic-top-front-loader-washing-machine-cleaner",
        "imgName": "743805.jpg",
        "imgSrc": "https://cdn0.woolworths.media/content/wowproductimages/medium/743805.jpg",
        "name": "Rubbedin Magic Top & Front Loader Washing Machine Cleaner 2x100g",
        "price": 9.45,
        "unitPrice": "$47.25 / 1KG"
    },
    {
        "category": "household",
        "href": "https://www.woolworths.com.au/shop/productdetails/788445/sistema-plasticware-snack-attack-to-go-410ml",
        "imgName": "788445.jpg",
        "imgSrc": "https://cdn0.woolworths.media/content/wowproductimages/medium/788445.jpg",
        "name": "Sistema Plasticware Snack Attack To Go 410ml each",
        "price": 7.49
    },
    {
        "category": "household",
        "href": "https://www.woolworths.com.au/shop/productdetails/935620/spirax-notebook-a5-assorted-colours",
        "imgName": "935620.jpg",
        "imgSrc": "https://cdn0.woolworths.media/content/wowproductimages/medium/935620.jpg",
        "name": "Spirax Notebook A5 Assorted Colours 200pg each",
        "price": 4.5
    },
    {
        "category": "household",
        "href": "https://www.woolworths.com.au/shop/productdetails/13163/kiwi-horsehair-shoe-polish-brush",
        "imgName": "013163.jpg",
        "imgSrc": "https://cdn0.woolworths.media/content/wowproductimages/medium/013163.jpg",
        "name": "Kiwi Horsehair Shoe Polish Brush each",
        "price": 9.29
    },
    {
        "category": "household",
        "href": "https://www.woolworths.com.au/shop/productdetails/377690/ambi-pur-air-effects-aerosol-air-freshener-rocky-springs-cool",
        "imgName": "377690.jpg",
        "imgSrc": "https://cdn0.woolworths.media/content/wowproductimages/medium/377690.jpg",
        "name": "Ambi Pur Air Effects Aerosol Air Freshener Rocky Springs & Cool 275g",
        "price": 6,
        "unitPrice": "$0.22 / 10G"
    },
    {
        "category": "household",
        "href": "https://www.woolworths.com.au/shop/productdetails/249863/philips-pilot-globe-15w-bc-base",
        "imgName": "249863.jpg",
        "imgSrc": "https://cdn0.woolworths.media/content/wowproductimages/medium/249863.jpg",
        "name": "Philips Pilot Globe 15w Bc Base  2pk",
        "price": 4,
        "unitPrice": "$2.00 / 1EA"
    },
    {
        "category": "household",
        "href": "https://www.woolworths.com.au/shop/productdetails/829324/inspire-ironing-board-cover",
        "imgName": "829324.jpg",
        "imgSrc": "https://cdn0.woolworths.media/content/wowproductimages/medium/829324.jpg",
        "name": "Inspire Ironing Board Cover each",
        "price": 20,
        "unitPrice": "$20.00 / 1EA"
    },
    {
        "category": "household",
        "href": "https://www.woolworths.com.au/shop/productdetails/43495/sistema-storage-with-tray-1-7l",
        "imgName": "043495.jpg",
        "imgSrc": "https://cdn0.woolworths.media/content/wowproductimages/medium/043495.jpg",
        "name": "Sistema Storage With Tray 1.7l each",
        "price": 5
    },
    {
        "category": "household",
        "href": "https://www.woolworths.com.au/shop/productdetails/260150/energizer-lithium-button-batteries-2025",
        "imgName": "260150.jpg",
        "imgSrc": "https://cdn0.woolworths.media/content/wowproductimages/medium/260150.jpg",
        "name": "Energizer Lithium Button Batteries 2025 2pk",
        "price": 8.4,
        "unitPrice": "$4.20 / 1EA"
    },
    {
        "category": "household",
        "href": "https://www.woolworths.com.au/shop/productdetails/733603/chux-kitchen-wonder-cloth",
        "imgName": "733603.jpg",
        "imgSrc": "https://cdn0.woolworths.media/content/wowproductimages/medium/733603.jpg",
        "name": "Chux Kitchen Wonder Cloth  3pk",
        "price": 5.35,
        "unitPrice": "$1.78 / 1EA"
    },
    {
        "category": "household",
        "href": "https://www.woolworths.com.au/shop/productdetails/882378/woolworths-lever-arch-folder-assorted-colour",
        "imgName": "882378.jpg",
        "imgSrc": "https://cdn0.woolworths.media/content/wowproductimages/medium/882378.jpg",
        "name": "Woolworths Lever Arch Folder Assorted Colour each",
        "price": 4
    },
    {
        "category": "household",
        "href": "https://www.woolworths.com.au/shop/productdetails/643080/energizer-anti-shock-phone-case-1-2m-iphone-x",
        "imgName": "643080.jpg",
        "imgSrc": "https://cdn0.woolworths.media/content/wowproductimages/medium/643080.jpg",
        "name": "Energizer Anti-shock Phone Case 1.2m Iphone X each",
        "price": 20
    },
    {
        "category": "household",
        "href": "https://www.woolworths.com.au/shop/productdetails/31018/multix-freezer-bags-large-tear-off",
        "imgName": "031018.jpg",
        "imgSrc": "https://cdn0.woolworths.media/content/wowproductimages/medium/031018.jpg",
        "name": "Multix Freezer Bags Large Tear Off 40pk",
        "price": 2.39,
        "unitPrice": "$0.06 / 1EA"
    },
    {
        "category": "household",
        "href": "https://www.woolworths.com.au/shop/productdetails/98781/culinare-kitchen-gadget-swivel-peeler",
        "imgName": "098781.jpg",
        "imgSrc": "https://cdn0.woolworths.media/content/wowproductimages/medium/098781.jpg",
        "name": "Culinare Kitchen Gadget Swivel Peeler each",
        "price": 4.99
    },
    {
        "category": "household",
        "href": "https://www.woolworths.com.au/shop/productdetails/383549/licensed-glitter-craft-with-sparkles",
        "imgName": "383549.jpg",
        "imgSrc": "https://cdn0.woolworths.media/content/wowproductimages/medium/383549.jpg",
        "name": "Licensed Glitter Craft With Sparkles each",
        "price": 3
    },
    {
        "category": "household",
        "href": "https://www.woolworths.com.au/shop/productdetails/507554/ambi-pur-car-refill-aqua",
        "imgName": "507554.jpg",
        "imgSrc": "https://cdn0.woolworths.media/content/wowproductimages/medium/507554.jpg",
        "name": "Ambi Pur Car Refill Aqua  7.5ml",
        "price": 10,
        "unitPrice": "$133.33 / 100ML"
    },
    {
        "category": "household",
        "href": "https://www.woolworths.com.au/shop/productdetails/419315/selleys-liquid-nails-fast",
        "imgName": "419315.jpg",
        "imgSrc": "https://cdn0.woolworths.media/content/wowproductimages/medium/419315.jpg",
        "name": "Selleys Liquid Nails Fast 280g",
        "price": 12.5,
        "unitPrice": "$4.46 / 100G"
    },
    {
        "category": "household",
        "href": "https://www.woolworths.com.au/shop/productdetails/431221/bonds-instatan-sheer-stockings-slim-tight-light-brown-large",
        "imgName": "431221.jpg",
        "imgSrc": "https://cdn0.woolworths.media/content/wowproductimages/medium/431221.jpg",
        "name": "Bonds Instatan Sheer Stockings Slim Tight Light Brown Large each",
        "price": 8
    },
    {
        "category": "household",
        "href": "https://www.woolworths.com.au/shop/productdetails/799/brunnings-white-oil",
        "imgName": "000799.jpg",
        "imgSrc": "https://cdn0.woolworths.media/content/wowproductimages/medium/000799.jpg",
        "name": "Brunnings White Oil 400g",
        "price": 8.4,
        "unitPrice": "$2.10 / 100G"
    },
    {
        "category": "household",
        "href": "https://www.woolworths.com.au/shop/productdetails/161749/vileda-mop-microfibre-refill",
        "imgName": "161749.jpg",
        "imgSrc": "https://cdn0.woolworths.media/content/wowproductimages/medium/161749.jpg",
        "name": "Vileda Mop Microfibre Refill each",
        "price": 11
    },
    {
        "category": "household",
        "href": "https://www.woolworths.com.au/shop/productdetails/441014/my-little-pony-blind-bags",
        "imgName": "441014.jpg",
        "imgSrc": "https://cdn0.woolworths.media/content/wowproductimages/medium/441014.jpg",
        "name": "My Little Pony Blind Bags  each",
        "price": 4
    },
    {
        "category": "household",
        "href": "https://www.woolworths.com.au/shop/productdetails/747051/master-lock-combination-lock-brass-long-shackle-40mm",
        "imgName": "747051.jpg",
        "imgSrc": "https://cdn0.woolworths.media/content/wowproductimages/medium/747051.jpg",
        "name": "Master Lock Combination Lock Brass Long Shackle 40mm each",
        "price": 12,
        "unitPrice": "$12.00 / 1EA"
    },
    {
        "category": "household",
        "href": "https://www.woolworths.com.au/shop/productdetails/210249/dishmatic-extra-heavy-duty-refill",
        "imgName": "210249.jpg",
        "imgSrc": "https://cdn0.woolworths.media/content/wowproductimages/medium/210249.jpg",
        "name": "Dishmatic Extra Heavy Duty Refill 3pk",
        "price": 5.99,
        "unitPrice": "$2.00 / 1EA"
    },
    {
        "category": "household",
        "href": "https://www.woolworths.com.au/shop/productdetails/503678/ambi-pur-car-starter-aqua",
        "imgName": "503678.jpg",
        "imgSrc": "https://cdn0.woolworths.media/content/wowproductimages/medium/503678.jpg",
        "name": "Ambi Pur Car Starter Aqua  7.5ml",
        "price": 8.9,
        "unitPrice": "$11.87 / 10ML"
    },
    {
        "category": "household",
        "href": "https://www.woolworths.com.au/shop/productdetails/763411/ansell-gloves-smart-large",
        "imgName": "763411.jpg",
        "imgSrc": "https://cdn0.woolworths.media/content/wowproductimages/medium/763411.jpg",
        "name": "Ansell Gloves Smart Large 2pk",
        "price": 1.99,
        "unitPrice": "$1.99 / 1EA"
    },
    {
        "category": "household",
        "href": "https://www.woolworths.com.au/shop/productdetails/931360/sharpie-marker-neon-fine-assorted",
        "imgName": "931360.jpg",
        "imgSrc": "https://cdn0.woolworths.media/content/wowproductimages/medium/931360.jpg",
        "name": "Sharpie Marker Neon Fine Assorted 5pk",
        "price": 11
    },
    {
        "category": "household",
        "href": "https://www.woolworths.com.au/shop/productdetails/32350/razzamatazz-knee-hi-brazen",
        "imgName": "032350.jpg",
        "imgSrc": "https://cdn0.woolworths.media/content/wowproductimages/medium/032350.jpg",
        "name": "Razzamatazz Knee Hi Brazen one size 2pk",
        "price": 4
    },
    {
        "category": "household",
        "href": "https://www.woolworths.com.au/shop/productdetails/212293/vileda-mop-super-microfibre-tx-handle",
        "imgName": "212293.jpg",
        "imgSrc": "https://cdn0.woolworths.media/content/wowproductimages/medium/212293.jpg",
        "name": "Vileda Mop Super Microfibre Tx Handle each",
        "price": 18.99
    },
    {
        "category": "household",
        "href": "https://www.woolworths.com.au/shop/productdetails/493514/habee-savers-iron-on-menders",
        "imgName": "493514.jpg",
        "imgSrc": "https://cdn0.woolworths.media/content/wowproductimages/medium/493514.jpg",
        "name": "Habee Savers Iron-on Menders  2pk",
        "price": 4
    },
    {
        "category": "household",
        "href": "https://www.woolworths.com.au/shop/productdetails/707231/energizer-ha-312-turn-lock",
        "imgName": "707231.jpg",
        "imgSrc": "https://cdn0.woolworths.media/content/wowproductimages/medium/707231.jpg",
        "name": "Energizer Ha 312 Turn & Lock  8ea",
        "price": 9.99,
        "unitPrice": "$1.25 / 1EA"
    },
    {
        "category": "household",
        "href": "https://www.woolworths.com.au/shop/productdetails/758135/ambi-pur-mini-clip-car-air-freshener-new-zealand-springs",
        "imgName": "758135.jpg",
        "imgSrc": "https://cdn0.woolworths.media/content/wowproductimages/medium/758135.jpg",
        "name": "Ambi Pur Mini Clip Car Air Freshener New Zealand Springs 2ml",
        "price": 5.99,
        "unitPrice": "$5.99 / 1EA"
    },
    {
        "category": "household",
        "href": "https://www.woolworths.com.au/shop/productdetails/706237/ambi-pur-air-effects-thai-dragon-fruit",
        "imgName": "706237.jpg",
        "imgSrc": "https://cdn0.woolworths.media/content/wowproductimages/medium/706237.jpg",
        "name": "Ambi Pur Air Effects Thai Dragon Fruit 275g",
        "price": 6,
        "unitPrice": "$0.22 / 10G"
    },
    {
        "category": "household",
        "href": "https://www.woolworths.com.au/shop/productdetails/792146/hub-it-comfort-earphones-comfort",
        "imgName": "792146.jpg",
        "imgSrc": "https://cdn0.woolworths.media/content/wowproductimages/medium/792146.jpg",
        "name": "Hub It Comfort Earphones Comfort each",
        "price": 6
    },
    {
        "category": "household",
        "href": "https://www.woolworths.com.au/shop/productdetails/137321/tennis-ball",
        "imgName": "137321.jpg",
        "imgSrc": "https://cdn0.woolworths.media/content/wowproductimages/medium/137321.jpg",
        "name": "Tennis Ball  3pk",
        "price": 3
    },
    {
        "category": "household",
        "href": "https://www.woolworths.com.au/shop/productdetails/614259/hercules-biodegrade-sandwich-bags",
        "imgName": "614259.jpg",
        "imgSrc": "https://cdn0.woolworths.media/content/wowproductimages/medium/614259.jpg",
        "name": "Hercules Biodegrade Sandwich Bags 40pk",
        "price": 2.5,
        "unitPrice": "$0.06 / 1EA"
    },
    {
        "category": "household",
        "href": "https://www.woolworths.com.au/shop/productdetails/19603/green-gardener-garden-tap-connector-18-24mm",
        "imgName": "019603.jpg",
        "imgSrc": "https://cdn0.woolworths.media/content/wowproductimages/medium/019603.jpg",
        "name": "Green Gardener Garden Tap Connector 18-24mm each",
        "price": 3
    },
    {
        "category": "household",
        "href": "https://www.woolworths.com.au/shop/productdetails/31952/harpic-heavy-duty-toilet-cleaner-oxy-action-crystal-regular",
        "imgName": "031952.jpg",
        "imgSrc": "https://cdn0.woolworths.media/content/wowproductimages/medium/031952.jpg",
        "name": "Harpic Heavy Duty Toilet Cleaner Oxy Action Crystal Regular 750g",
        "price": 6.55,
        "unitPrice": "$0.87 / 100G"
    },
    {
        "category": "household",
        "href": "https://www.woolworths.com.au/shop/productdetails/92506/homebrand-sandwich-bags",
        "imgName": "092506.jpg",
        "imgSrc": "https://cdn0.woolworths.media/content/wowproductimages/medium/092506.jpg",
        "name": "Homebrand Sandwich Bags  150pk",
        "price": 0.95,
        "unitPrice": "$0.01 / 1EA"
    },
    {
        "category": "household",
        "href": "https://www.woolworths.com.au/shop/productdetails/103905/belle-magazine",
        "imgName": "103905.jpg",
        "imgSrc": "https://cdn0.woolworths.media/content/wowproductimages/medium/103905.jpg",
        "name": "Belle Magazine",
        "price": 10.99
    },
    {
        "category": "household",
        "href": "https://www.woolworths.com.au/shop/productdetails/94531/rit-dyes-liquid-black",
        "imgName": "094531.jpg",
        "imgSrc": "https://cdn0.woolworths.media/content/wowproductimages/medium/094531.jpg",
        "name": "Rit Dyes Liquid Black 236ml",
        "price": 12.39,
        "unitPrice": "$52.50 / 1L"
    },
    {
        "category": "household",
        "href": "https://www.woolworths.com.au/shop/productdetails/213895/artline-permanent-marker-black",
        "imgName": "213895.jpg",
        "imgSrc": "https://cdn0.woolworths.media/content/wowproductimages/medium/213895.jpg",
        "name": "Artline Permanent Marker Black 70mm 2pk",
        "price": 7.5
    },
    {
        "category": "household",
        "href": "https://www.woolworths.com.au/shop/productdetails/207919/chux-magic-eraser-spot-cleaner",
        "imgName": "207919.jpg",
        "imgSrc": "https://cdn0.woolworths.media/content/wowproductimages/medium/207919.jpg",
        "name": "Chux Magic Eraser Spot Cleaner 8pk",
        "price": 3.99,
        "unitPrice": "$0.50 / 1EA"
    },
    {
        "category": "household",
        "href": "https://www.woolworths.com.au/shop/productdetails/157990/habee-savers-pins-pearl-head",
        "imgName": "157990.jpg",
        "imgSrc": "https://cdn0.woolworths.media/content/wowproductimages/medium/157990.jpg",
        "name": "Habee Savers Pins Pearl Head 200pk",
        "price": 4.5
    },
    {
        "category": "household",
        "href": "https://www.woolworths.com.au/shop/productdetails/333502/superior-rubber-bands-size-16",
        "imgName": "333502.jpg",
        "imgSrc": "https://cdn0.woolworths.media/content/wowproductimages/medium/333502.jpg",
        "name": "Superior Rubber Bands Size 16 100g",
        "price": 4
    },
    {
        "category": "household",
        "href": "https://www.woolworths.com.au/shop/productdetails/310586/sistema-coolers-maxi-fold-up-lunch",
        "imgName": "310586.jpg",
        "imgSrc": "https://cdn0.woolworths.media/content/wowproductimages/medium/310586.jpg",
        "name": "Sistema Coolers Maxi Fold Up Lunch each",
        "price": 9.99
    },
    {
        "category": "household",
        "href": "https://www.woolworths.com.au/shop/productdetails/381848/hp-printer-ink-60-black",
        "imgName": "381848.jpg",
        "imgSrc": "https://cdn0.woolworths.media/content/wowproductimages/medium/381848.jpg",
        "name": "Hp Printer Ink 60 Black each"
    },
    {
        "category": "household",
        "href": "https://www.woolworths.com.au/shop/productdetails/365350/ladies-weather-protection-flat-umbrella-purple",
        "imgName": "365350.jpg",
        "imgSrc": "https://cdn0.woolworths.media/content/wowproductimages/medium/365350.jpg",
        "name": "Ladies Weather Protection Flat Umbrella Purple each",
        "price": 12.95
    },
    {
        "category": "household",
        "href": "https://www.woolworths.com.au/shop/productdetails/517091/party-poppers",
        "imgName": "517091.jpg",
        "imgSrc": "https://cdn0.woolworths.media/content/wowproductimages/medium/517091.jpg",
        "name": "Party Poppers   25pk",
        "price": 3,
        "unitPrice": "$0.12 / 1EA"
    },
    {
        "category": "household",
        "href": "https://www.woolworths.com.au/shop/productdetails/491647/decor-tellfresh-container-oblong",
        "imgName": "491647.jpg",
        "imgSrc": "https://cdn0.woolworths.media/content/wowproductimages/medium/491647.jpg",
        "name": "Decor Tellfresh Container Oblong 6l each",
        "price": 11.99,
        "unitPrice": "$11.99 / 1EA"
    },
    {
        "category": "household",
        "href": "https://www.woolworths.com.au/shop/productdetails/493912/kingsford-charcoal-original",
        "imgName": "493912.jpg",
        "imgSrc": "https://cdn0.woolworths.media/content/wowproductimages/medium/493912.jpg",
        "name": "Kingsford Charcoal Original 3.5kg",
        "price": 12.5,
        "unitPrice": "$0.36 / 100G"
    },
    {
        "category": "household",
        "href": "https://www.woolworths.com.au/shop/productdetails/741323/philips-halogen-frosted-candle-bc-base-2pk",
        "imgName": "741323.jpg",
        "imgSrc": "https://cdn0.woolworths.media/content/wowproductimages/medium/741323.jpg",
        "name": "Philips Halogen Frosted Candle Bc Base 2pk 2pk",
        "price": 5.5,
        "unitPrice": "$2.75 / 1EA"
    },
    {
        "category": "household",
        "href": "https://www.woolworths.com.au/shop/productdetails/695853/home-essentials-dinnerware-plate-red",
        "imgName": "695853.jpg",
        "imgSrc": "https://cdn0.woolworths.media/content/wowproductimages/medium/695853.jpg",
        "name": "Home Essentials Dinnerware Plate Red each",
        "price": 3
    },
    {
        "category": "household",
        "href": "https://www.woolworths.com.au/shop/productdetails/746702/home-handyman-tools-utility-knife",
        "imgName": "746702.jpg",
        "imgSrc": "https://cdn0.woolworths.media/content/wowproductimages/medium/746702.jpg",
        "name": "Home Handyman Tools Utility Knife 2pk",
        "price": 2
    },
    {
        "category": "household",
        "href": "https://www.woolworths.com.au/shop/productdetails/780207/adesso-appliance-stainless-steel-toaster-2slice",
        "imgName": "780207.jpg",
        "imgSrc": "https://cdn0.woolworths.media/content/wowproductimages/medium/780207.jpg",
        "name": "Adesso Appliance Stainless Steel Toaster 2slice each",
        "price": 25
    },
    {
        "category": "household",
        "href": "https://www.woolworths.com.au/shop/productdetails/757906/sistema-klip-it-plasticware-rectangle",
        "imgName": "757906.jpg",
        "imgSrc": "https://cdn0.woolworths.media/content/wowproductimages/medium/757906.jpg",
        "name": "Sistema Klip It Plasticware Rectangle 380ml",
        "price": 4.25,
        "unitPrice": "$4.25 / 1EA"
    },
    {
        "category": "household",
        "href": "https://www.woolworths.com.au/shop/productdetails/850092/sistema-mini-bites-stackable-containers-bpa-free",
        "imgName": "850092.jpg",
        "imgSrc": "https://cdn0.woolworths.media/content/wowproductimages/medium/850092.jpg",
        "name": "Sistema Mini Bites Stackable Containers Bpa Free 3x130ml",
        "price": 6
    },
    {
        "category": "household",
        "href": "https://www.woolworths.com.au/shop/productdetails/786596/brunnings-fruit-citrus-food",
        "imgName": "786596.jpg",
        "imgSrc": "https://cdn0.woolworths.media/content/wowproductimages/medium/786596.jpg",
        "name": "Brunnings Fruit & Citrus Food 2.5kg",
        "price": 8,
        "unitPrice": "$0.32 / 100G"
    },
    {
        "category": "household",
        "href": "https://www.woolworths.com.au/shop/productdetails/829084/inspire-basket-small-assorted-colours",
        "imgName": "829084.jpg",
        "imgSrc": "https://cdn0.woolworths.media/content/wowproductimages/medium/829084.jpg",
        "name": "Inspire Basket Small Assorted Colours each",
        "price": 8,
        "unitPrice": "$8.00 / 1EA"
    },
    {
        "category": "household",
        "href": "https://www.woolworths.com.au/shop/productdetails/779885/geelong-brush-toilet-set-roll-holder",
        "imgName": "779885.jpg",
        "imgSrc": "https://cdn0.woolworths.media/content/wowproductimages/medium/779885.jpg",
        "name": "Geelong Brush Toilet Set & Roll Holder each",
        "price": 14.99,
        "unitPrice": "$14.99 / 1EA"
    },
    {
        "category": "household",
        "href": "https://www.woolworths.com.au/shop/productdetails/786399/jamie-oliver-terracotta-tapas-dishes-set",
        "imgName": "786399.jpg",
        "imgSrc": "https://cdn0.woolworths.media/content/wowproductimages/medium/786399.jpg",
        "name": "Jamie Oliver Terracotta Tapas Dishes Set 3 piece",
        "price": 20
    },
    {
        "category": "household",
        "href": "https://www.woolworths.com.au/shop/productdetails/94665/essentials-laundry-soap",
        "imgName": "094665.jpg",
        "imgSrc": "https://cdn0.woolworths.media/content/wowproductimages/medium/094665.jpg",
        "name": "Essentials Laundry Soap  4pk",
        "price": 1.99,
        "unitPrice": "$0.50 / 1EA"
    },
    {
        "category": "household",
        "href": "https://www.woolworths.com.au/shop/productdetails/196669/sistema-klip-it-plasticware-juice",
        "imgName": "196669.jpg",
        "imgSrc": "https://cdn0.woolworths.media/content/wowproductimages/medium/196669.jpg",
        "name": "Sistema Klip It Plasticware Juice 2l",
        "price": 10.5
    },
    {
        "category": "household",
        "href": "https://www.woolworths.com.au/shop/productdetails/217631/pledge-grab-it-duster-refill",
        "imgName": "217631.jpg",
        "imgSrc": "https://cdn0.woolworths.media/content/wowproductimages/medium/217631.jpg",
        "name": "Pledge Grab It Duster Refill 5pk",
        "price": 7.99
    },
    {
        "category": "household",
        "href": "https://www.woolworths.com.au/shop/productdetails/191495/habee-savers-tape-hemming-web-19mm-x-10m",
        "imgName": "191495.jpg",
        "imgSrc": "https://cdn0.woolworths.media/content/wowproductimages/medium/191495.jpg",
        "name": "Habee Savers Tape Hemming Web 19mm X 10m 1pk",
        "price": 3.5
    },
    {
        "category": "household",
        "href": "https://www.woolworths.com.au/shop/productdetails/307620/holeproof-rio-mens-sport-socks-crew-black-6-10",
        "imgName": "307620.jpg",
        "imgSrc": "https://cdn0.woolworths.media/content/wowproductimages/medium/307620.jpg",
        "name": "Holeproof Rio Mens Sport Socks Crew Black 6-10 5pk",
        "price": 14,
        "unitPrice": "$2.80 / 1EA"
    },
    {
        "category": "household",
        "href": "https://www.woolworths.com.au/shop/productdetails/234700/duck-blue-in-cistern-twin-toilet-cleaner",
        "imgName": "234700.jpg",
        "imgSrc": "https://cdn0.woolworths.media/content/wowproductimages/medium/234700.jpg",
        "name": "Duck Blue In-cistern Twin Toilet Cleaner each",
        "price": 3.89,
        "unitPrice": "$32.42 / 100G"
    },
    {
        "category": "household",
        "href": "https://www.woolworths.com.au/shop/productdetails/741135/air-wick-reed-diffuser-decorative-freesia-jasmine",
        "imgName": "741135.jpg",
        "imgSrc": "https://cdn0.woolworths.media/content/wowproductimages/medium/741135.jpg",
        "name": "Air Wick Reed Diffuser Decorative Freesia & Jasmine 50ml",
        "price": 10.29,
        "unitPrice": "$20.58 / 100ML"
    },
    {
        "category": "household",
        "href": "https://www.woolworths.com.au/shop/productdetails/330476/dryline-correction-tape-grip",
        "imgName": "330476.jpg",
        "imgSrc": "https://cdn0.woolworths.media/content/wowproductimages/medium/330476.jpg",
        "name": "Dryline Correction Tape Grip each",
        "price": 6
    },
    {
        "category": "household",
        "href": "https://www.woolworths.com.au/shop/productdetails/361138/nilodor-concentrated-deodoriser",
        "imgName": "361138.jpg",
        "imgSrc": "https://cdn0.woolworths.media/content/wowproductimages/medium/361138.jpg",
        "name": "Nilodor Concentrated Deodoriser 7.5ml",
        "price": 7.5,
        "unitPrice": "$10.00 / 10ML"
    },
    {
        "category": "household",
        "href": "https://www.woolworths.com.au/shop/productdetails/789781/party-costume-glow-neckalces",
        "imgName": "789781.jpg",
        "imgSrc": "https://cdn0.woolworths.media/content/wowproductimages/medium/789781.jpg",
        "name": "Party Costume Glow Neckalces 4pk",
        "price": 4
    },
    {
        "category": "household",
        "href": "https://www.woolworths.com.au/shop/productdetails/785596/fun-to-learn-friends",
        "imgName": "785596.jpg",
        "imgSrc": "https://cdn0.woolworths.media/content/wowproductimages/medium/785596.jpg",
        "name": "Fun To Learn Friends  each",
        "price": 7.99
    },
    {
        "category": "household",
        "href": "https://www.woolworths.com.au/shop/productdetails/784227/triumph-rechargable-lint-remover",
        "imgName": "784227.jpg",
        "imgSrc": "https://cdn0.woolworths.media/content/wowproductimages/medium/784227.jpg",
        "name": "Triumph Rechargable Lint Remover  ea",
        "price": 15,
        "unitPrice": "$15.00 / 1EA"
    },
    {
        "category": "household",
        "href": "https://www.woolworths.com.au/shop/productdetails/931401/sharpie-marker-extreme",
        "imgName": "931401.jpg",
        "imgSrc": "https://cdn0.woolworths.media/content/wowproductimages/medium/931401.jpg",
        "name": "Sharpie Marker Extreme 2pk",
        "price": 6
    },
    {
        "category": "household",
        "href": "https://www.woolworths.com.au/shop/productdetails/888591/vileda-dish-wash-cloth",
        "imgName": "888591.jpg",
        "imgSrc": "https://cdn0.woolworths.media/content/wowproductimages/medium/888591.jpg",
        "name": "Vileda Dish Wash Cloth  3pk",
        "price": 3.99,
        "unitPrice": "$1.33 / 1EA"
    },
    {
        "category": "household",
        "href": "https://www.woolworths.com.au/shop/productdetails/928364/woolworths-mobile-2-prepaid-sim-pack",
        "imgName": "928364.jpg",
        "imgSrc": "https://cdn0.woolworths.media/content/wowproductimages/medium/928364.jpg",
        "name": "Woolworths Mobile $2 Prepaid Sim Pack each",
        "price": 2
    },
    {
        "category": "household",
        "href": "https://www.woolworths.com.au/shop/productdetails/23397/antex-insect-control-granules",
        "imgName": "023397.jpg",
        "imgSrc": "https://cdn0.woolworths.media/content/wowproductimages/medium/023397.jpg",
        "name": "Antex Insect Control Granules 500g",
        "price": 7,
        "unitPrice": "$1.40 / 100G"
    },
    {
        "category": "household",
        "href": "https://www.woolworths.com.au/shop/productdetails/36431/bostik-blu-tack",
        "imgName": "036431.jpg",
        "imgSrc": "https://cdn0.woolworths.media/content/wowproductimages/medium/036431.jpg",
        "name": "Bostik Blu-tack  75g",
        "price": 2.5
    },
    {
        "category": "household",
        "href": "https://www.woolworths.com.au/shop/productdetails/48352/fluffy-fabric-softener-jasmine",
        "imgName": "048352.jpg",
        "imgSrc": "https://cdn0.woolworths.media/content/wowproductimages/medium/048352.jpg",
        "name": "Fluffy Fabric Softener Jasmine 250ml",
        "price": 1.8,
        "unitPrice": "$7.20 / 1L"
    },
    {
        "category": "household",
        "href": "https://www.woolworths.com.au/shop/productdetails/705813/glad-wavetop-garbage-bags-56-litres",
        "imgName": "705813.jpg",
        "imgSrc": "https://cdn0.woolworths.media/content/wowproductimages/medium/705813.jpg",
        "name": "Glad Wavetop Garbage Bags 56 Litres 56l 20pk",
        "price": 4.99,
        "unitPrice": "$0.25 / 1EA"
    },
    {
        "category": "household",
        "href": "https://www.woolworths.com.au/shop/productdetails/15592/green-gardener-garden-hose-connector-12mm",
        "imgName": "015592.jpg",
        "imgSrc": "https://cdn0.woolworths.media/content/wowproductimages/medium/015592.jpg",
        "name": "Green Gardener Garden Hose Connector 12mm 1pk",
        "price": 3
    },
    {
        "category": "household",
        "href": "https://www.woolworths.com.au/shop/productdetails/34622/tv-soap-magazine",
        "imgName": "034622.jpg",
        "imgSrc": "https://cdn0.woolworths.media/content/wowproductimages/medium/034622.jpg",
        "name": "Tv Soap Magazine",
        "price": 5.7
    },
    {
        "category": "household",
        "href": "https://www.woolworths.com.au/shop/productdetails/31718/mr-muscle-odourless-oven-cleaner",
        "imgName": "031718.jpg",
        "imgSrc": "https://cdn0.woolworths.media/content/wowproductimages/medium/031718.jpg",
        "name": "Mr Muscle Odourless Oven Cleaner 300g",
        "price": 3.65,
        "unitPrice": "$1.22 / 100G"
    },
    {
        "category": "household",
        "href": "https://www.woolworths.com.au/shop/productdetails/88542/multix-trolley-liner-garbage-bags",
        "imgName": "088542.jpg",
        "imgSrc": "https://cdn0.woolworths.media/content/wowproductimages/medium/088542.jpg",
        "name": "Multix Trolley Liner Garbage Bags 140l 10pk",
        "price": 5.5,
        "unitPrice": "$0.55 / 1EA"
    },
    {
        "category": "household",
        "href": "https://www.woolworths.com.au/shop/productdetails/62726/masking-tape",
        "imgName": "062726.jpg",
        "imgSrc": "https://cdn0.woolworths.media/content/wowproductimages/medium/062726.jpg",
        "name": "Masking Tape  36mm x 50m",
        "price": 5
    },
    {
        "category": "household",
        "href": "https://www.woolworths.com.au/shop/productdetails/47606/yates-garden-weed-n-feed",
        "imgName": "047606.jpg",
        "imgSrc": "https://cdn0.woolworths.media/content/wowproductimages/medium/047606.jpg",
        "name": "Yates Garden Weed N Feed 2l",
        "price": 12.3,
        "unitPrice": "$0.62 / 100ML"
    },
    {
        "category": "household",
        "href": "https://www.woolworths.com.au/shop/productdetails/71175/vogue-australia",
        "imgName": "071175.jpg",
        "imgSrc": "https://cdn0.woolworths.media/content/wowproductimages/medium/071175.jpg",
        "name": "Vogue Australia",
        "price": 8.99
    },
    {
        "category": "household",
        "href": "https://www.woolworths.com.au/shop/productdetails/84281/brita-replacement-water-filter-classic-cartridge",
        "imgName": "084281.jpg",
        "imgSrc": "https://cdn0.woolworths.media/content/wowproductimages/medium/084281.jpg",
        "name": "Brita Replacement Water Filter Classic Cartridge each",
        "price": 13.99
    },
    {
        "category": "household",
        "href": "https://www.woolworths.com.au/shop/productdetails/98514/scotchgard-fabric-upholstery-protector",
        "imgName": "098514.jpg",
        "imgSrc": "https://cdn0.woolworths.media/content/wowproductimages/medium/098514.jpg",
        "name": "Scotchgard Fabric & Upholstery Protector 350g",
        "price": 11.89,
        "unitPrice": "$3.40 / 100G"
    },
    {
        "category": "household",
        "href": "https://www.woolworths.com.au/shop/productdetails/160295/sistema-klip-it-plasticware-rectangle",
        "imgName": "160295.jpg",
        "imgSrc": "https://cdn0.woolworths.media/content/wowproductimages/medium/160295.jpg",
        "name": "Sistema Klip It Plasticware Rectangle 2l",
        "price": 6.2
    },
    {
        "category": "household",
        "href": "https://www.woolworths.com.au/shop/productdetails/103907/australian-women-s-weekly-mini-cookbook",
        "imgName": "103907.jpg",
        "imgSrc": "https://cdn0.woolworths.media/content/wowproductimages/medium/103907.jpg",
        "name": "Australian Women's Weekly Mini Cookbook",
        "price": 5.5
    },
    {
        "category": "household",
        "href": "https://www.woolworths.com.au/shop/productdetails/174313/sistema-klip-it-plasticware",
        "imgName": "174313.jpg",
        "imgSrc": "https://cdn0.woolworths.media/content/wowproductimages/medium/174313.jpg",
        "name": "Sistema Klip It Plasticware  3.0l",
        "price": 7.99
    },
    {
        "category": "household",
        "href": "https://www.woolworths.com.au/shop/productdetails/171328/woolworths-essentials-envelopes-11b",
        "imgName": "171328.jpg",
        "imgSrc": "https://cdn0.woolworths.media/content/wowproductimages/medium/171328.jpg",
        "name": "Woolworths Essentials Envelopes 11b 100pk",
        "price": 3
    },
    {
        "category": "household",
        "href": "https://www.woolworths.com.au/shop/productdetails/192695/vileda-bucket-wringer",
        "imgName": "192695.jpg",
        "imgSrc": "https://cdn0.woolworths.media/content/wowproductimages/medium/192695.jpg",
        "name": "Vileda Bucket & Wringer each",
        "price": 18.99
    },
    {
        "category": "household",
        "href": "https://www.woolworths.com.au/shop/productdetails/254180/olympic-filing-invoice-statbook-carbonless",
        "imgName": "254180.jpg",
        "imgSrc": "https://cdn0.woolworths.media/content/wowproductimages/medium/254180.jpg",
        "name": "Olympic Filing Invoice/statbook Carbonless each",
        "price": 4.5
    },
    {
        "category": "household",
        "href": "https://www.woolworths.com.au/shop/productdetails/262161/chevron-type-c-batteries-super-heavy-duty",
        "imgName": "262161.jpg",
        "imgSrc": "https://cdn0.woolworths.media/content/wowproductimages/medium/262161.jpg",
        "name": "Chevron Type C Batteries Super Heavy Duty 4pk",
        "price": 4.5,
        "unitPrice": "$1.13 / 1EA"
    },
    {
        "category": "household",
        "href": "https://www.woolworths.com.au/shop/productdetails/315226/woolworths-essentials-notebook-64-pages",
        "imgName": "315226.jpg",
        "imgSrc": "https://cdn0.woolworths.media/content/wowproductimages/medium/315226.jpg",
        "name": "Woolworths Essentials Notebook 64 Pages 3pk",
        "price": 2.5
    },
    {
        "category": "household",
        "href": "https://www.woolworths.com.au/shop/productdetails/283104/sharpie-cd-marker-fine-black",
        "imgName": "283104.jpg",
        "imgSrc": "https://cdn0.woolworths.media/content/wowproductimages/medium/283104.jpg",
        "name": "Sharpie Cd Marker Fine Black 2pk",
        "price": 5
    },
    {
        "category": "household",
        "href": "https://www.woolworths.com.au/shop/productdetails/325119/vileda-broom-millet",
        "imgName": "325119.jpg",
        "imgSrc": "https://cdn0.woolworths.media/content/wowproductimages/medium/325119.jpg",
        "name": "Vileda Broom Millet each",
        "price": 19.49
    },
    {
        "category": "household",
        "href": "https://www.woolworths.com.au/shop/productdetails/379107/decor-tellfresh-storer-set",
        "imgName": "379107.jpg",
        "imgSrc": "https://cdn0.woolworths.media/content/wowproductimages/medium/379107.jpg",
        "name": "Decor Tellfresh Storer Set 6pk",
        "price": 16.09,
        "unitPrice": "$2.68 / 1EA"
    },
    {
        "category": "household",
        "href": "https://www.woolworths.com.au/shop/productdetails/432654/woolworths-dinner-plate-green",
        "imgName": "432654.jpg",
        "imgSrc": "https://cdn0.woolworths.media/content/wowproductimages/medium/432654.jpg",
        "name": "Woolworths Dinner Plate Green 4pk",
        "price": 3,
        "unitPrice": "$0.75 / 1EA"
    },
    {
        "category": "household",
        "href": "https://www.woolworths.com.au/shop/productdetails/355591/woolworths-essentials-womens-socks-low-cut-plain-white-size-8-11",
        "imgName": "355591.jpg",
        "imgSrc": "https://cdn0.woolworths.media/content/wowproductimages/medium/355591.jpg",
        "name": "Woolworths Essentials Womens Socks Low Cut Plain White Size 8-11 3pk",
        "price": 7,
        "unitPrice": "$2.33 / 1EA"
    },
    {
        "category": "household",
        "href": "https://www.woolworths.com.au/shop/productdetails/326488/sellotape-packaging-tape-clear",
        "imgName": "326488.jpg",
        "imgSrc": "https://cdn0.woolworths.media/content/wowproductimages/medium/326488.jpg",
        "name": "Sellotape Packaging Tape Clear each",
        "price": 2.5
    },
    {
        "category": "household",
        "href": "https://www.woolworths.com.au/shop/productdetails/428165/woolworths-balloons-round-purple",
        "imgName": "428165.jpg",
        "imgSrc": "https://cdn0.woolworths.media/content/wowproductimages/medium/428165.jpg",
        "name": "Woolworths Balloons Round Purple 30cm each",
        "price": 2
    },
    {
        "category": "household",
        "href": "https://www.woolworths.com.au/shop/productdetails/428166/woolworths-balloons-round-blue",
        "imgName": "428166.jpg",
        "imgSrc": "https://cdn0.woolworths.media/content/wowproductimages/medium/428166.jpg",
        "name": "Woolworths Balloons Round Blue 30cm each",
        "price": 2
    },
    {
        "category": "household",
        "href": "https://www.woolworths.com.au/shop/productdetails/643098/energizer-anti-shock-phone-case-1-2m-iphone-6-plus-7-plus-8-plus",
        "imgName": "643098.jpg",
        "imgSrc": "https://cdn0.woolworths.media/content/wowproductimages/medium/643098.jpg",
        "name": "Energizer Anti-shock Phone Case 1.2m Iphone 6 Plus /7 Plus /8 Plus each",
        "price": 20
    },
    {
        "category": "household",
        "href": "https://www.woolworths.com.au/shop/productdetails/588994/morning-fresh-dishwashing-liquid-raspberry-crisp-apple",
        "imgName": "588994.jpg",
        "imgSrc": "https://cdn0.woolworths.media/content/wowproductimages/medium/588994.jpg",
        "name": "Morning Fresh Dishwashing Liquid Raspberry & Crisp Apple 900ml",
        "price": 6.95,
        "unitPrice": "$0.77 / 100ML"
    },
    {
        "category": "household",
        "href": "https://www.woolworths.com.au/shop/productdetails/751510/woolworths-essentials-filing-clear-document-wallet-a4",
        "imgName": "751510.jpg",
        "imgSrc": "https://cdn0.woolworths.media/content/wowproductimages/medium/751510.jpg",
        "name": "Woolworths Essentials Filing Clear Document Wallet A4 each",
        "price": 4.5
    },
    {
        "category": "household",
        "href": "https://www.woolworths.com.au/shop/productdetails/790727/sabco-manual-window-washer-large",
        "imgName": "790727.jpg",
        "imgSrc": "https://cdn0.woolworths.media/content/wowproductimages/medium/790727.jpg",
        "name": "Sabco Manual Window Washer Large each",
        "price": 15,
        "unitPrice": "$15.00 / 1EA"
    },
    {
        "category": "household",
        "href": "https://www.woolworths.com.au/shop/productdetails/900305/mortein-peaceful-nights-automatic-plug-in-refill",
        "imgName": "900305.jpg",
        "imgSrc": "https://cdn0.woolworths.media/content/wowproductimages/medium/900305.jpg",
        "name": "Mortein Peaceful Nights Automatic Plug In Refill each",
        "price": 12.99,
        "unitPrice": "$12.99 / 1EA"
    },
    {
        "category": "household",
        "href": "https://www.woolworths.com.au/shop/productdetails/936520/sharpie-markers-metallic",
        "imgName": "936520.jpg",
        "imgSrc": "https://cdn0.woolworths.media/content/wowproductimages/medium/936520.jpg",
        "name": "Sharpie Markers Metallic 3pk",
        "price": 9
    },
    {
        "category": "household",
        "href": "https://www.woolworths.com.au/shop/productdetails/829086/inspire-basket-large-assorted-colours",
        "imgName": "829086.jpg",
        "imgSrc": "https://cdn0.woolworths.media/content/wowproductimages/medium/829086.jpg",
        "name": "Inspire Basket Large Assorted Colours each",
        "price": 12
    },
    {
        "category": "household",
        "href": "https://www.woolworths.com.au/shop/productdetails/848766/epson-printer-ink-220-std-capacity-yellow",
        "imgName": "848766.jpg",
        "imgSrc": "https://cdn0.woolworths.media/content/wowproductimages/medium/848766.jpg",
        "name": "Epson Printer Ink 220 Std Capacity Yellow each",
        "price": 17
    },
    {
        "category": "household",
        "href": "https://www.woolworths.com.au/shop/productdetails/22207/aerogard-insect-repellent-lotion-roll-on-tropical",
        "imgName": "022207.jpg",
        "imgSrc": "https://cdn0.woolworths.media/content/wowproductimages/medium/022207.jpg",
        "name": "Aerogard Insect Repellent Lotion Roll On Tropical 50ml",
        "price": 5.45,
        "unitPrice": "$10.90 / 100ML"
    },
    {
        "category": "household",
        "href": "https://www.woolworths.com.au/shop/productdetails/259472/preen-vanish-stain-remover-ultra-degreaser-aerosol",
        "imgName": "259472.jpg",
        "imgSrc": "https://cdn0.woolworths.media/content/wowproductimages/medium/259472.jpg",
        "name": "Preen Vanish Stain Remover Ultra Degreaser Aerosol 250g",
        "price": 5.82,
        "unitPrice": "$23.28 / 1KG"
    },
    {
        "category": "household",
        "href": "https://www.woolworths.com.au/shop/productdetails/340015/bare-essentials-borax",
        "imgName": "340015.jpg",
        "imgSrc": "https://cdn0.woolworths.media/content/wowproductimages/medium/340015.jpg",
        "name": "Bare Essentials Borax  500g",
        "price": 4.5,
        "unitPrice": "$0.90 / 100G"
    },
    {
        "category": "household",
        "href": "https://www.woolworths.com.au/shop/productdetails/379159/decor-tellfresh-cupcake-storer-oblong",
        "imgName": "379159.jpg",
        "imgSrc": "https://cdn0.woolworths.media/content/wowproductimages/medium/379159.jpg",
        "name": "Decor Tellfresh Cupcake  Storer Oblong each",
        "price": 9.99
    },
    {
        "category": "household",
        "href": "https://www.woolworths.com.au/shop/productdetails/45245/homebrand-grease-proof-paper",
        "imgName": "045245.jpg",
        "imgSrc": "https://cdn0.woolworths.media/content/wowproductimages/medium/045245.jpg",
        "name": "Homebrand Grease Proof Paper 30cmx3m",
        "price": 1.4,
        "unitPrice": "$0.05 / 1M"
    },
    {
        "category": "household",
        "href": "https://www.woolworths.com.au/shop/productdetails/562001/select-sponge-mop-refill",
        "imgName": "562001.jpg",
        "imgSrc": "https://cdn0.woolworths.media/content/wowproductimages/medium/562001.jpg",
        "name": "Select Sponge Mop Refill each",
        "price": 4.99,
        "unitPrice": "$4.99 / 1EA"
    },
    {
        "category": "household",
        "href": "https://www.woolworths.com.au/shop/productdetails/626879/paperclick-desktop-usb-fan",
        "imgName": "626879.jpg",
        "imgSrc": "https://cdn0.woolworths.media/content/wowproductimages/medium/626879.jpg",
        "name": "Paperclick Desktop Usb Fan each",
        "price": 9
    },
    {
        "category": "household",
        "href": "https://www.woolworths.com.au/shop/productdetails/642969/energizer-classic-screen-protector-iphone-6-7-8",
        "imgName": "642969.jpg",
        "imgSrc": "https://cdn0.woolworths.media/content/wowproductimages/medium/642969.jpg",
        "name": "Energizer Classic Screen Protector Iphone 6/7/8 each",
        "price": 15
    },
    {
        "category": "household",
        "href": "https://www.woolworths.com.au/shop/productdetails/659704/elmers-slime-starter-kit",
        "imgName": "659704.jpg",
        "imgSrc": "https://cdn0.woolworths.media/content/wowproductimages/medium/659704.jpg",
        "name": "Elmers Slime Starter Kit each",
        "price": 20
    },
    {
        "category": "household",
        "href": "https://www.woolworths.com.au/shop/productdetails/695421/travel-mug-stainless-steel-black",
        "imgName": "695421.jpg",
        "imgSrc": "https://cdn0.woolworths.media/content/wowproductimages/medium/695421.jpg",
        "name": "Travel Mug Stainless Steel Black each",
        "price": 9.5
    },
    {
        "category": "household",
        "href": "https://www.woolworths.com.au/shop/productdetails/732315/womens-fitness",
        "imgName": "732315.jpg",
        "imgSrc": "https://cdn0.woolworths.media/content/wowproductimages/medium/732315.jpg",
        "name": "Womens Fitness",
        "price": 6.95
    },
    {
        "category": "household",
        "href": "https://www.woolworths.com.au/shop/productdetails/881328/woolworths-highlighters-assorted-colours",
        "imgName": "881328.jpg",
        "imgSrc": "https://cdn0.woolworths.media/content/wowproductimages/medium/881328.jpg",
        "name": "Woolworths Highlighters Assorted Colours 6pk",
        "price": 4
    },
    {
        "category": "household",
        "href": "https://www.woolworths.com.au/shop/productdetails/8959/essentials-bleach-lemon",
        "imgName": "008959.jpg",
        "imgSrc": "https://cdn0.woolworths.media/content/wowproductimages/medium/008959.jpg",
        "name": "Essentials Bleach Lemon 2l",
        "price": 1.19,
        "unitPrice": "$0.60 / 1L"
    },
    {
        "category": "household",
        "href": "https://www.woolworths.com.au/shop/productdetails/4472/multix-council-liner-garbage-bags",
        "imgName": "004472.jpg",
        "imgSrc": "https://cdn0.woolworths.media/content/wowproductimages/medium/004472.jpg",
        "name": "Multix Council Liner Garbage Bags 240l 10pk",
        "price": 5.5,
        "unitPrice": "$0.55 / 1EA"
    },
    {
        "category": "household",
        "href": "https://www.woolworths.com.au/shop/productdetails/7381/country-style",
        "imgName": "007381.jpg",
        "imgSrc": "https://cdn0.woolworths.media/content/wowproductimages/medium/007381.jpg",
        "name": "Country Style",
        "price": 8.2
    },
    {
        "category": "household",
        "href": "https://www.woolworths.com.au/shop/productdetails/7414/essentials-cutlery-stainless-steel-teaspoon",
        "imgName": "007414.jpg",
        "imgSrc": "https://cdn0.woolworths.media/content/wowproductimages/medium/007414.jpg",
        "name": "Essentials Cutlery Stainless Steel Teaspoon 4pk",
        "price": 6
    },
    {
        "category": "household",
        "href": "https://www.woolworths.com.au/shop/productdetails/7417/essentials-cutlery-stainless-steel-dessert-spoon",
        "imgName": "007417.jpg",
        "imgSrc": "https://cdn0.woolworths.media/content/wowproductimages/medium/007417.jpg",
        "name": "Essentials Cutlery Stainless Steel Dessert Spoon 4pk"
    },
    {
        "category": "household",
        "href": "https://www.woolworths.com.au/shop/productdetails/6617/razzamatazz-body-magic-pantyhose-control-soft-tan-medium",
        "imgName": "006617.jpg",
        "imgSrc": "https://cdn0.woolworths.media/content/wowproductimages/medium/006617.jpg",
        "name": "Razzamatazz Body Magic Pantyhose Control Soft Tan Medium each",
        "price": 8
    },
    {
        "category": "household",
        "href": "https://www.woolworths.com.au/shop/productdetails/74728/super-food-ideas",
        "imgName": "074728.jpg",
        "imgSrc": "https://cdn0.woolworths.media/content/wowproductimages/medium/074728.jpg",
        "name": "Super Food Ideas",
        "price": 3.2
    },
    {
        "category": "household",
        "href": "https://www.woolworths.com.au/shop/productdetails/64343/home-handyman-tape-gaffa-repair",
        "imgName": "064343.jpg",
        "imgSrc": "https://cdn0.woolworths.media/content/wowproductimages/medium/064343.jpg",
        "name": "Home Handyman Tape Gaffa Repair 20m",
        "price": 6,
        "unitPrice": "$0.30 / 1M"
    },
    {
        "category": "household",
        "href": "https://www.woolworths.com.au/shop/productdetails/47621/essentials-laundry-liquid",
        "imgName": "047621.jpg",
        "imgSrc": "https://cdn0.woolworths.media/content/wowproductimages/medium/047621.jpg",
        "name": "Essentials Laundry Liquid 2l",
        "price": 1.49,
        "unitPrice": "$0.75 / 1L"
    },
    {
        "category": "household",
        "href": "https://www.woolworths.com.au/shop/productdetails/79424/immerse-plug-bath-basin-plug-32mm",
        "imgName": "079424.jpg",
        "imgSrc": "https://cdn0.woolworths.media/content/wowproductimages/medium/079424.jpg",
        "name": "Immerse Plug Bath & Basin Plug 32mm each",
        "price": 3.5
    },
    {
        "category": "household",
        "href": "https://www.woolworths.com.au/shop/productdetails/100102/good-health-magazine",
        "imgName": "100102.jpg",
        "imgSrc": "https://cdn0.woolworths.media/content/wowproductimages/medium/100102.jpg",
        "name": "Good Health Magazine  each",
        "price": 7.2
    },
    {
        "category": "household",
        "href": "https://www.woolworths.com.au/shop/productdetails/147426/ansell-handy-clean-gloves-disposable-multi-purpose",
        "imgName": "147426.jpg",
        "imgSrc": "https://cdn0.woolworths.media/content/wowproductimages/medium/147426.jpg",
        "name": "Ansell Handy Clean Gloves Disposable Multi-purpose 100pk",
        "price": 10.99,
        "unitPrice": "$0.11 / 1EA"
    },
    {
        "category": "household",
        "href": "https://www.woolworths.com.au/shop/productdetails/173959/purity-top-front-loader-sensitive",
        "imgName": "173959.jpg",
        "imgSrc": "https://cdn0.woolworths.media/content/wowproductimages/medium/173959.jpg",
        "name": "Purity Top & Front Loader Sensitive 1.25l",
        "price": 3.8,
        "unitPrice": "$3.04 / 1L"
    },
    {
        "category": "household",
        "href": "https://www.woolworths.com.au/shop/productdetails/169513/5-star-diy-degreaser",
        "imgName": "169513.jpg",
        "imgSrc": "https://cdn0.woolworths.media/content/wowproductimages/medium/169513.jpg",
        "name": "5 Star Diy Degreaser 400g",
        "price": 3,
        "unitPrice": "$0.75 / 100G"
    },
    {
        "category": "household",
        "href": "https://www.woolworths.com.au/shop/productdetails/168353/donna-hay-magazine",
        "imgName": "168353.jpg",
        "imgSrc": "https://cdn0.woolworths.media/content/wowproductimages/medium/168353.jpg",
        "name": "Donna Hay Magazine",
        "price": 8.5
    },
    {
        "category": "household",
        "href": "https://www.woolworths.com.au/shop/productdetails/188365/woolworths-essentials-envelopes-c6",
        "imgName": "188365.jpg",
        "imgSrc": "https://cdn0.woolworths.media/content/wowproductimages/medium/188365.jpg",
        "name": "Woolworths Essentials Envelopes C6 100pk"
    },
    {
        "category": "household",
        "href": "https://www.woolworths.com.au/shop/productdetails/191456/habee-savers-hook-loop-self-stick",
        "imgName": "191456.jpg",
        "imgSrc": "https://cdn0.woolworths.media/content/wowproductimages/medium/191456.jpg",
        "name": "Habee Savers Hook & Loop Self Stick 20mm x 1m",
        "price": 6.5
    },
    {
        "category": "household",
        "href": "https://www.woolworths.com.au/shop/productdetails/218062/mr-muscle-ultra-gel-drain-cleaner",
        "imgName": "218062.jpg",
        "imgSrc": "https://cdn0.woolworths.media/content/wowproductimages/medium/218062.jpg",
        "name": "Mr Muscle Ultra Gel Drain Cleaner 750ml",
        "price": 12.48,
        "unitPrice": "$1.66 / 100ML"
    },
    {
        "category": "household",
        "href": "https://www.woolworths.com.au/shop/productdetails/188580/mania-magazine",
        "imgName": "188580.jpg",
        "imgSrc": "https://cdn0.woolworths.media/content/wowproductimages/medium/188580.jpg",
        "name": "Mania Magazine  each",
        "price": 5.99
    },
    {
        "category": "household",
        "href": "https://www.woolworths.com.au/shop/productdetails/240726/decor-tellfresh-cereal-server",
        "imgName": "240726.jpg",
        "imgSrc": "https://cdn0.woolworths.media/content/wowproductimages/medium/240726.jpg",
        "name": "Decor Tellfresh Cereal Server  5l",
        "price": 9.99
    },
    {
        "category": "household",
        "href": "https://www.woolworths.com.au/shop/productdetails/218941/mr-clean-dirt-buster",
        "imgName": "218941.jpg",
        "imgSrc": "https://cdn0.woolworths.media/content/wowproductimages/medium/218941.jpg",
        "name": "Mr. Clean Dirt Buster  each",
        "price": 3.89
    },
    {
        "category": "household",
        "href": "https://www.woolworths.com.au/shop/productdetails/250145/essentials-scourer-sponge",
        "imgName": "250145.jpg",
        "imgSrc": "https://cdn0.woolworths.media/content/wowproductimages/medium/250145.jpg",
        "name": "Essentials Scourer Sponge 6pk",
        "price": 1.98,
        "unitPrice": "$0.33 / 1EA"
    },
    {
        "category": "household",
        "href": "https://www.woolworths.com.au/shop/productdetails/257518/vileda-mop-supermocio-extra-long-refill",
        "imgName": "257518.jpg",
        "imgSrc": "https://cdn0.woolworths.media/content/wowproductimages/medium/257518.jpg",
        "name": "Vileda Mop Supermocio Extra Long Refill each",
        "price": 12.49
    },
    {
        "category": "household",
        "href": "https://www.woolworths.com.au/shop/productdetails/307609/rio-mens-sports-socks-crew-white-6-10",
        "imgName": "307609.jpg",
        "imgSrc": "https://cdn0.woolworths.media/content/wowproductimages/medium/307609.jpg",
        "name": "Rio Mens Sports Socks Crew White 6-10 5pk",
        "price": 14,
        "unitPrice": "$2.80 / 1EA"
    },
    {
        "category": "household",
        "href": "https://www.woolworths.com.au/shop/productdetails/305694/home-essentials-utensil-beech-wood-mixing-spoon",
        "imgName": "305694.jpg",
        "imgSrc": "https://cdn0.woolworths.media/content/wowproductimages/medium/305694.jpg",
        "name": "Home Essentials Utensil Beech Wood Mixing Spoon each",
        "price": 3
    },
    {
        "category": "household",
        "href": "https://www.woolworths.com.au/shop/productdetails/251237/sorbent-flushable-wipes-clean-fresh-refill",
        "imgName": "251237.jpg",
        "imgSrc": "https://cdn0.woolworths.media/content/wowproductimages/medium/251237.jpg",
        "name": "Sorbent Flushable Wipes Clean & Fresh Refill 40pk",
        "price": 3.5,
        "unitPrice": "$8.75 / 100SS"
    },
    {
        "category": "household",
        "href": "https://www.woolworths.com.au/shop/productdetails/381444/epson-printer-ink-73n-yellow",
        "imgName": "381444.jpg",
        "imgSrc": "https://cdn0.woolworths.media/content/wowproductimages/medium/381444.jpg",
        "name": "Epson Printer Ink 73n Yellow each",
        "price": 25
    },
    {
        "category": "household",
        "href": "https://www.woolworths.com.au/shop/productdetails/325111/vileda-mop-extra-long-cotton",
        "imgName": "325111.jpg",
        "imgSrc": "https://cdn0.woolworths.media/content/wowproductimages/medium/325111.jpg",
        "name": "Vileda Mop Extra Long Cotton each",
        "price": 12
    },
    {
        "category": "household",
        "href": "https://www.woolworths.com.au/shop/productdetails/432488/inspire-embossed-mug-charcoal",
        "imgName": "432488.jpg",
        "imgSrc": "https://cdn0.woolworths.media/content/wowproductimages/medium/432488.jpg",
        "name": "Inspire Embossed Mug Charcoal each",
        "price": 4
    },
    {
        "category": "household",
        "href": "https://www.woolworths.com.au/shop/productdetails/339809/razzamatazz-pantyhose-control-brazen-medium",
        "imgName": "339809.jpg",
        "imgSrc": "https://cdn0.woolworths.media/content/wowproductimages/medium/339809.jpg",
        "name": "Razzamatazz Pantyhose Control Brazen Medium 2pk",
        "price": 6
    },
    {
        "category": "household",
        "href": "https://www.woolworths.com.au/shop/productdetails/402281/philips-led-35lm-e27-6500k-p45",
        "imgName": "402281.jpg",
        "imgSrc": "https://cdn0.woolworths.media/content/wowproductimages/medium/402281.jpg",
        "name": "Philips Led 35lm E27 6500k P45 1ea",
        "price": 6.99,
        "unitPrice": "$6.99 / 1EA"
    },
    {
        "category": "household",
        "href": "https://www.woolworths.com.au/shop/productdetails/382588/sistema-klip-it-plasticware-lunch-plus",
        "imgName": "382588.jpg",
        "imgSrc": "https://cdn0.woolworths.media/content/wowproductimages/medium/382588.jpg",
        "name": "Sistema Klip It Plasticware Lunch Plus 2pk",
        "price": 8.99,
        "unitPrice": "$4.50 / 1EA"
    },
    {
        "category": "household",
        "href": "https://www.woolworths.com.au/shop/productdetails/432485/inspire-soup-mug-charcoal",
        "imgName": "432485.jpg",
        "imgSrc": "https://cdn0.woolworths.media/content/wowproductimages/medium/432485.jpg",
        "name": "Inspire Soup Mug Charcoal 500ml",
        "price": 4
    },
    {
        "category": "household",
        "href": "https://www.woolworths.com.au/shop/productdetails/514474/star-wars-collection-pac-blind-bags",
        "imgName": "514474.jpg",
        "imgSrc": "https://cdn0.woolworths.media/content/wowproductimages/medium/514474.jpg",
        "name": "Star Wars Collection Pac Blind Bags  1ea",
        "price": 4
    },
    {
        "category": "household",
        "href": "https://www.woolworths.com.au/shop/productdetails/477719/arctic-zone-12-can-zipperless-cooler",
        "imgName": "477719.jpg",
        "imgSrc": "https://cdn0.woolworths.media/content/wowproductimages/medium/477719.jpg",
        "name": "Arctic Zone 12 Can Zipperless Cooler  each",
        "price": 18
    },
    {
        "category": "household",
        "href": "https://www.woolworths.com.au/shop/productdetails/442205/onix-steam-mop",
        "imgName": "442205.jpg",
        "imgSrc": "https://cdn0.woolworths.media/content/wowproductimages/medium/442205.jpg",
        "name": "Onix Steam Mop  each",
        "price": 45
    },
    {
        "category": "household",
        "href": "https://www.woolworths.com.au/shop/productdetails/495481/decor-pumped-graphic-insulated-slider-sport-bottle",
        "imgName": "495481.jpg",
        "imgSrc": "https://cdn0.woolworths.media/content/wowproductimages/medium/495481.jpg",
        "name": "Decor Pumped Graphic Insulated Slider Sport Bottle 750ml each",
        "price": 11.99
    },
    {
        "category": "household",
        "href": "https://www.woolworths.com.au/shop/productdetails/562003/select-spray-mop",
        "imgName": "562003.jpg",
        "imgSrc": "https://cdn0.woolworths.media/content/wowproductimages/medium/562003.jpg",
        "name": "Select Spray Mop  each",
        "price": 20,
        "unitPrice": "$20.00 / 1EA"
    },
    {
        "category": "household",
        "href": "https://www.woolworths.com.au/shop/productdetails/651999/elmers-school-glue",
        "imgName": "651999.jpg",
        "imgSrc": "https://cdn0.woolworths.media/content/wowproductimages/medium/651999.jpg",
        "name": "Elmers School Glue  225ml",
        "price": 6
    },
    {
        "category": "household",
        "href": "https://www.woolworths.com.au/shop/productdetails/501682/seasol-seaweed-ezi-spray-hose-on",
        "imgName": "501682.jpg",
        "imgSrc": "https://cdn0.woolworths.media/content/wowproductimages/medium/501682.jpg",
        "name": "Seasol Seaweed Ezi Spray Hose On 1l",
        "price": 7,
        "unitPrice": "$0.70 / 100ML"
    },
    {
        "category": "household",
        "href": "https://www.woolworths.com.au/shop/productdetails/520316/jackson-automatic-white-led-nightlight-vertical-style",
        "imgName": "520316.jpg",
        "imgSrc": "https://cdn0.woolworths.media/content/wowproductimages/medium/520316.jpg",
        "name": "Jackson Automatic White Led Nightlight - Vertical Style each",
        "price": 9.99
    },
    {
        "category": "household",
        "href": "https://www.woolworths.com.au/shop/productdetails/524419/energizer-charger-micro-usb-1usb-black",
        "imgName": "524419.jpg",
        "imgSrc": "https://cdn0.woolworths.media/content/wowproductimages/medium/524419.jpg",
        "name": "Energizer Charger Micro Usb 1usb Black each",
        "price": 25
    },
    {
        "category": "household",
        "href": "https://www.woolworths.com.au/shop/productdetails/733577/home-essentials-dinnerware-sauce-dish-9x3-5cm",
        "imgName": "733577.jpg",
        "imgSrc": "https://cdn0.woolworths.media/content/wowproductimages/medium/733577.jpg",
        "name": "Home Essentials Dinnerware Sauce Dish 9x3.5cm each",
        "price": 2
    },
    {
        "category": "household",
        "href": "https://www.woolworths.com.au/shop/productdetails/720968/woolworths-plastic-bowls-white",
        "imgName": "720968.jpg",
        "imgSrc": "https://cdn0.woolworths.media/content/wowproductimages/medium/720968.jpg",
        "name": "Woolworths Plastic Bowls White 20pk",
        "price": 3,
        "unitPrice": "$0.15 / 1EA"
    },
    {
        "category": "household",
        "href": "https://www.woolworths.com.au/shop/productdetails/727630/b-green-organic-garden-fertiliser-slow-release",
        "imgName": "727630.jpg",
        "imgSrc": "https://cdn0.woolworths.media/content/wowproductimages/medium/727630.jpg",
        "name": "B-green Organic Garden Fertiliser Slow Release 600g",
        "price": 5.5,
        "unitPrice": "$0.92 / 100G"
    },
    {
        "category": "household",
        "href": "https://www.woolworths.com.au/shop/productdetails/707711/dylon-ultra-whitener-oxi-stain-remover-hygiene",
        "imgName": "707711.jpg",
        "imgSrc": "https://cdn0.woolworths.media/content/wowproductimages/medium/707711.jpg",
        "name": "Dylon Ultra Whitener & Oxi Stain Remover Hygiene 6pk",
        "price": 9.49,
        "unitPrice": "$1.58 / 1EA"
    },
    {
        "category": "household",
        "href": "https://www.woolworths.com.au/shop/productdetails/765884/sorbent-flushable-wipes-kids",
        "imgName": "765884.jpg",
        "imgSrc": "https://cdn0.woolworths.media/content/wowproductimages/medium/765884.jpg",
        "name": "Sorbent Flushable Wipes Kids 40pk",
        "price": 3.5,
        "unitPrice": "$8.75 / 100SS"
    },
    {
        "category": "household",
        "href": "https://www.woolworths.com.au/shop/productdetails/741295/philips-halogen-clear-candle-ses-base-2pk",
        "imgName": "741295.jpg",
        "imgSrc": "https://cdn0.woolworths.media/content/wowproductimages/medium/741295.jpg",
        "name": "Philips Halogen Clear Candle Ses Base 2pk 2pk",
        "price": 5.5,
        "unitPrice": "$2.75 / 1EA"
    },
    {
        "category": "household",
        "href": "https://www.woolworths.com.au/shop/productdetails/724750/arcosteel-cookware-griddle-pan-28cm",
        "imgName": "724750.jpg",
        "imgSrc": "https://cdn0.woolworths.media/content/wowproductimages/medium/724750.jpg",
        "name": "Arcosteel Cookware Griddle Pan 28cm each",
        "price": 20.5
    },
    {
        "category": "household",
        "href": "https://www.woolworths.com.au/shop/productdetails/725465/woolworths-essentials-clips-spring-50mm",
        "imgName": "725465.jpg",
        "imgSrc": "https://cdn0.woolworths.media/content/wowproductimages/medium/725465.jpg",
        "name": "Woolworths Essentials Clips Spring 50mm 3pk",
        "price": 3
    },
    {
        "category": "household",
        "href": "https://www.woolworths.com.au/shop/productdetails/789785/party-costume-glow-spray-wand",
        "imgName": "789785.jpg",
        "imgSrc": "https://cdn0.woolworths.media/content/wowproductimages/medium/789785.jpg",
        "name": "Party Costume Glow Spray Wand each",
        "price": 2
    },
    {
        "category": "household",
        "href": "https://www.woolworths.com.au/shop/productdetails/791635/woolworths-lunch-serviettes-2ply-blue",
        "imgName": "791635.jpg",
        "imgSrc": "https://cdn0.woolworths.media/content/wowproductimages/medium/791635.jpg",
        "name": "Woolworths Lunch Serviettes 2ply Blue 50pk",
        "price": 3,
        "unitPrice": "$0.06 / 1EA"
    },
    {
        "category": "household",
        "href": "https://www.woolworths.com.au/shop/productdetails/946734/maped-scissors-zenoa-fit",
        "imgName": "946734.jpg",
        "imgSrc": "https://cdn0.woolworths.media/content/wowproductimages/medium/946734.jpg",
        "name": "Maped Scissors Zenoa Fit 13cm each",
        "price": 3
    },
    {
        "category": "household",
        "href": "https://www.woolworths.com.au/shop/productdetails/866809/windex-glass-surface-wipes",
        "imgName": "866809.jpg",
        "imgSrc": "https://cdn0.woolworths.media/content/wowproductimages/medium/866809.jpg",
        "name": "Windex Glass & Surface Wipes 28pk",
        "price": 4.49,
        "unitPrice": "$0.16 / 1EA"
    },
    {
        "category": "household",
        "href": "https://www.woolworths.com.au/shop/productdetails/887225/canon-printer-ink-pg645cl646cp",
        "imgName": "887225.jpg",
        "imgSrc": "https://cdn0.woolworths.media/content/wowproductimages/medium/887225.jpg",
        "name": "Canon Printer Ink Pg645cl646cp each",
        "price": 55
    },
    {
        "category": "household",
        "href": "https://www.woolworths.com.au/shop/productdetails/847932/epson-printer-ink-220-std-capacity-black",
        "imgName": "847932.jpg",
        "imgSrc": "https://cdn0.woolworths.media/content/wowproductimages/medium/847932.jpg",
        "name": "Epson Printer Ink 220 Std Capacity Black each",
        "price": 17
    },
    {
        "category": "household",
        "href": "https://www.woolworths.com.au/shop/productdetails/853878/essentials-coloured-bowl-set",
        "imgName": "853878.jpg",
        "imgSrc": "https://cdn0.woolworths.media/content/wowproductimages/medium/853878.jpg",
        "name": "Essentials Coloured Bowl Set 6pc",
        "price": 12
    },
    {
        "category": "household",
        "href": "https://www.woolworths.com.au/shop/productdetails/90000023/earthchoice-complete-house-cleaning-7pk-bundle",
        "imgName": "90000023.jpg",
        "imgSrc": "https://cdn0.woolworths.media/content/wowproductimages/medium/90000023.jpg",
        "name": "Earthchoice Complete House Cleaning 7pk Bundle",
        "price": 20
    },
    {
        "category": "household",
        "href": "https://www.woolworths.com.au/shop/productdetails/90000850/omo-sensitive-2l-comfort-sky-blue-800ml-bundle",
        "imgName": "90000850.jpg",
        "imgSrc": "https://cdn0.woolworths.media/content/wowproductimages/medium/90000850.jpg",
        "name": "Omo Sensitive 2l & Comfort Sky Blue 800ml Bundle",
        "price": 22
    },
    {
        "category": "household",
        "href": "https://www.woolworths.com.au/shop/productdetails/90000401/home-essentials-small-glass-jar-2pk-bundle",
        "imgName": "90000401.jpg",
        "imgSrc": "https://cdn0.woolworths.media/content/wowproductimages/medium/90000401.jpg",
        "name": "Home Essentials Small Glass Jar 2pk Bundle",
        "price": 3,
        "unitPrice": "$1.50 / 1EA"
    },
    {
        "category": "household",
        "href": "https://www.woolworths.com.au/shop/productdetails/882389/woolworths-kids-jumbo-chalk",
        "imgName": "882389.jpg",
        "imgSrc": "https://cdn0.woolworths.media/content/wowproductimages/medium/882389.jpg",
        "name": "Woolworths Kids Jumbo Chalk  10pk",
        "price": 3
    },
    {
        "category": "household",
        "href": "https://www.woolworths.com.au/shop/productdetails/789491/post-it-page-markers-neon",
        "imgName": "789491.jpg",
        "imgSrc": "https://cdn0.woolworths.media/content/wowproductimages/medium/789491.jpg",
        "name": "Post-it\u00ae Page Markers Neon 5pk",
        "price": 3.5
    },
    {
        "category": "household",
        "href": "https://www.woolworths.com.au/shop/productdetails/619630/texta-laser-colouring-markers",
        "imgName": "619630.jpg",
        "imgSrc": "https://cdn0.woolworths.media/content/wowproductimages/medium/619630.jpg",
        "name": "Texta Laser Colouring Markers 12pk",
        "price": 10
    },
    {
        "category": "household",
        "href": "https://www.woolworths.com.au/shop/productdetails/787466/woolworths-select-cutlery-clear",
        "imgName": "787466.jpg",
        "imgSrc": "https://cdn0.woolworths.media/content/wowproductimages/medium/787466.jpg",
        "name": "Woolworths Select Cutlery Clear 18pk",
        "price": 3,
        "unitPrice": "$0.17 / 1EA"
    },
    {
        "category": "household",
        "href": "https://www.woolworths.com.au/shop/productdetails/615010/paperclick-mini-whiteboard-set",
        "imgName": "615010.jpg",
        "imgSrc": "https://cdn0.woolworths.media/content/wowproductimages/medium/615010.jpg",
        "name": "Paperclick Mini Whiteboard Set  1ea",
        "price": 5
    },
    {
        "category": "household",
        "href": "https://www.woolworths.com.au/shop/productdetails/579165/onix-bagless-vacuum-cleaner",
        "imgName": "579165.jpg",
        "imgSrc": "https://cdn0.woolworths.media/content/wowproductimages/medium/579165.jpg",
        "name": "Onix Bagless Vacuum Cleaner each",
        "price": 54
    },
    {
        "category": "household",
        "href": "https://www.woolworths.com.au/shop/productdetails/652868/ajax-all-in-one-intense-fresh",
        "imgName": "652868.jpg",
        "imgSrc": "https://cdn0.woolworths.media/content/wowproductimages/medium/652868.jpg",
        "name": "Ajax All In One Intense Fresh 700ml",
        "price": 6,
        "unitPrice": "$0.86 / 100ML"
    },
    {
        "category": "household",
        "href": "https://www.woolworths.com.au/shop/productdetails/610270/decor-bamboo-bowl-pebble",
        "imgName": "610270.jpg",
        "imgSrc": "https://cdn0.woolworths.media/content/wowproductimages/medium/610270.jpg",
        "name": "Decor Bamboo Bowl Pebble each",
        "price": 4,
        "unitPrice": "$4.00 / 1EA"
    },
    {
        "category": "household",
        "href": "https://www.woolworths.com.au/shop/productdetails/733680/woolworths-essentials-underwear-women-s-bikini-size-12-14",
        "imgName": "733680.jpg",
        "imgSrc": "https://cdn0.woolworths.media/content/wowproductimages/medium/733680.jpg",
        "name": "Woolworths Essentials Underwear Women's Bikini Size 12-14 each",
        "price": 10
    },
    {
        "category": "household",
        "href": "https://www.woolworths.com.au/shop/productdetails/580015/air-wick-electric-twin-refill-seasonal",
        "imgName": "580015.jpg",
        "imgSrc": "https://cdn0.woolworths.media/content/wowproductimages/medium/580015.jpg",
        "name": "Air Wick Electric Twin Refill Seasonal 2pk 19ml",
        "price": 9.99,
        "unitPrice": "$26.29 / 100ML"
    },
    {
        "category": "household",
        "href": "https://www.woolworths.com.au/shop/productdetails/882393/woolworths-staples-no-26-6",
        "imgName": "882393.jpg",
        "imgSrc": "https://cdn0.woolworths.media/content/wowproductimages/medium/882393.jpg",
        "name": "Woolworths Staples No. 26/6  2pk",
        "price": 2
    },
    {
        "category": "household",
        "href": "https://www.woolworths.com.au/shop/productdetails/633949/philips-led-806lm-cool-white-bayonet-cap",
        "imgName": "633949.jpg",
        "imgSrc": "https://cdn0.woolworths.media/content/wowproductimages/medium/633949.jpg",
        "name": "Philips Led 806lm Cool White Bayonet Cap 3pk",
        "price": 20,
        "unitPrice": "$6.67 / 1EA"
    },
    {
        "category": "household",
        "href": "https://www.woolworths.com.au/shop/productdetails/870341/vileda-attractive-plus-floor-cleaning-kit",
        "imgName": "870341.jpg",
        "imgSrc": "https://cdn0.woolworths.media/content/wowproductimages/medium/870341.jpg",
        "name": "Vileda Attractive Plus Floor Cleaning Kit each",
        "price": 24.99,
        "unitPrice": "$24.99 / 1EA"
    },
    {
        "category": "household",
        "href": "https://www.woolworths.com.au/shop/productdetails/521473/sharpie-ultra-fine-pens",
        "imgName": "521473.jpg",
        "imgSrc": "https://cdn0.woolworths.media/content/wowproductimages/medium/521473.jpg",
        "name": "Sharpie Ultra Fine Pens  8pk",
        "price": 16,
        "unitPrice": "$2.00 / 1EA"
    },
    {
        "category": "household",
        "href": "https://www.woolworths.com.au/shop/productdetails/758148/wiltshire-bakeware-enamel-bake-baker-28cm",
        "imgName": "758148.jpg",
        "imgSrc": "https://cdn0.woolworths.media/content/wowproductimages/medium/758148.jpg",
        "name": "Wiltshire Bakeware Enamel Bake Baker 28cm each",
        "price": 15
    },
    {
        "category": "household",
        "href": "https://www.woolworths.com.au/shop/productdetails/574728/quilton-tuffy-paper-towel-white-4ply",
        "imgName": "574728.jpg",
        "imgSrc": "https://cdn0.woolworths.media/content/wowproductimages/medium/574728.jpg",
        "name": "Quilton Tuffy Paper Towel White 4ply 3pk",
        "price": 4.3,
        "unitPrice": "$2.39 / 100SS"
    },
    {
        "category": "household",
        "href": "https://www.woolworths.com.au/shop/productdetails/583758/air-wick-pure-aerosol-spring-delight",
        "imgName": "583758.jpg",
        "imgSrc": "https://cdn0.woolworths.media/content/wowproductimages/medium/583758.jpg",
        "name": "Air Wick Pure Aerosol Spring Delight 159g",
        "price": 6.5,
        "unitPrice": "$4.09 / 100G"
    },
    {
        "category": "household",
        "href": "https://www.woolworths.com.au/shop/productdetails/622963/duck-toilet-fresh-disc-bleach-citrus",
        "imgName": "622963.jpg",
        "imgSrc": "https://cdn0.woolworths.media/content/wowproductimages/medium/622963.jpg",
        "name": "Duck Toilet Fresh Disc Bleach Citrus 36ml",
        "price": 5.8,
        "unitPrice": "$16.11 / 100ML"
    },
    {
        "category": "household",
        "href": "https://www.woolworths.com.au/shop/productdetails/455620/sabco-breeze-mop",
        "imgName": "455620.jpg",
        "imgSrc": "https://cdn0.woolworths.media/content/wowproductimages/medium/455620.jpg",
        "name": "Sabco Breeze Mop  each",
        "price": 14.99
    },
    {
        "category": "household",
        "href": "https://www.woolworths.com.au/shop/productdetails/409457/adesso-5-cup-rice-cooker",
        "imgName": "409457.jpg",
        "imgSrc": "https://cdn0.woolworths.media/content/wowproductimages/medium/409457.jpg",
        "name": "Adesso 5 Cup Rice Cooker each",
        "price": 20
    },
    {
        "category": "household",
        "href": "https://www.woolworths.com.au/shop/productdetails/788955/party-candle-pick",
        "imgName": "788955.jpg",
        "imgSrc": "https://cdn0.woolworths.media/content/wowproductimages/medium/788955.jpg",
        "name": "Party Candle Pick 6pk",
        "price": 4,
        "unitPrice": "$0.67 / 1EA"
    },
    {
        "category": "household",
        "href": "https://www.woolworths.com.au/shop/productdetails/789688/woolworths-select-power-dish-brush",
        "imgName": "789688.jpg",
        "imgSrc": "https://cdn0.woolworths.media/content/wowproductimages/medium/789688.jpg",
        "name": "Woolworths Select Power Dish Brush  1ea",
        "price": 2.99,
        "unitPrice": "$2.99 / 1EA"
    },
    {
        "category": "household",
        "href": "https://www.woolworths.com.au/shop/productdetails/508663/air-wick-freshener",
        "imgName": "508663.jpg",
        "imgSrc": "https://cdn0.woolworths.media/content/wowproductimages/medium/508663.jpg",
        "name": "Air Wick Freshener  each",
        "price": 9.99,
        "unitPrice": "$9.99 / 1EA"
    },
    {
        "category": "household",
        "href": "https://www.woolworths.com.au/shop/productdetails/572065/philips-led-gu10-warm",
        "imgName": "572065.jpg",
        "imgSrc": "https://cdn0.woolworths.media/content/wowproductimages/medium/572065.jpg",
        "name": "Philips Led Gu10 Warm 4pk",
        "price": 35
    },
    {
        "category": "household",
        "href": "https://www.woolworths.com.au/shop/productdetails/510499/wiltshire-avocado-saver",
        "imgName": "510499.jpg",
        "imgSrc": "https://cdn0.woolworths.media/content/wowproductimages/medium/510499.jpg",
        "name": "Wiltshire Avocado Saver  each",
        "price": 4.99
    },
    {
        "category": "household",
        "href": "https://www.woolworths.com.au/shop/productdetails/881974/woolworths-whiteboard-with-marker",
        "imgName": "881974.jpg",
        "imgSrc": "https://cdn0.woolworths.media/content/wowproductimages/medium/881974.jpg",
        "name": "Woolworths Whiteboard With Marker  each",
        "price": 5
    },
    {
        "category": "household",
        "href": "https://www.woolworths.com.au/shop/productdetails/777143/home-handyman-tools-screw-in-hooks",
        "imgName": "777143.jpg",
        "imgSrc": "https://cdn0.woolworths.media/content/wowproductimages/medium/777143.jpg",
        "name": "Home Handyman Tools Screw In Hooks 4pk",
        "price": 2,
        "unitPrice": "$0.50 / 1EA"
    },
    {
        "category": "household",
        "href": "https://www.woolworths.com.au/shop/productdetails/521443/expo-chisel-whiteboard-markers-starter-kit",
        "imgName": "521443.jpg",
        "imgSrc": "https://cdn0.woolworths.media/content/wowproductimages/medium/521443.jpg",
        "name": "Expo Chisel Whiteboard Markers Starter Kit 4pk",
        "price": 15,
        "unitPrice": "$3.75 / 1EA"
    },
    {
        "category": "household",
        "href": "https://www.woolworths.com.au/shop/productdetails/409459/adesso-mini-chopper",
        "imgName": "409459.jpg",
        "imgSrc": "https://cdn0.woolworths.media/content/wowproductimages/medium/409459.jpg",
        "name": "Adesso Mini Chopper  each",
        "price": 16
    },
    {
        "category": "household",
        "href": "https://www.woolworths.com.au/shop/productdetails/790355/woolworths-plastic-plates-large-white",
        "imgName": "790355.jpg",
        "imgSrc": "https://cdn0.woolworths.media/content/wowproductimages/medium/790355.jpg",
        "name": "Woolworths Plastic Plates Large White 20pk",
        "price": 7,
        "unitPrice": "$0.35 / 1EA"
    },
    {
        "category": "household",
        "href": "https://www.woolworths.com.au/shop/productdetails/788828/party-decoration-centrepiece-holographic",
        "imgName": "788828.jpg",
        "imgSrc": "https://cdn0.woolworths.media/content/wowproductimages/medium/788828.jpg",
        "name": "Party Decoration Centrepiece Holographic each",
        "price": 5,
        "unitPrice": "$5.00 / 1EA"
    },
    {
        "category": "household",
        "href": "https://www.woolworths.com.au/shop/productdetails/795832/under-works-men-s-sport-cushion-foot-socks-7-10",
        "imgName": "795832.jpg",
        "imgSrc": "https://cdn0.woolworths.media/content/wowproductimages/medium/795832.jpg",
        "name": "Under Works Men's Sport Cushion Foot Socks 7-10 3pk",
        "price": 9,
        "unitPrice": "$3.00 / 1EA"
    },
    {
        "category": "household",
        "href": "https://www.woolworths.com.au/shop/productdetails/778089/woolworths-select-scrubbing-brush-with-handle",
        "imgName": "778089.jpg",
        "imgSrc": "https://cdn0.woolworths.media/content/wowproductimages/medium/778089.jpg",
        "name": "Woolworths Select Scrubbing Brush With Handle each",
        "price": 4.99,
        "unitPrice": "$4.99 / 1EA"
    },
    {
        "category": "household",
        "href": "https://www.woolworths.com.au/shop/productdetails/648164/crayola-doodle-scents-scented-markers",
        "imgName": "648164.jpg",
        "imgSrc": "https://cdn0.woolworths.media/content/wowproductimages/medium/648164.jpg",
        "name": "Crayola Doodle Scents Scented Markers 12pk",
        "price": 7
    },
    {
        "category": "household",
        "href": "https://www.woolworths.com.au/shop/productdetails/935630/spirax-5-subject-book-a4-assorted-colours",
        "imgName": "935630.jpg",
        "imgSrc": "https://cdn0.woolworths.media/content/wowproductimages/medium/935630.jpg",
        "name": "Spirax 5 Subject Book A4 Assorted Colours 250pg each",
        "price": 8
    },
    {
        "category": "household",
        "href": "https://www.woolworths.com.au/shop/productdetails/551189/sabco-poly-glass-cotton-mop",
        "imgName": "551189.jpg",
        "imgSrc": "https://cdn0.woolworths.media/content/wowproductimages/medium/551189.jpg",
        "name": "Sabco Poly Glass Cotton Mop ea",
        "price": 14.99
    },
    {
        "category": "household",
        "href": "https://www.woolworths.com.au/shop/productdetails/798226/inspire-500-tc-queen-bed-plain-flat-sheet",
        "imgName": "798226.jpg",
        "imgSrc": "https://cdn0.woolworths.media/content/wowproductimages/medium/798226.jpg",
        "name": "Inspire 500 Tc Queen Bed Plain Flat Sheet each",
        "price": 35
    },
    {
        "category": "household",
        "href": "https://www.woolworths.com.au/shop/productdetails/758129/wiltshire-bakeware-enamel-bake-pie-dish-20cm",
        "imgName": "758129.jpg",
        "imgSrc": "https://cdn0.woolworths.media/content/wowproductimages/medium/758129.jpg",
        "name": "Wiltshire Bakeware Enamel Bake Pie Dish 20cm each",
        "price": 8
    },
    {
        "category": "household",
        "href": "https://www.woolworths.com.au/shop/productdetails/539690/bzyoo-travel-flask",
        "imgName": "539690.jpg",
        "imgSrc": "https://cdn0.woolworths.media/content/wowproductimages/medium/539690.jpg",
        "name": "Bzyoo Travel Flask  350ml",
        "price": 14
    },
    {
        "category": "household",
        "href": "https://www.woolworths.com.au/shop/productdetails/757735/sistema-plasticware-sauce-pot-to-go",
        "imgName": "757735.jpg",
        "imgSrc": "https://cdn0.woolworths.media/content/wowproductimages/medium/757735.jpg",
        "name": "Sistema Plasticware Sauce Pot To Go each",
        "price": 4.99
    },
    {
        "category": "household",
        "href": "https://www.woolworths.com.au/shop/productdetails/504748/duck-toilet-cleaner-5-in-1-rimblock-citrus",
        "imgName": "504748.jpg",
        "imgSrc": "https://cdn0.woolworths.media/content/wowproductimages/medium/504748.jpg",
        "name": "Duck Toilet Cleaner 5 In 1 Rimblock Citrus 30g",
        "price": 3.99,
        "unitPrice": "$13.30 / 100G"
    },
    {
        "category": "household",
        "href": "https://www.woolworths.com.au/shop/productdetails/789248/mortein-trap-secure-mouse",
        "imgName": "789248.jpg",
        "imgSrc": "https://cdn0.woolworths.media/content/wowproductimages/medium/789248.jpg",
        "name": "Mortein Trap Secure Mouse 1pk",
        "price": 6.99,
        "unitPrice": "$6.99 / 1EA"
    },
    {
        "category": "household",
        "href": "https://www.woolworths.com.au/shop/productdetails/788868/party-balloons-waterbombs",
        "imgName": "788868.jpg",
        "imgSrc": "https://cdn0.woolworths.media/content/wowproductimages/medium/788868.jpg",
        "name": "Party Balloons Waterbombs 200pk",
        "price": 3,
        "unitPrice": "$0.02 / 1EA"
    },
    {
        "category": "household",
        "href": "https://www.woolworths.com.au/shop/productdetails/572055/philips-led-gu10-cool",
        "imgName": "572055.jpg",
        "imgSrc": "https://cdn0.woolworths.media/content/wowproductimages/medium/572055.jpg",
        "name": "Philips Led Gu10 Cool 4pk",
        "price": 35
    },
    {
        "category": "household",
        "href": "https://www.woolworths.com.au/shop/productdetails/367239/white-king-power-clean-bathroom-cleaner-wipes-lemon",
        "imgName": "367239.jpg",
        "imgSrc": "https://cdn0.woolworths.media/content/wowproductimages/medium/367239.jpg",
        "name": "White King Power Clean Bathroom Cleaner Wipes Lemon 100pk",
        "price": 9.98,
        "unitPrice": "$0.10 / 1EA"
    },
    {
        "category": "household",
        "href": "https://www.woolworths.com.au/shop/productdetails/881853/woolworths-graph-book-9x7-inches",
        "imgName": "881853.jpg",
        "imgSrc": "https://cdn0.woolworths.media/content/wowproductimages/medium/881853.jpg",
        "name": "Woolworths Graph Book 9x7 Inches 48pg each",
        "price": 1
    },
    {
        "category": "household",
        "href": "https://www.woolworths.com.au/shop/productdetails/624144/bref-blue-active-toilet-cleaner-eucalyptus",
        "imgName": "624144.jpg",
        "imgSrc": "https://cdn0.woolworths.media/content/wowproductimages/medium/624144.jpg",
        "name": "Bref Blue Active Toilet Cleaner Eucalyptus 50g",
        "price": 5,
        "unitPrice": "$10.00 / 100G"
    },
    {
        "category": "household",
        "href": "https://www.woolworths.com.au/shop/productdetails/788176/party-candle-metallics-number-2",
        "imgName": "788176.jpg",
        "imgSrc": "https://cdn0.woolworths.media/content/wowproductimages/medium/788176.jpg",
        "name": "Party Candle Metallics Number 2 each",
        "price": 1,
        "unitPrice": "$1.00 / 1EA"
    },
    {
        "category": "household",
        "href": "https://www.woolworths.com.au/shop/productdetails/786801/woolworths-essentials-straws-with-paper",
        "imgName": "786801.jpg",
        "imgSrc": "https://cdn0.woolworths.media/content/wowproductimages/medium/786801.jpg",
        "name": "Woolworths Essentials Straws With Paper 200pk",
        "price": 2,
        "unitPrice": "$0.01 / 1EA"
    },
    {
        "category": "household",
        "href": "https://www.woolworths.com.au/shop/productdetails/381829/hp-printer-ink-22-injet-tri-colour",
        "imgName": "381829.jpg",
        "imgSrc": "https://cdn0.woolworths.media/content/wowproductimages/medium/381829.jpg",
        "name": "Hp Printer Ink 22 Injet Tri-colour each",
        "price": 44
    },
    {
        "category": "household",
        "href": "https://www.woolworths.com.au/shop/productdetails/157961/habee-savers-tape-hem-instant-black-20mm-x-2m",
        "imgName": "157961.jpg",
        "imgSrc": "https://cdn0.woolworths.media/content/wowproductimages/medium/157961.jpg",
        "name": "Habee Savers Tape Hem Instant Black 20mm X 2m 1pk",
        "price": 4.5
    },
    {
        "category": "household",
        "href": "https://www.woolworths.com.au/shop/productdetails/635563/decor-serenity-bottle-glass-bamboo-650ml",
        "imgName": "635563.jpg",
        "imgSrc": "https://cdn0.woolworths.media/content/wowproductimages/medium/635563.jpg",
        "name": "Decor Serenity Bottle Glass Bamboo 650ml each",
        "price": 18.99
    },
    {
        "category": "household",
        "href": "https://www.woolworths.com.au/shop/productdetails/488380/home-handyman-2in1-jumbo-sponge",
        "imgName": "488380.jpg",
        "imgSrc": "https://cdn0.woolworths.media/content/wowproductimages/medium/488380.jpg",
        "name": "Home Handyman 2in1 Jumbo Sponge 1pk",
        "price": 3.5,
        "unitPrice": "$3.50 / 1EA"
    },
    {
        "category": "household",
        "href": "https://www.woolworths.com.au/shop/productdetails/652866/ajax-all-in-one-lemon",
        "imgName": "652866.jpg",
        "imgSrc": "https://cdn0.woolworths.media/content/wowproductimages/medium/652866.jpg",
        "name": "Ajax All In One Lemon 700ml",
        "price": 6,
        "unitPrice": "$0.86 / 100ML"
    },
    {
        "category": "household",
        "href": "https://www.woolworths.com.au/shop/productdetails/614282/paperclick-ball-point-pens-blue",
        "imgName": "614282.jpg",
        "imgSrc": "https://cdn0.woolworths.media/content/wowproductimages/medium/614282.jpg",
        "name": "Paperclick Ball Point Pens Blue 20pk",
        "price": 4
    },
    {
        "category": "household",
        "href": "https://www.woolworths.com.au/shop/productdetails/856314/yates-tomato-veg-dust",
        "imgName": "856314.jpg",
        "imgSrc": "https://cdn0.woolworths.media/content/wowproductimages/medium/856314.jpg",
        "name": "Yates Tomato & Veg Dust 500g",
        "price": 10.4,
        "unitPrice": "$2.08 / 100G"
    },
    {
        "category": "household",
        "href": "https://www.woolworths.com.au/shop/productdetails/660431/post-it-notes-canary-yellow",
        "imgName": "660431.jpg",
        "imgSrc": "https://cdn0.woolworths.media/content/wowproductimages/medium/660431.jpg",
        "name": "Post It Notes Canary Yellow 4pk",
        "price": 4
    },
    {
        "category": "household",
        "href": "https://www.woolworths.com.au/shop/productdetails/575795/nerf-elite-disruptor",
        "imgName": "575795.jpg",
        "imgSrc": "https://cdn0.woolworths.media/content/wowproductimages/medium/575795.jpg",
        "name": "Nerf Elite Disruptor 1ea",
        "price": 18
    },
    {
        "category": "household",
        "href": "https://www.woolworths.com.au/shop/productdetails/651982/expo-dry-erase-markers-ink-indicator",
        "imgName": "651982.jpg",
        "imgSrc": "https://cdn0.woolworths.media/content/wowproductimages/medium/651982.jpg",
        "name": "Expo Dry Erase Markers Ink Indicator 2pk",
        "price": 9
    },
    {
        "category": "household",
        "href": "https://www.woolworths.com.au/shop/productdetails/614391/paperclick-glue-stick-clear",
        "imgName": "614391.jpg",
        "imgSrc": "https://cdn0.woolworths.media/content/wowproductimages/medium/614391.jpg",
        "name": "Paperclick Glue Stick Clear 2pk",
        "price": 3.5
    },
    {
        "category": "household",
        "href": "https://www.woolworths.com.au/shop/productdetails/788904/party-candle",
        "imgName": "788904.jpg",
        "imgSrc": "https://cdn0.woolworths.media/content/wowproductimages/medium/788904.jpg",
        "name": "Party Candle  12pk",
        "price": 2.5,
        "unitPrice": "$0.21 / 1EA"
    },
    {
        "category": "household",
        "href": "https://www.woolworths.com.au/shop/productdetails/651958/papermate-inkjoy-liquid-roller",
        "imgName": "651958.jpg",
        "imgSrc": "https://cdn0.woolworths.media/content/wowproductimages/medium/651958.jpg",
        "name": "Papermate Inkjoy Liquid Roller 3pk",
        "price": 11
    },
    {
        "category": "household",
        "href": "https://www.woolworths.com.au/shop/productdetails/553018/sabco-breeze-squeeze-mop-refill",
        "imgName": "553018.jpg",
        "imgSrc": "https://cdn0.woolworths.media/content/wowproductimages/medium/553018.jpg",
        "name": "Sabco Breeze Squeeze Mop Refill ea",
        "price": 6.99,
        "unitPrice": "$6.99 / 1EA"
    },
    {
        "category": "household",
        "href": "https://www.woolworths.com.au/shop/productdetails/626668/brunnings-1-hour-fast-action-weed-kill",
        "imgName": "626668.jpg",
        "imgSrc": "https://cdn0.woolworths.media/content/wowproductimages/medium/626668.jpg",
        "name": "Brunnings 1 Hour Fast Action Weed Kill 1l",
        "price": 12,
        "unitPrice": "$1.20 / 100ML"
    },
    {
        "category": "household",
        "href": "https://www.woolworths.com.au/shop/productdetails/272602/pledge-lemon-extra-care",
        "imgName": "272602.jpg",
        "imgSrc": "https://cdn0.woolworths.media/content/wowproductimages/medium/272602.jpg",
        "name": "Pledge Lemon Extra Care 330ml",
        "price": 4.99,
        "unitPrice": "$1.51 / 100ML"
    },
    {
        "category": "household",
        "href": "https://www.woolworths.com.au/shop/productdetails/789039/party-entertaining-parasol-picks",
        "imgName": "789039.jpg",
        "imgSrc": "https://cdn0.woolworths.media/content/wowproductimages/medium/789039.jpg",
        "name": "Party Entertaining Parasol Picks 10pk",
        "price": 2,
        "unitPrice": "$0.20 / 1EA"
    },
    {
        "category": "household",
        "href": "https://www.woolworths.com.au/shop/productdetails/618160/glad-freezer-wrap",
        "imgName": "618160.jpg",
        "imgSrc": "https://cdn0.woolworths.media/content/wowproductimages/medium/618160.jpg",
        "name": "Glad Freezer Wrap  20m",
        "price": 4,
        "unitPrice": "$0.20 / 1M"
    },
    {
        "category": "household",
        "href": "https://www.woolworths.com.au/shop/productdetails/651980/papermate-inkjoy-liquid-roller-blue",
        "imgName": "651980.jpg",
        "imgSrc": "https://cdn0.woolworths.media/content/wowproductimages/medium/651980.jpg",
        "name": "Papermate Inkjoy Liquid Roller Blue 1pk",
        "price": 4
    },
    {
        "category": "household",
        "href": "https://www.woolworths.com.au/shop/productdetails/940486/uhu-glue-tape-dispenser",
        "imgName": "940486.jpg",
        "imgSrc": "https://cdn0.woolworths.media/content/wowproductimages/medium/940486.jpg",
        "name": "Uhu Glue Tape Dispenser  each",
        "price": 6
    },
    {
        "category": "household",
        "href": "https://www.woolworths.com.au/shop/productdetails/493482/habee-savers-brush-red-lint",
        "imgName": "493482.jpg",
        "imgSrc": "https://cdn0.woolworths.media/content/wowproductimages/medium/493482.jpg",
        "name": "Habee Savers Brush Red Lint each",
        "price": 6.5
    },
    {
        "category": "household",
        "href": "https://www.woolworths.com.au/shop/productdetails/798590/woolworths-essentials-white-face-washer",
        "imgName": "798590.jpg",
        "imgSrc": "https://cdn0.woolworths.media/content/wowproductimages/medium/798590.jpg",
        "name": "Woolworths Essentials White Face Washer 8pk",
        "price": 8.5
    },
    {
        "category": "household",
        "href": "https://www.woolworths.com.au/shop/productdetails/527085/canon-calidad-pgi-670xl-black",
        "imgName": "527085.jpg",
        "imgSrc": "https://cdn0.woolworths.media/content/wowproductimages/medium/527085.jpg",
        "name": "Canon Calidad Pgi-670xl Black ea",
        "price": 22
    },
    {
        "category": "household",
        "href": "https://www.woolworths.com.au/shop/productdetails/614392/paperclick-expanding-file",
        "imgName": "614392.jpg",
        "imgSrc": "https://cdn0.woolworths.media/content/wowproductimages/medium/614392.jpg",
        "name": "Paperclick Expanding File  1ea",
        "price": 6
    },
    {
        "category": "household",
        "href": "https://www.woolworths.com.au/shop/productdetails/507746/kids-quilt-cover-set-single-bed-pack-a",
        "imgName": "507746.jpg",
        "imgSrc": "https://cdn0.woolworths.media/content/wowproductimages/medium/507746.jpg",
        "name": "Kids Quilt Cover Set Single Bed Pack A each",
        "price": 39
    },
    {
        "category": "household",
        "href": "https://www.woolworths.com.au/shop/productdetails/495531/decor-pure-glass-bottle",
        "imgName": "495531.jpg",
        "imgSrc": "https://cdn0.woolworths.media/content/wowproductimages/medium/495531.jpg",
        "name": "Decor Pure Glass Bottle  500ml each",
        "price": 9.99
    },
    {
        "category": "household",
        "href": "https://www.woolworths.com.au/shop/productdetails/933679/smash-zipper-pencil-case",
        "imgName": "933679.jpg",
        "imgSrc": "https://cdn0.woolworths.media/content/wowproductimages/medium/933679.jpg",
        "name": "Smash Zipper Pencil Case  each",
        "price": 8
    },
    {
        "category": "household",
        "href": "https://www.woolworths.com.au/shop/productdetails/605145/clear-organiser-24x10x7cm",
        "imgName": "605145.jpg",
        "imgSrc": "https://cdn0.woolworths.media/content/wowproductimages/medium/605145.jpg",
        "name": "Clear Organiser 24x10x7cm 1ea",
        "price": 8
    },
    {
        "category": "household",
        "href": "https://www.woolworths.com.au/shop/productdetails/788179/party-candle-metallics-number-4",
        "imgName": "788179.jpg",
        "imgSrc": "https://cdn0.woolworths.media/content/wowproductimages/medium/788179.jpg",
        "name": "Party Candle Metallics Number 4 each",
        "price": 1,
        "unitPrice": "$1.00 / 1EA"
    },
    {
        "category": "household",
        "href": "https://www.woolworths.com.au/shop/productdetails/889304/fluffy-fragrance-temptations-fabric-softener-concentrated-floral-enchantment",
        "imgName": "889304.jpg",
        "imgSrc": "https://cdn0.woolworths.media/content/wowproductimages/medium/889304.jpg",
        "name": "Fluffy Fragrance Temptations Fabric Softener Concentrated Floral Enchantment 2l",
        "price": 12.99,
        "unitPrice": "$6.50 / 1L"
    },
    {
        "category": "household",
        "href": "https://www.woolworths.com.au/shop/productdetails/254216/liquid-paper-correction-tape-i-mini",
        "imgName": "254216.jpg",
        "imgSrc": "https://cdn0.woolworths.media/content/wowproductimages/medium/254216.jpg",
        "name": "Liquid Paper Correction Tape I-mini 3pk",
        "price": 7
    },
    {
        "category": "household",
        "href": "https://www.woolworths.com.au/shop/productdetails/335219/energizer-advanced-aaa-batteries",
        "imgName": "335219.jpg",
        "imgSrc": "https://cdn0.woolworths.media/content/wowproductimages/medium/335219.jpg",
        "name": "Energizer Advanced Aaa Batteries  10pk",
        "price": 16,
        "unitPrice": "$1.60 / 1EA"
    },
    {
        "category": "household",
        "href": "https://www.woolworths.com.au/shop/productdetails/635328/decor-energy-stainless-steel-bottle-780ml",
        "imgName": "635328.jpg",
        "imgSrc": "https://cdn0.woolworths.media/content/wowproductimages/medium/635328.jpg",
        "name": "Decor Energy Stainless Steel Bottle 780ml each",
        "price": 19.99
    },
    {
        "category": "household",
        "href": "https://www.woolworths.com.au/shop/productdetails/471195/inspire-print-bowl-embossed-small",
        "imgName": "471195.jpg",
        "imgSrc": "https://cdn0.woolworths.media/content/wowproductimages/medium/471195.jpg",
        "name": "Inspire Print Bowl Embossed Small each",
        "price": 3
    },
    {
        "category": "household",
        "href": "https://www.woolworths.com.au/shop/productdetails/49223/eveready-super-heavy-duty-type-c-batteries",
        "imgName": "049223.jpg",
        "imgSrc": "https://cdn0.woolworths.media/content/wowproductimages/medium/049223.jpg",
        "name": "Eveready Super Heavy Duty Type C Batteries  4pk",
        "price": 7.99,
        "unitPrice": "$2.00 / 1EA"
    },
    {
        "category": "household",
        "href": "https://www.woolworths.com.au/shop/productdetails/777136/home-handyman-tools-3-pin-picture-hangers",
        "imgName": "777136.jpg",
        "imgSrc": "https://cdn0.woolworths.media/content/wowproductimages/medium/777136.jpg",
        "name": "Home Handyman Tools 3 Pin Picture Hangers each",
        "price": 3
    },
    {
        "category": "household",
        "href": "https://www.woolworths.com.au/shop/productdetails/661808/culinare-fridge-deodoriser",
        "imgName": "661808.jpg",
        "imgSrc": "https://cdn0.woolworths.media/content/wowproductimages/medium/661808.jpg",
        "name": "Culinare Fridge Deodoriser  1ea",
        "price": 6.95
    },
    {
        "category": "household",
        "href": "https://www.woolworths.com.au/shop/productdetails/788986/party-balloons-pump",
        "imgName": "788986.jpg",
        "imgSrc": "https://cdn0.woolworths.media/content/wowproductimages/medium/788986.jpg",
        "name": "Party Balloons Pump each",
        "price": 3
    },
    {
        "category": "household",
        "href": "https://www.woolworths.com.au/shop/productdetails/659984/comfort-aroma-fabric-softener-limited-edition",
        "imgName": "659984.jpg",
        "imgSrc": "https://cdn0.woolworths.media/content/wowproductimages/medium/659984.jpg",
        "name": "Comfort Aroma Fabric Softener Limited Edition 750ml",
        "price": 6.99,
        "unitPrice": "$9.32 / 1L"
    },
    {
        "category": "household",
        "href": "https://www.woolworths.com.au/shop/productdetails/788877/party-banner-happy-birthday-foil",
        "imgName": "788877.jpg",
        "imgSrc": "https://cdn0.woolworths.media/content/wowproductimages/medium/788877.jpg",
        "name": "Party Banner Happy Birthday Foil 3.65m each",
        "price": 2,
        "unitPrice": "$2.00 / 1EA"
    },
    {
        "category": "household",
        "href": "https://www.woolworths.com.au/shop/productdetails/517079/select-sandwich-bags",
        "imgName": "517079.jpg",
        "imgSrc": "https://cdn0.woolworths.media/content/wowproductimages/medium/517079.jpg",
        "name": "Select Sandwich Bags  120pk",
        "price": 3.5,
        "unitPrice": "$0.03 / 1EA"
    },
    {
        "category": "household",
        "href": "https://www.woolworths.com.au/shop/productdetails/517751/kodak-dvd-r-spindle-25pk",
        "imgName": "517751.jpg",
        "imgSrc": "https://cdn0.woolworths.media/content/wowproductimages/medium/517751.jpg",
        "name": "Kodak Dvd-r Spindle 25pk each",
        "price": 15
    },
    {
        "category": "household",
        "href": "https://www.woolworths.com.au/shop/productdetails/544977/acrosteel-stonehenge-wok-with-lid-26cm",
        "imgName": "544977.jpg",
        "imgSrc": "https://cdn0.woolworths.media/content/wowproductimages/medium/544977.jpg",
        "name": "Acrosteel Stonehenge Wok With Lid 26cm each",
        "price": 40
    },
    {
        "category": "household",
        "href": "https://www.woolworths.com.au/shop/productdetails/598596/cuddly-protect-fabric-softener",
        "imgName": "598596.jpg",
        "imgSrc": "https://cdn0.woolworths.media/content/wowproductimages/medium/598596.jpg",
        "name": "Cuddly Protect Fabric Softener  900ml",
        "price": 8.99,
        "unitPrice": "$9.99 / 1L"
    },
    {
        "category": "household",
        "href": "https://www.woolworths.com.au/shop/productdetails/583750/air-wick-life-scents-wax-melt-refill-paradise-retreat",
        "imgName": "583750.jpg",
        "imgSrc": "https://cdn0.woolworths.media/content/wowproductimages/medium/583750.jpg",
        "name": "Air Wick Life Scents Wax Melt Refill Paradise Retreat 88g",
        "price": 7,
        "unitPrice": "$7.95 / 100G"
    },
    {
        "category": "household",
        "href": "https://www.woolworths.com.au/shop/productdetails/633726/yates-insect-killer-for-lawns",
        "imgName": "633726.jpg",
        "imgSrc": "https://cdn0.woolworths.media/content/wowproductimages/medium/633726.jpg",
        "name": "Yates Insect Killer For Lawns 800g",
        "price": 10,
        "unitPrice": "$1.25 / 100G"
    },
    {
        "category": "household",
        "href": "https://www.woolworths.com.au/shop/productdetails/825732/dr-beckmann-colour-dirt-collector-sheets",
        "imgName": "825732.jpg",
        "imgSrc": "https://cdn0.woolworths.media/content/wowproductimages/medium/825732.jpg",
        "name": "Dr Beckmann Colour & Dirt Collector Sheets 12pk",
        "price": 4.45,
        "unitPrice": "$0.37 / 1SS"
    },
    {
        "category": "household",
        "href": "https://www.woolworths.com.au/shop/productdetails/741172/glen-20-disinfectant-spray-spring-time",
        "imgName": "741172.jpg",
        "imgSrc": "https://cdn0.woolworths.media/content/wowproductimages/medium/741172.jpg",
        "name": "Glen 20 Disinfectant Spray Spring Time 300g",
        "price": 6.79,
        "unitPrice": "$2.26 / 100G"
    },
    {
        "category": "household",
        "href": "https://www.woolworths.com.au/shop/productdetails/157987/habee-savers-tape-bond-instant",
        "imgName": "157987.jpg",
        "imgSrc": "https://cdn0.woolworths.media/content/wowproductimages/medium/157987.jpg",
        "name": "Habee Savers Tape Bond Instant 1pk",
        "price": 4.5
    },
    {
        "category": "household",
        "href": "https://www.woolworths.com.au/shop/productdetails/495555/reusable-food-storage-container-1l",
        "imgName": "495555.jpg",
        "imgSrc": "https://cdn0.woolworths.media/content/wowproductimages/medium/495555.jpg",
        "name": "Reusable Food Storage Container 1l 3pk",
        "price": 5,
        "unitPrice": "$5.00 / 1EA"
    },
    {
        "category": "household",
        "href": "https://www.woolworths.com.au/shop/productdetails/301095/eveready-aaa-rechargable-batteries",
        "imgName": "301095.jpg",
        "imgSrc": "https://cdn0.woolworths.media/content/wowproductimages/medium/301095.jpg",
        "name": "Eveready Aaa Rechargable Batteries  4pk",
        "price": 16.99,
        "unitPrice": "$4.25 / 1EA"
    },
    {
        "category": "household",
        "href": "https://www.woolworths.com.au/shop/productdetails/608609/energizer-lithium-2025-battery",
        "imgName": "608609.jpg",
        "imgSrc": "https://cdn0.woolworths.media/content/wowproductimages/medium/608609.jpg",
        "name": "Energizer Lithium 2025 Battery  4pk",
        "price": 14.49,
        "unitPrice": "$3.62 / 1EA"
    },
    {
        "category": "household",
        "href": "https://www.woolworths.com.au/shop/productdetails/381825/hp-printer-ink-02-yellow",
        "imgName": "381825.jpg",
        "imgSrc": "https://cdn0.woolworths.media/content/wowproductimages/medium/381825.jpg",
        "name": "Hp Printer Ink 02 Yellow each",
        "price": 25
    },
    {
        "category": "household",
        "href": "https://www.woolworths.com.au/shop/productdetails/518399/quell-ionisation-smoke-alarm-living-area",
        "imgName": "518399.jpg",
        "imgSrc": "https://cdn0.woolworths.media/content/wowproductimages/medium/518399.jpg",
        "name": "Quell Ionisation Smoke Alarm Living Area each",
        "price": 10.5,
        "unitPrice": "$10.50 / 1EA"
    },
    {
        "category": "household",
        "href": "https://www.woolworths.com.au/shop/productdetails/790904/stainless-steel-multipurpose-magic-wipes",
        "imgName": "790904.jpg",
        "imgSrc": "https://cdn0.woolworths.media/content/wowproductimages/medium/790904.jpg",
        "name": "Stainless Steel Multipurpose Magic Wipes 20pk",
        "price": 5.97,
        "unitPrice": "$0.30 / 1EA"
    },
    {
        "category": "household",
        "href": "https://www.woolworths.com.au/shop/productdetails/572408/ajax-spray-n-wipe-multi-purpose-antibacterial-sparkling-fresh-wipes",
        "imgName": "572408.jpg",
        "imgSrc": "https://cdn0.woolworths.media/content/wowproductimages/medium/572408.jpg",
        "name": "Ajax Spray N Wipe Multi Purpose Antibacterial Sparkling Fresh Wipes 80pk",
        "price": 7
    },
    {
        "category": "household",
        "href": "https://www.woolworths.com.au/shop/productdetails/763376/ansell-gloves-smart-small",
        "imgName": "763376.jpg",
        "imgSrc": "https://cdn0.woolworths.media/content/wowproductimages/medium/763376.jpg",
        "name": "Ansell Gloves Smart Small 2 pack",
        "price": 1.99,
        "unitPrice": "$1.99 / 1EA"
    },
    {
        "category": "household",
        "href": "https://www.woolworths.com.au/shop/productdetails/612629/paperclick-ball-point-pens-assorted",
        "imgName": "612629.jpg",
        "imgSrc": "https://cdn0.woolworths.media/content/wowproductimages/medium/612629.jpg",
        "name": "Paperclick Ball Point Pens Assorted 20pk",
        "price": 4
    },
    {
        "category": "household",
        "href": "https://www.woolworths.com.au/shop/productdetails/563027/soften-concentrated-fabric-softener-island-oasis",
        "imgName": "563027.jpg",
        "imgSrc": "https://cdn0.woolworths.media/content/wowproductimages/medium/563027.jpg",
        "name": "Soften Concentrated Fabric Softener Island Oasis 500ml",
        "price": 2.5,
        "unitPrice": "$5.00 / 1L"
    },
    {
        "category": "household",
        "href": "https://www.woolworths.com.au/shop/productdetails/78548/soap-world-magazine",
        "imgName": "078548.jpg",
        "imgSrc": "https://cdn0.woolworths.media/content/wowproductimages/medium/078548.jpg",
        "name": "Soap World Magazine",
        "price": 5.99
    },
    {
        "category": "household",
        "href": "https://www.woolworths.com.au/shop/productdetails/551295/olsent-pearl-halogen-globe-73-watt",
        "imgName": "551295.jpg",
        "imgSrc": "https://cdn0.woolworths.media/content/wowproductimages/medium/551295.jpg",
        "name": "Olsent Pearl Halogen Globe 73 Watt 2pk",
        "price": 5,
        "unitPrice": "$2.50 / 1EA"
    },
    {
        "category": "household",
        "href": "https://www.woolworths.com.au/shop/productdetails/585898/white-king-4-in-1-kitchen-cleaner",
        "imgName": "585898.jpg",
        "imgSrc": "https://cdn0.woolworths.media/content/wowproductimages/medium/585898.jpg",
        "name": "White King 4 In 1 Kitchen Cleaner  500ml",
        "price": 5.5,
        "unitPrice": "$1.10 / 100ML"
    },
    {
        "category": "household",
        "href": "https://www.woolworths.com.au/shop/productdetails/741047/yates-dynamic-lifter-garden-reduced-odour-plant-food",
        "imgName": "741047.jpg",
        "imgSrc": "https://cdn0.woolworths.media/content/wowproductimages/medium/741047.jpg",
        "name": "Yates Dynamic Lifter Garden Reduced Odour Plant Food each",
        "price": 11,
        "unitPrice": "$0.55 / 100G"
    },
    {
        "category": "household",
        "href": "https://www.woolworths.com.au/shop/productdetails/6535/razzamatazz-body-magic-pantyhose-control-nearly-black-medium",
        "imgName": "006535.jpg",
        "imgSrc": "https://cdn0.woolworths.media/content/wowproductimages/medium/006535.jpg",
        "name": "Razzamatazz Body Magic Pantyhose Control Nearly Black Medium each",
        "price": 8
    },
    {
        "category": "household",
        "href": "https://www.woolworths.com.au/shop/productdetails/21968/jiffy-bbq-accessory-fire-lighters-economy",
        "imgName": "021968.jpg",
        "imgSrc": "https://cdn0.woolworths.media/content/wowproductimages/medium/021968.jpg",
        "name": "Jiffy Bbq Accessory Fire Lighters Economy 24pk",
        "price": 4.5,
        "unitPrice": "$0.19 / 1EA"
    },
    {
        "category": "household",
        "href": "https://www.woolworths.com.au/shop/productdetails/257861/oxygen-magazine",
        "imgName": "257861.jpg",
        "imgSrc": "https://cdn0.woolworths.media/content/wowproductimages/medium/257861.jpg",
        "name": "Oxygen Magazine",
        "price": 8.95
    },
    {
        "category": "household",
        "href": "https://www.woolworths.com.au/shop/productdetails/510511/wiltshire-laser-20cm-bread-knife",
        "imgName": "510511.jpg",
        "imgSrc": "https://cdn0.woolworths.media/content/wowproductimages/medium/510511.jpg",
        "name": "Wiltshire Laser 20cm Bread Knife each",
        "price": 10
    },
    {
        "category": "household",
        "href": "https://www.woolworths.com.au/shop/productdetails/381824/hp-printer-ink-02-magenta",
        "imgName": "381824.jpg",
        "imgSrc": "https://cdn0.woolworths.media/content/wowproductimages/medium/381824.jpg",
        "name": "Hp Printer Ink 02 Magenta each",
        "price": 25
    },
    {
        "category": "household",
        "href": "https://www.woolworths.com.au/shop/productdetails/572067/philips-led-mr16-warm",
        "imgName": "572067.jpg",
        "imgSrc": "https://cdn0.woolworths.media/content/wowproductimages/medium/572067.jpg",
        "name": "Philips Led Mr16 Warm 4pk",
        "price": 35
    },
    {
        "category": "household",
        "href": "https://www.woolworths.com.au/shop/productdetails/848423/wiltshire-oblong-pan-33-5cm-x-23cm",
        "imgName": "848423.jpg",
        "imgSrc": "https://cdn0.woolworths.media/content/wowproductimages/medium/848423.jpg",
        "name": "Wiltshire Oblong Pan 33.5cm X 23cm each",
        "price": 10.95
    },
    {
        "category": "household",
        "href": "https://www.woolworths.com.au/shop/productdetails/442208/onix-vaccum-cleaner-window",
        "imgName": "442208.jpg",
        "imgSrc": "https://cdn0.woolworths.media/content/wowproductimages/medium/442208.jpg",
        "name": "Onix Vaccum Cleaner Window each",
        "price": 39.95
    },
    {
        "category": "household",
        "href": "https://www.woolworths.com.au/shop/productdetails/599335/essentials-egg-cup",
        "imgName": "599335.jpg",
        "imgSrc": "https://cdn0.woolworths.media/content/wowproductimages/medium/599335.jpg",
        "name": "Essentials Egg Cup  1ea",
        "price": 1.5
    },
    {
        "category": "household",
        "href": "https://www.woolworths.com.au/shop/productdetails/789189/party-entertaining-serviettes",
        "imgName": "789189.jpg",
        "imgSrc": "https://cdn0.woolworths.media/content/wowproductimages/medium/789189.jpg",
        "name": "Party Entertaining Serviettes 25pk",
        "price": 2,
        "unitPrice": "$0.08 / 1EA"
    },
    {
        "category": "household",
        "href": "https://www.woolworths.com.au/shop/productdetails/899059/jamie-oliver-slotted-spoon-with-nylon-head",
        "imgName": "899059.jpg",
        "imgSrc": "https://cdn0.woolworths.media/content/wowproductimages/medium/899059.jpg",
        "name": "Jamie Oliver Slotted Spoon With Nylon Head each",
        "price": 10
    },
    {
        "category": "household",
        "href": "https://www.woolworths.com.au/shop/productdetails/572064/philips-led-gu10-warm",
        "imgName": "572064.jpg",
        "imgSrc": "https://cdn0.woolworths.media/content/wowproductimages/medium/572064.jpg",
        "name": "Philips Led Gu10 Warm 1pk",
        "price": 10
    },
    {
        "category": "household",
        "href": "https://www.woolworths.com.au/shop/productdetails/786679/jamie-oliver-garlic-crusher",
        "imgName": "786679.jpg",
        "imgSrc": "https://cdn0.woolworths.media/content/wowproductimages/medium/786679.jpg",
        "name": "Jamie Oliver Garlic Crusher  each",
        "price": 15
    },
    {
        "category": "household",
        "href": "https://www.woolworths.com.au/shop/productdetails/786998/jamie-oliver-utensil-pizza-cutter-stainless-steel",
        "imgName": "786998.jpg",
        "imgSrc": "https://cdn0.woolworths.media/content/wowproductimages/medium/786998.jpg",
        "name": "Jamie Oliver Utensil Pizza Cutter Stainless Steel 1ea",
        "price": 10
    },
    {
        "category": "household",
        "href": "https://www.woolworths.com.au/shop/productdetails/717820/wiltshire-bakeware-dual-purpose-2set-cooling-rack",
        "imgName": "717820.jpg",
        "imgSrc": "https://cdn0.woolworths.media/content/wowproductimages/medium/717820.jpg",
        "name": "Wiltshire Bakeware Dual Purpose 2set Cooling Rack each",
        "price": 10
    },
    {
        "category": "household",
        "href": "https://www.woolworths.com.au/shop/productdetails/789690/woolworths-select-2-in-1-dish-brush",
        "imgName": "789690.jpg",
        "imgSrc": "https://cdn0.woolworths.media/content/wowproductimages/medium/789690.jpg",
        "name": "Woolworths Select 2 In 1 Dish Brush  1ea",
        "price": 4,
        "unitPrice": "$4.00 / 1EA"
    },
    {
        "category": "household",
        "href": "https://www.woolworths.com.au/shop/productdetails/608597/energizer-lithium-2016-battery",
        "imgName": "608597.jpg",
        "imgSrc": "https://cdn0.woolworths.media/content/wowproductimages/medium/608597.jpg",
        "name": "Energizer Lithium 2016 Battery  4pk",
        "price": 14.49,
        "unitPrice": "$3.62 / 1EA"
    },
    {
        "category": "household",
        "href": "https://www.woolworths.com.au/shop/productdetails/789687/woolworths-select-dish-brush",
        "imgName": "789687.jpg",
        "imgSrc": "https://cdn0.woolworths.media/content/wowproductimages/medium/789687.jpg",
        "name": "Woolworths Select Dish Brush  1ea",
        "price": 1.99,
        "unitPrice": "$1.99 / 1EA"
    },
    {
        "category": "household",
        "href": "https://www.woolworths.com.au/shop/productdetails/599771/ambi-pur-air-effects-linen-and-sky",
        "imgName": "599771.jpg",
        "imgSrc": "https://cdn0.woolworths.media/content/wowproductimages/medium/599771.jpg",
        "name": "Ambi Pur Air Effects Linen And Sky 275g",
        "price": 6,
        "unitPrice": "$2.18 / 100G"
    },
    {
        "category": "household",
        "href": "https://www.woolworths.com.au/shop/productdetails/7201/yates-rose-gun-garden-black-spot-insect-killer",
        "imgName": "007201.jpg",
        "imgSrc": "https://cdn0.woolworths.media/content/wowproductimages/medium/007201.jpg",
        "name": "Yates Rose Gun Garden Black Spot & Insect Killer 750ml",
        "price": 12.4,
        "unitPrice": "$1.65 / 100ML"
    },
    {
        "category": "household",
        "href": "https://www.woolworths.com.au/shop/productdetails/598647/energizer-lithium-1632-battery",
        "imgName": "598647.jpg",
        "imgSrc": "https://cdn0.woolworths.media/content/wowproductimages/medium/598647.jpg",
        "name": "Energizer Lithium 1632 Battery  1pk",
        "price": 5.99,
        "unitPrice": "$5.99 / 1EA"
    },
    {
        "category": "household",
        "href": "https://www.woolworths.com.au/shop/productdetails/258639/essentials-plain-opaque-knee-high-black-one-size",
        "imgName": "258639.jpg",
        "imgSrc": "https://cdn0.woolworths.media/content/wowproductimages/medium/258639.jpg",
        "name": "Essentials Plain Opaque Knee High Black One Size 3pk",
        "price": 7
    },
    {
        "category": "household",
        "href": "https://www.woolworths.com.au/shop/productdetails/830413/inspire-underbed-fabric-storage",
        "imgName": "830413.jpg",
        "imgSrc": "https://cdn0.woolworths.media/content/wowproductimages/medium/830413.jpg",
        "name": "Inspire Underbed Fabric Storage each",
        "price": 15
    },
    {
        "category": "household",
        "href": "https://www.woolworths.com.au/shop/productdetails/707257/energizer-ha-13-ez-turn-lock",
        "imgName": "707257.jpg",
        "imgSrc": "https://cdn0.woolworths.media/content/wowproductimages/medium/707257.jpg",
        "name": "Energizer Ha 13 Ez Turn & Lock  8ea",
        "price": 9.99,
        "unitPrice": "$1.25 / 1EA"
    },
    {
        "category": "household",
        "href": "https://www.woolworths.com.au/shop/productdetails/247089/kiwi-express-cream-shoe-polish-black",
        "imgName": "247089.jpg",
        "imgSrc": "https://cdn0.woolworths.media/content/wowproductimages/medium/247089.jpg",
        "name": "Kiwi Express Cream Shoe Polish Black 50ml",
        "price": 5.99,
        "unitPrice": "$11.98 / 100ML"
    },
    {
        "category": "household",
        "href": "https://www.woolworths.com.au/shop/productdetails/720657/wiltshire-poachies",
        "imgName": "720657.jpg",
        "imgSrc": "https://cdn0.woolworths.media/content/wowproductimages/medium/720657.jpg",
        "name": "Wiltshire Poachies  20pk",
        "price": 5
    },
    {
        "category": "household",
        "href": "https://www.woolworths.com.au/shop/productdetails/383819/logitech-mouse-m90",
        "imgName": "383819.jpg",
        "imgSrc": "https://cdn0.woolworths.media/content/wowproductimages/medium/383819.jpg",
        "name": "Logitech Mouse M90 each",
        "price": 10
    },
    {
        "category": "household",
        "href": "https://www.woolworths.com.au/shop/productdetails/898956/jamie-oliver-knife-crinkle-cut",
        "imgName": "898956.jpg",
        "imgSrc": "https://cdn0.woolworths.media/content/wowproductimages/medium/898956.jpg",
        "name": "Jamie Oliver Knife Crinkle Cut each",
        "price": 10
    },
    {
        "category": "household",
        "href": "https://www.woolworths.com.au/shop/productdetails/4644/razzamatazz-sheer-relief-pantyhose-control-support-beige-avg",
        "imgName": "004644.jpg",
        "imgSrc": "https://cdn0.woolworths.media/content/wowproductimages/medium/004644.jpg",
        "name": "Razzamatazz Sheer Relief Pantyhose Control Support Beige Avg each",
        "price": 8
    },
    {
        "category": "household",
        "href": "https://www.woolworths.com.au/shop/productdetails/749184/woolworths-select-stain-remover-degreaser",
        "imgName": "749184.jpg",
        "imgSrc": "https://cdn0.woolworths.media/content/wowproductimages/medium/749184.jpg",
        "name": "Woolworths Select Stain Remover Degreaser 375ml",
        "price": 2.79,
        "unitPrice": "$7.44 / 1L"
    },
    {
        "category": "household",
        "href": "https://www.woolworths.com.au/shop/productdetails/898982/jamie-oliver-tongs",
        "imgName": "898982.jpg",
        "imgSrc": "https://cdn0.woolworths.media/content/wowproductimages/medium/898982.jpg",
        "name": "Jamie Oliver Tongs  each",
        "price": 14
    },
    {
        "category": "household",
        "href": "https://www.woolworths.com.au/shop/productdetails/95536/multix-drawtight-stand-up-garbage-bags",
        "imgName": "095536.jpg",
        "imgSrc": "https://cdn0.woolworths.media/content/wowproductimages/medium/095536.jpg",
        "name": "Multix Drawtight Stand Up Garbage Bags 3pk",
        "price": 3.4,
        "unitPrice": "$1.13 / 1EA"
    },
    {
        "category": "household",
        "href": "https://www.woolworths.com.au/shop/productdetails/581333/pine-o-cleen-surface-wipes",
        "imgName": "581333.jpg",
        "imgSrc": "https://cdn0.woolworths.media/content/wowproductimages/medium/581333.jpg",
        "name": "Pine O Cleen Surface Wipes  120pk",
        "price": 10,
        "unitPrice": "$0.08 / 1EA"
    },
    {
        "category": "household",
        "href": "https://www.woolworths.com.au/shop/productdetails/545719/dynamo-ultra-regular-front-top-laundry-liquid",
        "imgName": "545719.jpg",
        "imgSrc": "https://cdn0.woolworths.media/content/wowproductimages/medium/545719.jpg",
        "name": "Dynamo Ultra Regular Front & Top Laundry Liquid 1l",
        "price": 11,
        "unitPrice": "$11.00 / 1L"
    },
    {
        "category": "household",
        "href": "https://www.woolworths.com.au/shop/productdetails/545633/cold-power-regular-front-top-powder",
        "imgName": "545633.jpg",
        "imgSrc": "https://cdn0.woolworths.media/content/wowproductimages/medium/545633.jpg",
        "name": "Cold Power Regular Front & Top Powder 2kg",
        "price": 16.5,
        "unitPrice": "$8.25 / 1KG"
    },
    {
        "category": "household",
        "href": "https://www.woolworths.com.au/shop/productdetails/544858/cold-power-sensitive-front-top-liquid",
        "imgName": "544858.jpg",
        "imgSrc": "https://cdn0.woolworths.media/content/wowproductimages/medium/544858.jpg",
        "name": "Cold Power Sensitive Front & Top Liquid 2l",
        "price": 16.5,
        "unitPrice": "$8.25 / 1L"
    },
    {
        "category": "household",
        "href": "https://www.woolworths.com.au/shop/productdetails/788908/party-candle-dipped",
        "imgName": "788908.jpg",
        "imgSrc": "https://cdn0.woolworths.media/content/wowproductimages/medium/788908.jpg",
        "name": "Party Candle Dipped 12pk",
        "price": 2.5,
        "unitPrice": "$0.21 / 1EA"
    },
    {
        "category": "household",
        "href": "https://www.woolworths.com.au/shop/productdetails/788313/party-candle-metallics-number-9",
        "imgName": "788313.jpg",
        "imgSrc": "https://cdn0.woolworths.media/content/wowproductimages/medium/788313.jpg",
        "name": "Party Candle Metallics Number 9 each",
        "price": 1,
        "unitPrice": "$1.00 / 1EA"
    },
    {
        "category": "household",
        "href": "https://www.woolworths.com.au/shop/productdetails/800613/energizer-magnet-light",
        "imgName": "800613.jpg",
        "imgSrc": "https://cdn0.woolworths.media/content/wowproductimages/medium/800613.jpg",
        "name": "Energizer Magnet Light  each",
        "price": 12.99,
        "unitPrice": "$12.99 / 1EA"
    },
    {
        "category": "household",
        "href": "https://www.woolworths.com.au/shop/productdetails/517099/sparkler-number-8-gold-or-silver",
        "imgName": "517099.jpg",
        "imgSrc": "https://cdn0.woolworths.media/content/wowproductimages/medium/517099.jpg",
        "name": "Sparkler Number 8 Gold Or Silver each",
        "price": 1.5,
        "unitPrice": "$1.50 / 1EA"
    },
    {
        "category": "household",
        "href": "https://www.woolworths.com.au/shop/productdetails/789404/woolworths-lunch-serviettes-2ply-white",
        "imgName": "789404.jpg",
        "imgSrc": "https://cdn0.woolworths.media/content/wowproductimages/medium/789404.jpg",
        "name": "Woolworths Lunch Serviettes 2ply White 50pk",
        "price": 2,
        "unitPrice": "$0.04 / 1EA"
    },
    {
        "category": "household",
        "href": "https://www.woolworths.com.au/shop/productdetails/789767/party-costume-glow-sword-wand",
        "imgName": "789767.jpg",
        "imgSrc": "https://cdn0.woolworths.media/content/wowproductimages/medium/789767.jpg",
        "name": "Party Costume Glow Sword Wand each",
        "price": 2
    },
    {
        "category": "household",
        "href": "https://www.woolworths.com.au/shop/productdetails/750930/sistema-plasticware-noodle-bowl-to-go",
        "imgName": "750930.jpg",
        "imgSrc": "https://cdn0.woolworths.media/content/wowproductimages/medium/750930.jpg",
        "name": "Sistema Plasticware Noodle Bowl To Go each",
        "price": 6.99
    },
    {
        "category": "household",
        "href": "https://www.woolworths.com.au/shop/productdetails/783066/morning-fresh-dishwashing-liquid-anti-bacterial-lemon",
        "imgName": "783066.jpg",
        "imgSrc": "https://cdn0.woolworths.media/content/wowproductimages/medium/783066.jpg",
        "name": "Morning Fresh Dishwashing Liquid Anti Bacterial Lemon 900ml",
        "price": 6.95,
        "unitPrice": "$0.77 / 100ML"
    },
    {
        "category": "household",
        "href": "https://www.woolworths.com.au/shop/productdetails/716165/papermate-inkjoy-100-pen-assorted",
        "imgName": "716165.jpg",
        "imgSrc": "https://cdn0.woolworths.media/content/wowproductimages/medium/716165.jpg",
        "name": "Papermate Inkjoy 100 Pen Assorted 10pk",
        "price": 5
    },
    {
        "category": "household",
        "href": "https://www.woolworths.com.au/shop/productdetails/599337/essential-dip-dish",
        "imgName": "599337.jpg",
        "imgSrc": "https://cdn0.woolworths.media/content/wowproductimages/medium/599337.jpg",
        "name": "Essential Dip Dish  1ea",
        "price": 1
    },
    {
        "category": "household",
        "href": "https://www.woolworths.com.au/shop/productdetails/958754/jackson-6-outlet-surge-protected-powerboard-w-phone-foxtel-tv-surge-protection",
        "imgName": "958754.jpg",
        "imgSrc": "https://cdn0.woolworths.media/content/wowproductimages/medium/958754.jpg",
        "name": "Jackson 6 Outlet Surge Protected Powerboard W Phone/ Foxtel/tv Surge Protection each",
        "price": 42
    },
    {
        "category": "household",
        "href": "https://www.woolworths.com.au/shop/productdetails/711321/columbia-hb-led-pencil",
        "imgName": "711321.jpg",
        "imgSrc": "https://cdn0.woolworths.media/content/wowproductimages/medium/711321.jpg",
        "name": "Columbia Hb Led Pencil  3pk",
        "price": 2.5
    },
    {
        "category": "household",
        "href": "https://www.woolworths.com.au/shop/productdetails/381838/hp-printer-ink-98-black-inkjet",
        "imgName": "381838.jpg",
        "imgSrc": "https://cdn0.woolworths.media/content/wowproductimages/medium/381838.jpg",
        "name": "Hp Printer Ink 98 Black Inkjet each",
        "price": 45
    },
    {
        "category": "household",
        "href": "https://www.woolworths.com.au/shop/productdetails/334291/multix-kitchen-tidy-bags-x-large-colour-scents",
        "imgName": "334291.jpg",
        "imgSrc": "https://cdn0.woolworths.media/content/wowproductimages/medium/334291.jpg",
        "name": "Multix Kitchen Tidy Bags X-large Colour Scents 50l 20pk",
        "price": 4.8,
        "unitPrice": "$0.24 / 1EA"
    },
    {
        "category": "household",
        "href": "https://www.woolworths.com.au/shop/productdetails/656288/scotch-gripping-pads-brown",
        "imgName": "656288.jpg",
        "imgSrc": "https://cdn0.woolworths.media/content/wowproductimages/medium/656288.jpg",
        "name": "Scotch Gripping Pads Brown 8pk",
        "price": 8.5,
        "unitPrice": "$1.06 / 1EA"
    },
    {
        "category": "household",
        "href": "https://www.woolworths.com.au/shop/productdetails/428236/woolworths-candle-with-holder-white-pink-blue",
        "imgName": "428236.jpg",
        "imgSrc": "https://cdn0.woolworths.media/content/wowproductimages/medium/428236.jpg",
        "name": "Woolworths Candle With Holder White Pink & Blue 24pk",
        "price": 3
    },
    {
        "category": "household",
        "href": "https://www.woolworths.com.au/shop/productdetails/124958/hortico-garden-all-purpose-fertiliser",
        "imgName": "124958.jpg",
        "imgSrc": "https://cdn0.woolworths.media/content/wowproductimages/medium/124958.jpg",
        "name": "Hortico Garden All Purpose Fertiliser 500g",
        "price": 4.7,
        "unitPrice": "$0.94 / 100G"
    },
    {
        "category": "household",
        "href": "https://www.woolworths.com.au/shop/productdetails/583622/air-wick-life-scents-wax-melt-refills-bakery-treats",
        "imgName": "583622.jpg",
        "imgSrc": "https://cdn0.woolworths.media/content/wowproductimages/medium/583622.jpg",
        "name": "Air Wick Life Scents Wax Melt Refills Bakery Treats 88g",
        "price": 7,
        "unitPrice": "$7.95 / 100G"
    },
    {
        "category": "household",
        "href": "https://www.woolworths.com.au/shop/productdetails/38550/sard-wonder-laundry-soap-eucalyptus",
        "imgName": "038550.jpg",
        "imgSrc": "https://cdn0.woolworths.media/content/wowproductimages/medium/038550.jpg",
        "name": "Sard Wonder Laundry Soap Eucalyptus 125g",
        "price": 2.65,
        "unitPrice": "$21.20 / 1KG"
    },
    {
        "category": "household",
        "href": "https://www.woolworths.com.au/shop/productdetails/586410/finish-quantum-ultimate-dishwashing-tablets-lemon",
        "imgName": "586410.jpg",
        "imgSrc": "https://cdn0.woolworths.media/content/wowproductimages/medium/586410.jpg",
        "name": "Finish Quantum Ultimate Dishwashing Tablets Lemon 16pk",
        "price": 15.5,
        "unitPrice": "$0.97 / 1EA"
    },
    {
        "category": "household",
        "href": "https://www.woolworths.com.au/shop/productdetails/178508/razzamatazz-knee-hi-pairs-and-spares-black",
        "imgName": "178508.jpg",
        "imgSrc": "https://cdn0.woolworths.media/content/wowproductimages/medium/178508.jpg",
        "name": "Razzamatazz Knee Hi Pairs And Spares Black 4pk",
        "price": 6
    },
    {
        "category": "household",
        "href": "https://www.woolworths.com.au/shop/productdetails/231205/essentials-sheer-knee-high-stocking-natural-one-size",
        "imgName": "231205.jpg",
        "imgSrc": "https://cdn0.woolworths.media/content/wowproductimages/medium/231205.jpg",
        "name": "Essentials Sheer Knee High Stocking Natural One Size 4pk",
        "price": 4
    },
    {
        "category": "household",
        "href": "https://www.woolworths.com.au/shop/productdetails/149674/brunnings-path-weeder",
        "imgName": "149674.jpg",
        "imgSrc": "https://cdn0.woolworths.media/content/wowproductimages/medium/149674.jpg",
        "name": "Brunnings Path Weeder 1l",
        "price": 9,
        "unitPrice": "$0.90 / 100ML"
    },
    {
        "category": "household",
        "href": "https://www.woolworths.com.au/shop/productdetails/841918/air-wick-life-scents-turquoise-oasis-freshmatic-refill",
        "imgName": "841918.jpg",
        "imgSrc": "https://cdn0.woolworths.media/content/wowproductimages/medium/841918.jpg",
        "name": "Air Wick Life Scents Turquoise Oasis Freshmatic Refill 157g",
        "price": 7.99,
        "unitPrice": "$5.09 / 100G"
    },
    {
        "category": "household",
        "href": "https://www.woolworths.com.au/shop/productdetails/310770/sharpie-cd-marker-fine-4-colour",
        "imgName": "310770.jpg",
        "imgSrc": "https://cdn0.woolworths.media/content/wowproductimages/medium/310770.jpg",
        "name": "Sharpie Cd Marker Fine 4 Colour 4pk",
        "price": 10
    },
    {
        "category": "household",
        "href": "https://www.woolworths.com.au/shop/productdetails/745157/energizer-led-metal-light",
        "imgName": "745157.jpg",
        "imgSrc": "https://cdn0.woolworths.media/content/wowproductimages/medium/745157.jpg",
        "name": "Energizer Led Metal Light  1pk",
        "price": 9.99,
        "unitPrice": "$9.99 / 1EA"
    },
    {
        "category": "household",
        "href": "https://www.woolworths.com.au/shop/productdetails/320147/woolworths-home-essentials-bath-mat-microfibre-chocolate-48x78cm",
        "imgName": "320147.jpg",
        "imgSrc": "https://cdn0.woolworths.media/content/wowproductimages/medium/320147.jpg",
        "name": "Woolworths Home Essentials Bath Mat Microfibre Chocolate 48x78cm each",
        "price": 20
    },
    {
        "category": "household",
        "href": "https://www.woolworths.com.au/shop/productdetails/636991/redheads-firelighter-cubes-individually-wrapped",
        "imgName": "636991.jpg",
        "imgSrc": "https://cdn0.woolworths.media/content/wowproductimages/medium/636991.jpg",
        "name": "Redheads Firelighter Cubes Individually Wrapped 20pk",
        "price": 4,
        "unitPrice": "$0.20 / 1EA"
    },
    {
        "category": "household",
        "href": "https://www.woolworths.com.au/shop/productdetails/229796/multix-kitchen-tidy-bags-small-degradable",
        "imgName": "229796.jpg",
        "imgSrc": "https://cdn0.woolworths.media/content/wowproductimages/medium/229796.jpg",
        "name": "Multix Kitchen Tidy Bags Small Degradable 45cmx44cm 30pk",
        "price": 3.1,
        "unitPrice": "$0.10 / 1EA"
    },
    {
        "category": "household",
        "href": "https://www.woolworths.com.au/shop/productdetails/364989/essentials-cotton-blend-footlet-natural-one-size",
        "imgName": "364989.jpg",
        "imgSrc": "https://cdn0.woolworths.media/content/wowproductimages/medium/364989.jpg",
        "name": "Essentials Cotton Blend Footlet Natural One Size 2pk",
        "price": 5
    },
    {
        "category": "household",
        "href": "https://www.woolworths.com.au/shop/productdetails/280546/morning-fresh-dishwashing-liquid-lime",
        "imgName": "280546.jpg",
        "imgSrc": "https://cdn0.woolworths.media/content/wowproductimages/medium/280546.jpg",
        "name": "Morning Fresh Dishwashing Liquid Lime 900ml",
        "price": 6.95,
        "unitPrice": "$0.77 / 100ML"
    },
    {
        "category": "household",
        "href": "https://www.woolworths.com.au/shop/productdetails/933649/smash-pencil-case-name",
        "imgName": "933649.jpg",
        "imgSrc": "https://cdn0.woolworths.media/content/wowproductimages/medium/933649.jpg",
        "name": "Smash Pencil Case Name each",
        "price": 3
    },
    {
        "category": "household",
        "href": "https://www.woolworths.com.au/shop/productdetails/471197/inspire-stoneware-side-plate-black",
        "imgName": "471197.jpg",
        "imgSrc": "https://cdn0.woolworths.media/content/wowproductimages/medium/471197.jpg",
        "name": "Inspire Stoneware Side Plate Black each",
        "price": 3
    },
    {
        "category": "household",
        "href": "https://www.woolworths.com.au/shop/productdetails/263470/kodak-photo-paper-gloss-a4",
        "imgName": "263470.jpg",
        "imgSrc": "https://cdn0.woolworths.media/content/wowproductimages/medium/263470.jpg",
        "name": "Kodak Photo Paper Gloss A4 50pk",
        "price": 21
    },
    {
        "category": "household",
        "href": "https://www.woolworths.com.au/shop/productdetails/466068/omo-ultimate-laundry-liquid-detergent-front-top-loader",
        "imgName": "466068.jpg",
        "imgSrc": "https://cdn0.woolworths.media/content/wowproductimages/medium/466068.jpg",
        "name": "Omo Ultimate Laundry Liquid Detergent Front & Top Loader 1.8l",
        "price": 21.99,
        "unitPrice": "$12.22 / 1L"
    },
    {
        "category": "household",
        "href": "https://www.woolworths.com.au/shop/productdetails/94085/energizer-max-type-c-batteries",
        "imgName": "094085.jpg",
        "imgSrc": "https://cdn0.woolworths.media/content/wowproductimages/medium/094085.jpg",
        "name": "Energizer Max Type C Batteries  4pk",
        "price": 11.99,
        "unitPrice": "$3.00 / 1EA"
    },
    {
        "category": "household",
        "href": "https://www.woolworths.com.au/shop/productdetails/741310/philips-halogen-clear-round-bc-base-2pk",
        "imgName": "741310.jpg",
        "imgSrc": "https://cdn0.woolworths.media/content/wowproductimages/medium/741310.jpg",
        "name": "Philips Halogen Clear Round Bc Base 2pk 2pk",
        "price": 5.5,
        "unitPrice": "$2.75 / 1EA"
    },
    {
        "category": "household",
        "href": "https://www.woolworths.com.au/shop/productdetails/767630/woolworths-select-candle-berries-fragrance",
        "imgName": "767630.jpg",
        "imgSrc": "https://cdn0.woolworths.media/content/wowproductimages/medium/767630.jpg",
        "name": "Woolworths Select Candle Berries Fragrance each",
        "price": 4
    },
    {
        "category": "household",
        "href": "https://www.woolworths.com.au/shop/productdetails/325132/bushman-insect-repellent-heavy-duty",
        "imgName": "325132.jpg",
        "imgSrc": "https://cdn0.woolworths.media/content/wowproductimages/medium/325132.jpg",
        "name": "Bushman Insect Repellent Heavy Duty 225g",
        "price": 15,
        "unitPrice": "$6.67 / 100G"
    },
    {
        "category": "household",
        "href": "https://www.woolworths.com.au/shop/productdetails/90000431/finish-max-in-1-lemon-dishwashing-tablets-72pk-x3-bundle",
        "imgName": "90000431.jpg",
        "imgSrc": "https://cdn0.woolworths.media/content/wowproductimages/medium/90000431.jpg",
        "name": "Finish Max In 1 Lemon Dishwashing Tablets 72pk X3 Bundle",
        "price": 65,
        "unitPrice": "$0.30 / 1EA"
    },
    {
        "category": "household",
        "href": "https://www.woolworths.com.au/shop/productdetails/90000489/ambi-pur-air-freshener-lavender-vanilla-275g-x3-bundle",
        "imgName": "90000489.jpg",
        "imgSrc": "https://cdn0.woolworths.media/content/wowproductimages/medium/90000489.jpg",
        "name": "Ambi Pur Air Freshener Lavender Vanilla 275g X3 Bundle",
        "price": 12,
        "unitPrice": "$1.45 / 10G"
    },
    {
        "category": "household",
        "href": "https://www.woolworths.com.au/shop/productdetails/90000494/ambi-pur-dragon-fruit-car-freshener-x3-bundle",
        "imgName": "90000494.jpg",
        "imgSrc": "https://cdn0.woolworths.media/content/wowproductimages/medium/90000494.jpg",
        "name": "Ambi Pur Dragon Fruit Car Freshener X3 Bundle",
        "price": 12,
        "unitPrice": "$200.00 / 10ML"
    },
    {
        "category": "household",
        "href": "https://www.woolworths.com.au/shop/productdetails/886681/papermate-inkjoy-pen-550-rt-1-0mm-blue",
        "imgName": "886681.jpg",
        "imgSrc": "https://cdn0.woolworths.media/content/wowproductimages/medium/886681.jpg",
        "name": "Papermate Inkjoy Pen 550 Rt 1.0mm Blue each",
        "price": 6.5
    },
    {
        "category": "household",
        "href": "https://www.woolworths.com.au/shop/productdetails/700895/raid-advanced-auto-insect-control-system-indoor-refill",
        "imgName": "700895.jpg",
        "imgSrc": "https://cdn0.woolworths.media/content/wowproductimages/medium/700895.jpg",
        "name": "Raid Advanced Auto Insect Control System Indoor Refill 185g",
        "price": 15.49,
        "unitPrice": "$8.37 / 100G"
    },
    {
        "category": "household",
        "href": "https://www.woolworths.com.au/shop/productdetails/521512/expo-chisel-dry-erase-whiteboard-markers-black",
        "imgName": "521512.jpg",
        "imgSrc": "https://cdn0.woolworths.media/content/wowproductimages/medium/521512.jpg",
        "name": "Expo Chisel Dry Erase Whiteboard Markers Black 2pk",
        "price": 6,
        "unitPrice": "$3.00 / 1EA"
    },
    {
        "category": "household",
        "href": "https://www.woolworths.com.au/shop/productdetails/228547/no-vac-auto-foam-car-care-fabric-deodoriser-frangipani",
        "imgName": "228547.jpg",
        "imgSrc": "https://cdn0.woolworths.media/content/wowproductimages/medium/228547.jpg",
        "name": "No Vac Auto Foam Car Care Fabric Deodoriser Frangipani 150g",
        "price": 6.5,
        "unitPrice": "$4.33 / 100G"
    },
    {
        "category": "household",
        "href": "https://www.woolworths.com.au/shop/productdetails/230325/real-living",
        "imgName": "230325.jpg",
        "imgSrc": "https://cdn0.woolworths.media/content/wowproductimages/medium/230325.jpg",
        "name": "Real Living",
        "price": 8.5
    },
    {
        "category": "household",
        "href": "https://www.woolworths.com.au/shop/productdetails/226572/vileda-mop-super-soft-yellow-refill",
        "imgName": "226572.jpg",
        "imgSrc": "https://cdn0.woolworths.media/content/wowproductimages/medium/226572.jpg",
        "name": "Vileda Mop Super Soft Yellow Refill each",
        "price": 9.99
    },
    {
        "category": "household",
        "href": "https://www.woolworths.com.au/shop/productdetails/507953/woolworths-mobile-pre-paid-45-starter-pack",
        "imgName": "507953.jpg",
        "imgSrc": "https://cdn0.woolworths.media/content/wowproductimages/medium/507953.jpg",
        "name": "Woolworths Mobile Pre-paid $45 Starter Pack  each",
        "price": 45
    },
    {
        "category": "household",
        "href": "https://www.woolworths.com.au/shop/productdetails/519456/energizer-vision-hd-led-300-lumens",
        "imgName": "519456.jpg",
        "imgSrc": "https://cdn0.woolworths.media/content/wowproductimages/medium/519456.jpg",
        "name": "Energizer Vision Hd Led 300 Lumens each",
        "price": 29.99,
        "unitPrice": "$29.99 / 1EA"
    },
    {
        "category": "household",
        "href": "https://www.woolworths.com.au/shop/productdetails/780287/adesso-steam-iron-steam-iron",
        "imgName": "780287.jpg",
        "imgSrc": "https://cdn0.woolworths.media/content/wowproductimages/medium/780287.jpg",
        "name": "Adesso Steam Iron Steam Iron each",
        "price": 14
    },
    {
        "category": "household",
        "href": "https://www.woolworths.com.au/shop/productdetails/318768/philips-eco-halogen-globe-frosted-42w-es-base",
        "imgName": "318768.jpg",
        "imgSrc": "https://cdn0.woolworths.media/content/wowproductimages/medium/318768.jpg",
        "name": "Philips Eco Halogen Globe Frosted 42w Es Base each",
        "price": 3.3
    },
    {
        "category": "household",
        "href": "https://www.woolworths.com.au/shop/productdetails/725441/woolworths-essentials-clips-magnetic-30mm",
        "imgName": "725441.jpg",
        "imgSrc": "https://cdn0.woolworths.media/content/wowproductimages/medium/725441.jpg",
        "name": "Woolworths Essentials Clips Magnetic 30mm 3pk",
        "price": 3.5
    },
    {
        "category": "household",
        "href": "https://www.woolworths.com.au/shop/productdetails/359086/unisex-weather-protection-manual-umbrella",
        "imgName": "359086.jpg",
        "imgSrc": "https://cdn0.woolworths.media/content/wowproductimages/medium/359086.jpg",
        "name": "Unisex Weather Protection Manual Umbrella each",
        "price": 8.95
    },
    {
        "category": "household",
        "href": "https://www.woolworths.com.au/shop/productdetails/55831/scrap-notebook-72-page",
        "imgName": "055831.jpg",
        "imgSrc": "https://cdn0.woolworths.media/content/wowproductimages/medium/055831.jpg",
        "name": "Scrap Notebook 72 Page each",
        "price": 2
    },
    {
        "category": "household",
        "href": "https://www.woolworths.com.au/shop/productdetails/829154/essentials-plastic-kids-hangers",
        "imgName": "829154.jpg",
        "imgSrc": "https://cdn0.woolworths.media/content/wowproductimages/medium/829154.jpg",
        "name": "Essentials Plastic Kids Hangers  6pk",
        "price": 3
    },
    {
        "category": "household",
        "href": "https://www.woolworths.com.au/shop/productdetails/342185/glade-sense-spray-automatic-spray-air-freshener-clean-lin-refill",
        "imgName": "342185.jpg",
        "imgSrc": "https://cdn0.woolworths.media/content/wowproductimages/medium/342185.jpg",
        "name": "Glade Sense & Spray Automatic Spray Air Freshener Clean Lin Refill 12.2g",
        "price": 6.25,
        "unitPrice": "$5.12 / 10G"
    },
    {
        "category": "household",
        "href": "https://www.woolworths.com.au/shop/productdetails/928051/wiltshire-tart-quiche-pan-25cm",
        "imgName": "928051.jpg",
        "imgSrc": "https://cdn0.woolworths.media/content/wowproductimages/medium/928051.jpg",
        "name": "Wiltshire Tart Quiche Pan 25cm each",
        "price": 11.95
    },
    {
        "category": "household",
        "href": "https://www.woolworths.com.au/shop/productdetails/371436/kambrook-appliance-steamline",
        "imgName": "371436.jpg",
        "imgSrc": "https://cdn0.woolworths.media/content/wowproductimages/medium/371436.jpg",
        "name": "Kambrook Appliance Steamline each",
        "price": 49.95
    },
    {
        "category": "household",
        "href": "https://www.woolworths.com.au/shop/productdetails/741767/philips-bathroom-heat-globe-275w-es-base",
        "imgName": "741767.jpg",
        "imgSrc": "https://cdn0.woolworths.media/content/wowproductimages/medium/741767.jpg",
        "name": "Philips Bathroom Heat Globe 275w Es Base each",
        "price": 12,
        "unitPrice": "$12.00 / 1EA"
    },
    {
        "category": "household",
        "href": "https://www.woolworths.com.au/shop/productdetails/90000490/ambi-pur-a-selection-of-3-scents-air-freshener-aerosol-can-275g-bundle",
        "imgName": "90000490.jpg",
        "imgSrc": "https://cdn0.woolworths.media/content/wowproductimages/medium/90000490.jpg",
        "name": "Ambi Pur A Selection Of 3 Scents Air Freshener Aerosol Can 275g Bundle",
        "price": 12
    },
    {
        "category": "household",
        "href": "https://www.woolworths.com.au/shop/productdetails/90000498/ambi-pur-dragon-fruit-car-freshener-with-air-freshener-bundle",
        "imgName": "90000498.jpg",
        "imgSrc": "https://cdn0.woolworths.media/content/wowproductimages/medium/90000498.jpg",
        "name": "Ambi Pur Dragon Fruit Car Freshener With Air Freshener Bundle",
        "price": 12
    },
    {
        "category": "household",
        "href": "https://www.woolworths.com.au/shop/productdetails/90000851/omo-sensitive-2l-comfort-sunshiny-day-800ml-bundle",
        "imgName": "90000851.jpg",
        "imgSrc": "https://cdn0.woolworths.media/content/wowproductimages/medium/90000851.jpg",
        "name": "Omo Sensitive 2l & Comfort Sunshiny Day 800ml Bundle",
        "price": 22
    },
    {
        "category": "household",
        "href": "https://www.woolworths.com.au/shop/productdetails/90000488/ambi-pur-air-freshener-rocky-springs-275g-x3-bundle",
        "imgName": "90000488.jpg",
        "imgSrc": "https://cdn0.woolworths.media/content/wowproductimages/medium/90000488.jpg",
        "name": "Ambi Pur Air Freshener Rocky Springs 275g X3 Bundle",
        "price": 12,
        "unitPrice": "$1.45 / 10G"
    },
    {
        "category": "household",
        "href": "https://www.woolworths.com.au/shop/productdetails/90000499/ambi-pur-sky-breeze-car-freshener-with-rocky-springs-air-freshener-bundle",
        "imgName": "90000499.jpg",
        "imgSrc": "https://cdn0.woolworths.media/content/wowproductimages/medium/90000499.jpg",
        "name": "Ambi Pur Sky Breeze Car Freshener With Rocky Springs Air Freshener Bundle",
        "price": 12
    },
    {
        "category": "household",
        "href": "https://www.woolworths.com.au/shop/productdetails/112407/white-king-bleach-toilet-cleaner-block-power-clean-shots",
        "imgName": "112407.jpg",
        "imgSrc": "https://cdn0.woolworths.media/content/wowproductimages/medium/112407.jpg",
        "name": "White King Bleach Toilet Cleaner Block Power Clean Shots 2x50g",
        "price": 4.79,
        "unitPrice": "$4.79 / 100G"
    },
    {
        "category": "household",
        "href": "https://www.woolworths.com.au/shop/productdetails/214604/smash-pencil-case-wetsuit-large",
        "imgName": "214604.jpg",
        "imgSrc": "https://cdn0.woolworths.media/content/wowproductimages/medium/214604.jpg",
        "name": "Smash Pencil Case Wetsuit Large each",
        "price": 7
    },
    {
        "category": "household",
        "href": "https://www.woolworths.com.au/shop/productdetails/255411/fluffy-fabric-softener-summer-breeze",
        "imgName": "255411.jpg",
        "imgSrc": "https://cdn0.woolworths.media/content/wowproductimages/medium/255411.jpg",
        "name": "Fluffy Fabric Softener Summer Breeze 250ml",
        "price": 1.8,
        "unitPrice": "$7.20 / 1L"
    },
    {
        "category": "household",
        "href": "https://www.woolworths.com.au/shop/productdetails/661925/earth-choice-lemongrass-ginger-dishwashing-liquid",
        "imgName": "661925.jpg",
        "imgSrc": "https://cdn0.woolworths.media/content/wowproductimages/medium/661925.jpg",
        "name": "Earth Choice Lemongrass & Ginger Dishwashing Liquid 500ml",
        "price": 3,
        "unitPrice": "$0.60 / 100ML"
    },
    {
        "category": "household",
        "href": "https://www.woolworths.com.au/shop/productdetails/738367/woolworths-for-ladies-underwear-bikini-size-16-18",
        "imgName": "738367.jpg",
        "imgSrc": "https://cdn0.woolworths.media/content/wowproductimages/medium/738367.jpg",
        "name": "Woolworths For Ladies Underwear Bikini  Size 16-18 5pk",
        "price": 10
    },
    {
        "category": "household",
        "href": "https://www.woolworths.com.au/shop/productdetails/313974/philips-halogen-clear-globe-42w-bc-base",
        "imgName": "313974.jpg",
        "imgSrc": "https://cdn0.woolworths.media/content/wowproductimages/medium/313974.jpg",
        "name": "Philips Halogen Clear Globe 42w Bc Base each",
        "price": 3.3
    },
    {
        "category": "household",
        "href": "https://www.woolworths.com.au/shop/productdetails/788906/party-candle-brights",
        "imgName": "788906.jpg",
        "imgSrc": "https://cdn0.woolworths.media/content/wowproductimages/medium/788906.jpg",
        "name": "Party Candle Brights 12pk",
        "price": 3,
        "unitPrice": "$3.00 / 1EA"
    },
    {
        "category": "household",
        "href": "https://www.woolworths.com.au/shop/productdetails/245905/microfibre-cleaning-cloth",
        "imgName": "245905.jpg",
        "imgSrc": "https://cdn0.woolworths.media/content/wowproductimages/medium/245905.jpg",
        "name": "Microfibre Cleaning Cloth  3pk",
        "price": 6,
        "unitPrice": "$2.00 / 1EA"
    },
    {
        "category": "household",
        "href": "https://www.woolworths.com.au/shop/productdetails/495543/decor-hydrate-tritan-1000-bottle",
        "imgName": "495543.jpg",
        "imgSrc": "https://cdn0.woolworths.media/content/wowproductimages/medium/495543.jpg",
        "name": "Decor Hydrate Tritan 1000 Bottle  1l each",
        "price": 9.99
    },
    {
        "category": "household",
        "href": "https://www.woolworths.com.au/shop/productdetails/377689/ambi-pur-air-effects-aerosol-air-freshener-spring-renewal",
        "imgName": "377689.jpg",
        "imgSrc": "https://cdn0.woolworths.media/content/wowproductimages/medium/377689.jpg",
        "name": "Ambi Pur Air Effects Aerosol Air Freshener Spring & Renewal 275g",
        "price": 6,
        "unitPrice": "$0.22 / 10G"
    },
    {
        "category": "household",
        "href": "https://www.woolworths.com.au/shop/productdetails/881968/woolworths-exercise-book-a4",
        "imgName": "881968.jpg",
        "imgSrc": "https://cdn0.woolworths.media/content/wowproductimages/medium/881968.jpg",
        "name": "Woolworths Exercise Book A4 2pk",
        "price": 4
    },
    {
        "category": "household",
        "href": "https://www.woolworths.com.au/shop/productdetails/262848/energizer-flashlight-led-keyring",
        "imgName": "262848.jpg",
        "imgSrc": "https://cdn0.woolworths.media/content/wowproductimages/medium/262848.jpg",
        "name": "Energizer Flashlight Led Keyring each",
        "price": 15.49
    },
    {
        "category": "household",
        "href": "https://www.woolworths.com.au/shop/productdetails/708155/ecostore-top-front-loader-laundry-powder",
        "imgName": "708155.jpg",
        "imgSrc": "https://cdn0.woolworths.media/content/wowproductimages/medium/708155.jpg",
        "name": "Ecostore Top & Front Loader Laundry Powder 2kg",
        "price": 16,
        "unitPrice": "$8.00 / 1KG"
    },
    {
        "category": "household",
        "href": "https://www.woolworths.com.au/shop/productdetails/320097/kiwi-shoe-care-zanolin-cream-cleaner",
        "imgName": "320097.jpg",
        "imgSrc": "https://cdn0.woolworths.media/content/wowproductimages/medium/320097.jpg",
        "name": "Kiwi Shoe Care Zanolin Cream Cleaner 100ml",
        "price": 6.39,
        "unitPrice": "$6.39 / 100ML"
    },
    {
        "category": "household",
        "href": "https://www.woolworths.com.au/shop/productdetails/598485/inspire-speckle-bowl-large",
        "imgName": "598485.jpg",
        "imgSrc": "https://cdn0.woolworths.media/content/wowproductimages/medium/598485.jpg",
        "name": "Inspire Speckle Bowl Large  1ea",
        "price": 3
    },
    {
        "category": "household",
        "href": "https://www.woolworths.com.au/shop/productdetails/355579/woolworths-essentials-socks-mens",
        "imgName": "355579.jpg",
        "imgSrc": "https://cdn0.woolworths.media/content/wowproductimages/medium/355579.jpg",
        "name": "Woolworths Essentials Socks Mens 3pk",
        "price": 7,
        "unitPrice": "$2.33 / 1EA"
    },
    {
        "category": "household",
        "href": "https://www.woolworths.com.au/shop/productdetails/226829/energizer-button-batteries-cr2032",
        "imgName": "226829.jpg",
        "imgSrc": "https://cdn0.woolworths.media/content/wowproductimages/medium/226829.jpg",
        "name": "Energizer Button Batteries Cr2032 2pk",
        "price": 8.4,
        "unitPrice": "$4.20 / 1EA"
    },
    {
        "category": "household",
        "href": "https://www.woolworths.com.au/shop/productdetails/947406/zak-melamine-bowl-sipderman",
        "imgName": "947406.jpg",
        "imgSrc": "https://cdn0.woolworths.media/content/wowproductimages/medium/947406.jpg",
        "name": "Zak Melamine Bowl Sipderman each",
        "price": 5
    },
    {
        "category": "household",
        "href": "https://www.woolworths.com.au/shop/productdetails/757262/woolworths-select-serviettes-2-ply-patterned",
        "imgName": "757262.jpg",
        "imgSrc": "https://cdn0.woolworths.media/content/wowproductimages/medium/757262.jpg",
        "name": "Woolworths Select Serviettes 2 Ply Patterned 25pk",
        "price": 2,
        "unitPrice": "$0.08 / 1EA"
    },
    {
        "category": "household",
        "href": "https://www.woolworths.com.au/shop/productdetails/936522/sharpie-marker-fine-8-colour-set",
        "imgName": "936522.jpg",
        "imgSrc": "https://cdn0.woolworths.media/content/wowproductimages/medium/936522.jpg",
        "name": "Sharpie Marker Fine 8 Colour Set 8pk",
        "price": 16
    },
    {
        "category": "household",
        "href": "https://www.woolworths.com.au/shop/productdetails/23407/diggers-turpentine",
        "imgName": "023407.jpg",
        "imgSrc": "https://cdn0.woolworths.media/content/wowproductimages/medium/023407.jpg",
        "name": "Diggers Turpentine  1l",
        "price": 5.99,
        "unitPrice": "$0.60 / 100ML"
    },
    {
        "category": "household",
        "href": "https://www.woolworths.com.au/shop/productdetails/2824/fresh-crisp-bags-medium",
        "imgName": "002824.jpg",
        "imgSrc": "https://cdn0.woolworths.media/content/wowproductimages/medium/002824.jpg",
        "name": "Fresh & Crisp Bags Medium 10pk",
        "price": 3.2,
        "unitPrice": "$0.32 / 1EA"
    },
    {
        "category": "household",
        "href": "https://www.woolworths.com.au/shop/productdetails/4646/razzamatazz-sheer-relief-pantyhose-control-support-beige-x-tall",
        "imgName": "004646.jpg",
        "imgSrc": "https://cdn0.woolworths.media/content/wowproductimages/medium/004646.jpg",
        "name": "Razzamatazz Sheer Relief Pantyhose Control Support Beige X-tall each",
        "price": 8
    },
    {
        "category": "household",
        "href": "https://www.woolworths.com.au/shop/productdetails/114785/brasso-polish-metal",
        "imgName": "114785.jpg",
        "imgSrc": "https://cdn0.woolworths.media/content/wowproductimages/medium/114785.jpg",
        "name": "Brasso Polish Metal 250ml",
        "price": 9.3,
        "unitPrice": "$3.72 / 100ML"
    },
    {
        "category": "household",
        "href": "https://www.woolworths.com.au/shop/productdetails/180178/habee-savers-sewing-kits",
        "imgName": "180178.jpg",
        "imgSrc": "https://cdn0.woolworths.media/content/wowproductimages/medium/180178.jpg",
        "name": "Habee Savers Sewing Kits  1pk",
        "price": 9.5
    },
    {
        "category": "household",
        "href": "https://www.woolworths.com.au/shop/productdetails/213682/artline-permanent-marker-black",
        "imgName": "213682.jpg",
        "imgSrc": "https://cdn0.woolworths.media/content/wowproductimages/medium/213682.jpg",
        "name": "Artline Permanent Marker Black 700mm 2pk",
        "price": 7.5
    },
    {
        "category": "household",
        "href": "https://www.woolworths.com.au/shop/productdetails/200349/razzamatazz-sizewise-knee-hi-elastane-nearly-black",
        "imgName": "200349.jpg",
        "imgSrc": "https://cdn0.woolworths.media/content/wowproductimages/medium/200349.jpg",
        "name": "Razzamatazz Sizewise Knee Hi Elastane Nearly Black one size 2pk",
        "price": 7
    },
    {
        "category": "household",
        "href": "https://www.woolworths.com.au/shop/productdetails/177264/scotch-brite-heavy-duty-scrub-sponge",
        "imgName": "177264.jpg",
        "imgSrc": "https://cdn0.woolworths.media/content/wowproductimages/medium/177264.jpg",
        "name": "Scotch-brite Heavy Duty Scrub Sponge 3pk",
        "price": 4.29,
        "unitPrice": "$1.43 / 1EA"
    },
    {
        "category": "household",
        "href": "https://www.woolworths.com.au/shop/productdetails/232054/dymo-letratag-tape-refill-plastic-white",
        "imgName": "232054.jpg",
        "imgSrc": "https://cdn0.woolworths.media/content/wowproductimages/medium/232054.jpg",
        "name": "Dymo Letratag Tape Refill Plastic White each",
        "price": 15
    },
    {
        "category": "household",
        "href": "https://www.woolworths.com.au/shop/productdetails/188447/australasian-dirt-bike",
        "imgName": "188447.jpg",
        "imgSrc": "https://cdn0.woolworths.media/content/wowproductimages/medium/188447.jpg",
        "name": "Australasian Dirt Bike",
        "price": 9.5
    },
    {
        "category": "household",
        "href": "https://www.woolworths.com.au/shop/productdetails/249870/philips-starter-for-fluoro-tube-4-65w",
        "imgName": "249870.jpg",
        "imgSrc": "https://cdn0.woolworths.media/content/wowproductimages/medium/249870.jpg",
        "name": "Philips Starter For Fluoro Tube 4-65w 2pk",
        "price": 2.6,
        "unitPrice": "$1.30 / 1EA"
    },
    {
        "category": "household",
        "href": "https://www.woolworths.com.au/shop/productdetails/420504/command-broom-gripper",
        "imgName": "420504.jpg",
        "imgSrc": "https://cdn0.woolworths.media/content/wowproductimages/medium/420504.jpg",
        "name": "Command Broom Gripper  each",
        "price": 8,
        "unitPrice": "$8.00 / 1EA"
    },
    {
        "category": "household",
        "href": "https://www.woolworths.com.au/shop/productdetails/626249/paperclick-usb-type-c-cable",
        "imgName": "626249.jpg",
        "imgSrc": "https://cdn0.woolworths.media/content/wowproductimages/medium/626249.jpg",
        "name": "Paperclick Usb Type C Cable each",
        "price": 10
    },
    {
        "category": "household",
        "href": "https://www.woolworths.com.au/shop/productdetails/381850/hp-printer-ink-60-tri-colour",
        "imgName": "381850.jpg",
        "imgSrc": "https://cdn0.woolworths.media/content/wowproductimages/medium/381850.jpg",
        "name": "Hp Printer Ink 60 Tri-colour each",
        "price": 45
    },
    {
        "category": "household",
        "href": "https://www.woolworths.com.au/shop/productdetails/599336/essential-butter-dish",
        "imgName": "599336.jpg",
        "imgSrc": "https://cdn0.woolworths.media/content/wowproductimages/medium/599336.jpg",
        "name": "Essential Butter Dish  1ea",
        "price": 6
    },
    {
        "category": "household",
        "href": "https://www.woolworths.com.au/shop/productdetails/758141/ambi-pur-mini-clip-car-air-freshener-sky-breeze",
        "imgName": "758141.jpg",
        "imgSrc": "https://cdn0.woolworths.media/content/wowproductimages/medium/758141.jpg",
        "name": "Ambi Pur Mini Clip Car Air Freshener Sky Breeze 2ml"
    },
    {
        "category": "household",
        "href": "https://www.woolworths.com.au/shop/productdetails/947408/zak-melamine-bowl-frozen-fever",
        "imgName": "947408.jpg",
        "imgSrc": "https://cdn0.woolworths.media/content/wowproductimages/medium/947408.jpg",
        "name": "Zak Melamine Bowl Frozen Fever each",
        "price": 5
    },
    {
        "category": "household",
        "href": "https://www.woolworths.com.au/shop/productdetails/882241/woolworths-5-subject-lecture-book-a4",
        "imgName": "882241.jpg",
        "imgSrc": "https://cdn0.woolworths.media/content/wowproductimages/medium/882241.jpg",
        "name": "Woolworths 5 Subject Lecture Book A4 each",
        "price": 6
    },
    {
        "category": "household",
        "href": "https://www.woolworths.com.au/shop/productdetails/795835/underworks-men-s-sport-cushion-foot-socks-11-13",
        "imgName": "795835.jpg",
        "imgSrc": "https://cdn0.woolworths.media/content/wowproductimages/medium/795835.jpg",
        "name": "Underworks Men's Sport Cushion Foot Socks 11-13 3pk",
        "price": 9,
        "unitPrice": "$3.00 / 1EA"
    },
    {
        "category": "household",
        "href": "https://www.woolworths.com.au/shop/productdetails/786603/hub-it-sync-charge-micro-usb-flat-cable",
        "imgName": "786603.jpg",
        "imgSrc": "https://cdn0.woolworths.media/content/wowproductimages/medium/786603.jpg",
        "name": "Hub It Sync & Charge Micro Usb Flat Cable each",
        "price": 5
    },
    {
        "category": "household",
        "href": "https://www.woolworths.com.au/shop/productdetails/957091/moki-clip-on-headphones-white",
        "imgName": "957091.jpg",
        "imgSrc": "https://cdn0.woolworths.media/content/wowproductimages/medium/957091.jpg",
        "name": "Moki Clip On Headphones White each",
        "price": 14.99
    },
    {
        "category": "household",
        "href": "https://www.woolworths.com.au/shop/productdetails/614337/hercules-biodegradable-snack-bag",
        "imgName": "614337.jpg",
        "imgSrc": "https://cdn0.woolworths.media/content/wowproductimages/medium/614337.jpg",
        "name": "Hercules Biodegradable Snack Bag 50pk",
        "price": 2.5,
        "unitPrice": "$0.05 / 1EA"
    },
    {
        "category": "household",
        "href": "https://www.woolworths.com.au/shop/productdetails/209563/korjo-journey-usa-adaptor",
        "imgName": "209563.jpg",
        "imgSrc": "https://cdn0.woolworths.media/content/wowproductimages/medium/209563.jpg",
        "name": "Korjo Journey Usa Adaptor  each",
        "price": 10.5
    },
    {
        "category": "household",
        "href": "https://www.woolworths.com.au/shop/productdetails/17186/philips-reflector-r80-globe-60w-es-base",
        "imgName": "017186.jpg",
        "imgSrc": "https://cdn0.woolworths.media/content/wowproductimages/medium/017186.jpg",
        "name": "Philips Reflector R80 Globe 60w Es Base each",
        "price": 4.4,
        "unitPrice": "$4.40 / 1EA"
    },
    {
        "category": "household",
        "href": "https://www.woolworths.com.au/shop/productdetails/40957/woolworths-essentials-socks-mens-business-plain-size-6-10",
        "imgName": "040957.jpg",
        "imgSrc": "https://cdn0.woolworths.media/content/wowproductimages/medium/040957.jpg",
        "name": "Woolworths Essentials Socks Mens Business Plain Size  6-10 3pk",
        "price": 7,
        "unitPrice": "$2.33 / 1EA"
    },
    {
        "category": "household",
        "href": "https://www.woolworths.com.au/shop/productdetails/157734/mortein-insect-control-ant-sand",
        "imgName": "157734.jpg",
        "imgSrc": "https://cdn0.woolworths.media/content/wowproductimages/medium/157734.jpg",
        "name": "Mortein Insect Control Ant Sand 500g",
        "price": 10.29,
        "unitPrice": "$2.06 / 100G"
    },
    {
        "category": "household",
        "href": "https://www.woolworths.com.au/shop/productdetails/268127/chevron-type-d-batteries",
        "imgName": "268127.jpg",
        "imgSrc": "https://cdn0.woolworths.media/content/wowproductimages/medium/268127.jpg",
        "name": "Chevron Type D Batteries  4pk",
        "price": 5,
        "unitPrice": "$1.25 / 1EA"
    },
    {
        "category": "household",
        "href": "https://www.woolworths.com.au/shop/productdetails/328458/earth-choice-shower-cleaner",
        "imgName": "328458.jpg",
        "imgSrc": "https://cdn0.woolworths.media/content/wowproductimages/medium/328458.jpg",
        "name": "Earth Choice Shower Cleaner  600ml",
        "price": 4.19,
        "unitPrice": "$0.70 / 100ML"
    },
    {
        "category": "household",
        "href": "https://www.woolworths.com.au/shop/productdetails/327567/willow-coolers-sixer-can-blue",
        "imgName": "327567.jpg",
        "imgSrc": "https://cdn0.woolworths.media/content/wowproductimages/medium/327567.jpg",
        "name": "Willow Coolers Sixer Can Blue each",
        "price": 30
    },
    {
        "category": "household",
        "href": "https://www.woolworths.com.au/shop/productdetails/463900/decor-pumped-soft-touch-stainless-steel-bottle-with-snap-n-seal-lid",
        "imgName": "463900.jpg",
        "imgSrc": "https://cdn0.woolworths.media/content/wowproductimages/medium/463900.jpg",
        "name": "Decor Pumped Soft Touch Stainless Steel Bottle With Snap N Seal Lid 500ml each",
        "price": 8.99
    },
    {
        "category": "household",
        "href": "https://www.woolworths.com.au/shop/productdetails/583777/air-wick-pure-aerosol-cherry-blossom",
        "imgName": "583777.jpg",
        "imgSrc": "https://cdn0.woolworths.media/content/wowproductimages/medium/583777.jpg",
        "name": "Air Wick Pure Aerosol Cherry Blossom 159g",
        "price": 6.5,
        "unitPrice": "$4.09 / 100G"
    },
    {
        "category": "household",
        "href": "https://www.woolworths.com.au/shop/productdetails/494007/waxworks-citronella-candle-pillar",
        "imgName": "494007.jpg",
        "imgSrc": "https://cdn0.woolworths.media/content/wowproductimages/medium/494007.jpg",
        "name": "Waxworks Citronella Candle Pillar 10cm each",
        "price": 6.99
    },
    {
        "category": "household",
        "href": "https://www.woolworths.com.au/shop/productdetails/630272/heat-beads-charcoal-bbq-briquettes",
        "imgName": "630272.jpg",
        "imgSrc": "https://cdn0.woolworths.media/content/wowproductimages/medium/630272.jpg",
        "name": "Heat Beads\u00ae Charcoal  Bbq Briquettes 4kg",
        "price": 12,
        "unitPrice": "$0.30 / 100G"
    },
    {
        "category": "household",
        "href": "https://www.woolworths.com.au/shop/productdetails/639251/vodafone-alcatel-u5-4g",
        "imgName": "639251.jpg",
        "imgSrc": "https://cdn0.woolworths.media/content/wowproductimages/medium/639251.jpg",
        "name": "Vodafone Alcatel U5 4g each",
        "price": 99
    },
    {
        "category": "household",
        "href": "https://www.woolworths.com.au/shop/productdetails/741316/philips-halogen-frosted-candle-ses-base-2pk",
        "imgName": "741316.jpg",
        "imgSrc": "https://cdn0.woolworths.media/content/wowproductimages/medium/741316.jpg",
        "name": "Philips Halogen Frosted Candle Ses Base 2pk 2pk",
        "price": 5.5,
        "unitPrice": "$2.75 / 1EA"
    },
    {
        "category": "household",
        "href": "https://www.woolworths.com.au/shop/productdetails/741549/woolworths-essentials-underwear-trunk-medium",
        "imgName": "741549.jpg",
        "imgSrc": "https://cdn0.woolworths.media/content/wowproductimages/medium/741549.jpg",
        "name": "Woolworths Essentials Underwear Trunk Medium 2pk",
        "price": 15,
        "unitPrice": "$7.50 / 1EA"
    },
    {
        "category": "household",
        "href": "https://www.woolworths.com.au/shop/productdetails/787379/sellotape-tape-mounting-foam",
        "imgName": "787379.jpg",
        "imgSrc": "https://cdn0.woolworths.media/content/wowproductimages/medium/787379.jpg",
        "name": "Sellotape Tape Mounting Foam each",
        "price": 4.5
    },
    {
        "category": "household",
        "href": "https://www.woolworths.com.au/shop/productdetails/829600/inspire-wire-skirt-trouser-hangers",
        "imgName": "829600.jpg",
        "imgSrc": "https://cdn0.woolworths.media/content/wowproductimages/medium/829600.jpg",
        "name": "Inspire Wire Skirt & Trouser Hangers  3pk",
        "price": 6
    },
    {
        "category": "household",
        "href": "https://www.woolworths.com.au/shop/productdetails/935627/spirax-notebook-a4-assorted-colours",
        "imgName": "935627.jpg",
        "imgSrc": "https://cdn0.woolworths.media/content/wowproductimages/medium/935627.jpg",
        "name": "Spirax Notebook A4 Assorted Colours 240pg each",
        "price": 6
    },
    {
        "category": "household",
        "href": "https://www.woolworths.com.au/shop/productdetails/940758/maped-croc-innovation-sharpener",
        "imgName": "940758.jpg",
        "imgSrc": "https://cdn0.woolworths.media/content/wowproductimages/medium/940758.jpg",
        "name": "Maped Croc Innovation Sharpener  each",
        "price": 3.5
    },
    {
        "category": "household",
        "href": "https://www.woolworths.com.au/shop/productdetails/938483/donna-hay-fresh-and-light-magazine",
        "imgName": "938483.jpg",
        "imgSrc": "https://cdn0.woolworths.media/content/wowproductimages/medium/938483.jpg",
        "name": "Donna Hay Fresh And Light Magazine each",
        "price": 9.99
    },
    {
        "category": "household",
        "href": "https://www.woolworths.com.au/shop/productdetails/182499/total-girl",
        "imgName": "182499.jpg",
        "imgSrc": "https://cdn0.woolworths.media/content/wowproductimages/medium/182499.jpg",
        "name": "Total Girl  each",
        "price": 5.99
    },
    {
        "category": "household",
        "href": "https://www.woolworths.com.au/shop/productdetails/663736/toshiba-sdmi-16gb-with-sd-adapter",
        "imgName": "663736.jpg",
        "imgSrc": "https://cdn0.woolworths.media/content/wowproductimages/medium/663736.jpg",
        "name": "Toshiba Sdmi 16gb With Sd Adapter  each",
        "price": 20
    },
    {
        "category": "household",
        "href": "https://www.woolworths.com.au/shop/productdetails/637/harpic-super-active-primary-toilet-cleaner-under-the-rim-lavender",
        "imgName": "000637.jpg",
        "imgSrc": "https://cdn0.woolworths.media/content/wowproductimages/medium/000637.jpg",
        "name": "Harpic Super Active Primary Toilet Cleaner Under The Rim Lavender 38g",
        "price": 2.3,
        "unitPrice": "$6.05 / 100G"
    },
    {
        "category": "household",
        "href": "https://www.woolworths.com.au/shop/productdetails/6618/razzamatazz-body-magic-pantyhose-control-soft-tan-tall",
        "imgName": "006618.jpg",
        "imgSrc": "https://cdn0.woolworths.media/content/wowproductimages/medium/006618.jpg",
        "name": "Razzamatazz Body Magic Pantyhose Control Soft Tan Tall each",
        "price": 8
    },
    {
        "category": "household",
        "href": "https://www.woolworths.com.au/shop/productdetails/204483/footcare-by-maseur-foam-latex-insole",
        "imgName": "204483.jpg",
        "imgSrc": "https://cdn0.woolworths.media/content/wowproductimages/medium/204483.jpg",
        "name": "Footcare By Maseur Foam Latex Insole 1pair",
        "price": 2.59
    },
    {
        "category": "household",
        "href": "https://www.woolworths.com.au/shop/productdetails/226648/australian-patchwork-quilting",
        "imgName": "226648.jpg",
        "imgSrc": "https://cdn0.woolworths.media/content/wowproductimages/medium/226648.jpg",
        "name": "Australian Patchwork & Quilting",
        "price": 9.95
    },
    {
        "category": "household",
        "href": "https://www.woolworths.com.au/shop/productdetails/300330/jackson-surge-protected-double-adaptor-vertical-style",
        "imgName": "300330.jpg",
        "imgSrc": "https://cdn0.woolworths.media/content/wowproductimages/medium/300330.jpg",
        "name": "Jackson Surge Protected Double Adaptor - Vertical Style each",
        "price": 8
    },
    {
        "category": "household",
        "href": "https://www.woolworths.com.au/shop/productdetails/277114/master-lock-padlock-20mm-combination-lock",
        "imgName": "277114.jpg",
        "imgSrc": "https://cdn0.woolworths.media/content/wowproductimages/medium/277114.jpg",
        "name": "Master Lock Padlock 20mm Combination Lock 2pk",
        "price": 20,
        "unitPrice": "$10.00 / 1EA"
    },
    {
        "category": "household",
        "href": "https://www.woolworths.com.au/shop/productdetails/257826/recipes-",
        "imgName": "257826.jpg",
        "imgSrc": "https://cdn0.woolworths.media/content/wowproductimages/medium/257826.jpg",
        "name": "Recipes +",
        "price": 3.2
    },
    {
        "category": "household",
        "href": "https://www.woolworths.com.au/shop/productdetails/246270/sistema-klip-it-plasticware-rectangle-pack-200ml",
        "imgName": "246270.jpg",
        "imgSrc": "https://cdn0.woolworths.media/content/wowproductimages/medium/246270.jpg",
        "name": "Sistema Klip It Plasticware Rectangle Pack 200ml 200ml 3pk",
        "price": 6.2,
        "unitPrice": "$2.07 / 1EA"
    },
    {
        "category": "household",
        "href": "https://www.woolworths.com.au/shop/productdetails/333227/sellotape-tape-invisible",
        "imgName": "333227.jpg",
        "imgSrc": "https://cdn0.woolworths.media/content/wowproductimages/medium/333227.jpg",
        "name": "Sellotape Tape Invisible 2pk",
        "price": 4
    },
    {
        "category": "household",
        "href": "https://www.woolworths.com.au/shop/productdetails/361483/poly-craft-string-white",
        "imgName": "361483.jpg",
        "imgSrc": "https://cdn0.woolworths.media/content/wowproductimages/medium/361483.jpg",
        "name": "Poly Craft String White each",
        "price": 4
    },
    {
        "category": "household",
        "href": "https://www.woolworths.com.au/shop/productdetails/428414/woolworths-slinky",
        "imgName": "428414.jpg",
        "imgSrc": "https://cdn0.woolworths.media/content/wowproductimages/medium/428414.jpg",
        "name": "Woolworths Slinky  each",
        "price": 4
    },
    {
        "category": "household",
        "href": "https://www.woolworths.com.au/shop/productdetails/730051/command-utensil-hooks-clear-value-pack",
        "imgName": "730051.jpg",
        "imgSrc": "https://cdn0.woolworths.media/content/wowproductimages/medium/730051.jpg",
        "name": "Command Utensil Hooks Clear Value Pack 6pk",
        "price": 13,
        "unitPrice": "$2.17 / 1EA"
    },
    {
        "category": "household",
        "href": "https://www.woolworths.com.au/shop/productdetails/740460/philips-halogen-12v-downlight-35w-60degree-2pk",
        "imgName": "740460.jpg",
        "imgSrc": "https://cdn0.woolworths.media/content/wowproductimages/medium/740460.jpg",
        "name": "Philips Halogen 12v Downlight 35w 60degree 2pk 2pk",
        "price": 4.4,
        "unitPrice": "$2.20 / 1EA"
    },
    {
        "category": "household",
        "href": "https://www.woolworths.com.au/shop/productdetails/757395/ambi-pur-plug-in-air-freshener-refill-lavender-comfort",
        "imgName": "757395.jpg",
        "imgSrc": "https://cdn0.woolworths.media/content/wowproductimages/medium/757395.jpg",
        "name": "Ambi Pur Plug In Air Freshener Refill Lavender & Comfort 20ml",
        "price": 7.34,
        "unitPrice": "$3.67 / 10ML"
    },
    {
        "category": "household",
        "href": "https://www.woolworths.com.au/shop/productdetails/493523/habee-savers-lint-roller-remover",
        "imgName": "493523.jpg",
        "imgSrc": "https://cdn0.woolworths.media/content/wowproductimages/medium/493523.jpg",
        "name": "Habee Savers Lint Roller Remover  90 sheets",
        "price": 6
    },
    {
        "category": "household",
        "href": "https://www.woolworths.com.au/shop/productdetails/854096/inspire-salt-pepper-mill-electric",
        "imgName": "854096.jpg",
        "imgSrc": "https://cdn0.woolworths.media/content/wowproductimages/medium/854096.jpg",
        "name": "Inspire Salt & Pepper Mill Electric each",
        "price": 12
    },
    {
        "category": "household",
        "href": "https://www.woolworths.com.au/shop/productdetails/842227/scholl-gelactiv-insoles-men-s-sport",
        "imgName": "842227.jpg",
        "imgSrc": "https://cdn0.woolworths.media/content/wowproductimages/medium/842227.jpg",
        "name": "Scholl Gelactiv Insoles Men's Sport 1 pair",
        "price": 27.97
    },
    {
        "category": "household",
        "href": "https://www.woolworths.com.au/shop/productdetails/829916/inspire-metal-pedal-bin-5l",
        "imgName": "829916.jpg",
        "imgSrc": "https://cdn0.woolworths.media/content/wowproductimages/medium/829916.jpg",
        "name": "Inspire Metal Pedal Bin 5l each",
        "price": 15
    },
    {
        "category": "household",
        "href": "https://www.woolworths.com.au/shop/productdetails/898411/jamie-oliver-rec-glasses",
        "imgName": "898411.jpg",
        "imgSrc": "https://cdn0.woolworths.media/content/wowproductimages/medium/898411.jpg",
        "name": "Jamie Oliver Rec Glasses 4pk",
        "price": 14
    },
    {
        "category": "household",
        "href": "https://www.woolworths.com.au/shop/productdetails/195211/yates-pyrethrum-insect-control-spray-bottle-refill",
        "imgName": "195211.jpg",
        "imgSrc": "https://cdn0.woolworths.media/content/wowproductimages/medium/195211.jpg",
        "name": "Yates Pyrethrum Insect Control Spray Bottle & Refill 2x750ml",
        "price": 14.7,
        "unitPrice": "$0.98 / 100ML"
    },
    {
        "category": "household",
        "href": "https://www.woolworths.com.au/shop/productdetails/1999/ratsak-rat-mouse-baits-double-strength",
        "imgName": "001999.jpg",
        "imgSrc": "https://cdn0.woolworths.media/content/wowproductimages/medium/001999.jpg",
        "name": "Ratsak Rat & Mouse Baits Double Strength 350g",
        "price": 7.7,
        "unitPrice": "$2.20 / 100G"
    },
    {
        "category": "household",
        "href": "https://www.woolworths.com.au/shop/productdetails/22455/duck-blue-plus-refill-toilet-cleaner",
        "imgName": "022455.jpg",
        "imgSrc": "https://cdn0.woolworths.media/content/wowproductimages/medium/022455.jpg",
        "name": "Duck Blue Plus Refill Toilet Cleaner 2x40g",
        "price": 3.89,
        "unitPrice": "$4.86 / 100G"
    },
    {
        "category": "household",
        "href": "https://www.woolworths.com.au/shop/productdetails/315217/chevron-heavy-duty-extension-lead-15m-10-amps",
        "imgName": "315217.jpg",
        "imgSrc": "https://cdn0.woolworths.media/content/wowproductimages/medium/315217.jpg",
        "name": "Chevron Heavy Duty Extension Lead 15m 10 Amps each",
        "price": 18
    },
    {
        "category": "household",
        "href": "https://www.woolworths.com.au/shop/productdetails/383862/uhu-super-glue-minis-1ml",
        "imgName": "383862.jpg",
        "imgSrc": "https://cdn0.woolworths.media/content/wowproductimages/medium/383862.jpg",
        "name": "Uhu Super Glue Minis 1ml 3pk",
        "price": 6.5
    },
    {
        "category": "household",
        "href": "https://www.woolworths.com.au/shop/productdetails/44956/homebrand-blue-toilet-cleaner-block-in-cistern",
        "imgName": "044956.jpg",
        "imgSrc": "https://cdn0.woolworths.media/content/wowproductimages/medium/044956.jpg",
        "name": "Homebrand Blue Toilet Cleaner Block In Cistern 150g",
        "price": 1.7,
        "unitPrice": "$1.13 / 100G"
    },
    {
        "category": "household",
        "href": "https://www.woolworths.com.au/shop/productdetails/59726/chevron-extension-lead-10m-10amps",
        "imgName": "059726.jpg",
        "imgSrc": "https://cdn0.woolworths.media/content/wowproductimages/medium/059726.jpg",
        "name": "Chevron Extension Lead 10m 10amps each",
        "price": 10
    },
    {
        "category": "household",
        "href": "https://www.woolworths.com.au/shop/productdetails/64896/gardening-australia",
        "imgName": "064896.jpg",
        "imgSrc": "https://cdn0.woolworths.media/content/wowproductimages/medium/064896.jpg",
        "name": "Gardening Australia",
        "price": 6.99
    },
    {
        "category": "household",
        "href": "https://www.woolworths.com.au/shop/productdetails/71071/cavalier-floor-carpet-stain-remover",
        "imgName": "071071.jpg",
        "imgSrc": "https://cdn0.woolworths.media/content/wowproductimages/medium/071071.jpg",
        "name": "Cavalier Floor Carpet Stain Remover 350g",
        "price": 8.69,
        "unitPrice": "$2.48 / 100G"
    },
    {
        "category": "household",
        "href": "https://www.woolworths.com.au/shop/productdetails/724577/bowl-fresh-toilet-cleaner",
        "imgName": "724577.jpg",
        "imgSrc": "https://cdn0.woolworths.media/content/wowproductimages/medium/724577.jpg",
        "name": "Bowl Fresh Toilet Cleaner  255g each",
        "price": 3.99,
        "unitPrice": "$1.56 / 100G"
    },
    {
        "category": "household",
        "href": "https://www.woolworths.com.au/shop/productdetails/775455/home-essentials-kitchen-manchester-cotton-tea-towel-set",
        "imgName": "775455.jpg",
        "imgSrc": "https://cdn0.woolworths.media/content/wowproductimages/medium/775455.jpg",
        "name": "Home Essentials Kitchen Manchester Cotton Tea Towel Set 5pk",
        "price": 5,
        "unitPrice": "$1.00 / 1EA"
    },
    {
        "category": "household",
        "href": "https://www.woolworths.com.au/shop/productdetails/8820/nw-magazine",
        "imgName": "008820.jpg",
        "imgSrc": "https://cdn0.woolworths.media/content/wowproductimages/medium/008820.jpg",
        "name": "Nw Magazine",
        "price": 5.2
    },
    {
        "category": "household",
        "href": "https://www.woolworths.com.au/shop/productdetails/922478/bic-fluo-lighter",
        "imgName": "922478.jpg",
        "imgSrc": "https://cdn0.woolworths.media/content/wowproductimages/medium/922478.jpg",
        "name": "Bic Fluo Lighter  1pk",
        "price": 7,
        "unitPrice": "$7.00 / 1EA"
    },
    {
        "category": "household",
        "href": "https://www.woolworths.com.au/shop/productdetails/12758/australian-home-beautiful",
        "imgName": "012758.jpg",
        "imgSrc": "https://cdn0.woolworths.media/content/wowproductimages/medium/012758.jpg",
        "name": "Australian Home Beautiful",
        "price": 7.95
    },
    {
        "category": "household",
        "href": "https://www.woolworths.com.au/shop/productdetails/20462/geelong-brush-toilet-tidy-set",
        "imgName": "020462.jpg",
        "imgSrc": "https://cdn0.woolworths.media/content/wowproductimages/medium/020462.jpg",
        "name": "Geelong Brush Toilet Tidy Set each",
        "price": 4.49
    },
    {
        "category": "household",
        "href": "https://www.woolworths.com.au/shop/productdetails/32077/essentials-iron-aid",
        "imgName": "032077.jpg",
        "imgSrc": "https://cdn0.woolworths.media/content/wowproductimages/medium/032077.jpg",
        "name": "Essentials Iron Aid  400g",
        "price": 1.59,
        "unitPrice": "$3.98 / 1KG"
    },
    {
        "category": "household",
        "href": "https://www.woolworths.com.au/shop/productdetails/29100/brunnings-tough-lawn-seed",
        "imgName": "029100.jpg",
        "imgSrc": "https://cdn0.woolworths.media/content/wowproductimages/medium/029100.jpg",
        "name": "Brunnings Tough Lawn Seed 1kg",
        "price": 11,
        "unitPrice": "$1.10 / 100G"
    },
    {
        "category": "household",
        "href": "https://www.woolworths.com.au/shop/productdetails/32305/prestige-juicer-jug",
        "imgName": "032305.jpg",
        "imgSrc": "https://cdn0.woolworths.media/content/wowproductimages/medium/032305.jpg",
        "name": "Prestige Juicer Jug each",
        "price": 6
    },
    {
        "category": "household",
        "href": "https://www.woolworths.com.au/shop/productdetails/64018/homebrand-kitchen-tidy-bags-large-roll-citrus-scented",
        "imgName": "064018.jpg",
        "imgSrc": "https://cdn0.woolworths.media/content/wowproductimages/medium/064018.jpg",
        "name": "Homebrand Kitchen Tidy Bags Large Roll Citrus Scented 30pk",
        "price": 2,
        "unitPrice": "$0.07 / 1EA"
    },
    {
        "category": "household",
        "href": "https://www.woolworths.com.au/shop/productdetails/98782/domestos-disinfectant-bleach-toilet-cleaner-mountain-fresh",
        "imgName": "098782.jpg",
        "imgSrc": "https://cdn0.woolworths.media/content/wowproductimages/medium/098782.jpg",
        "name": "Domestos Disinfectant Bleach Toilet Cleaner Mountain Fresh 1.25l",
        "price": 5.49,
        "unitPrice": "$0.44 / 100ML"
    },
    {
        "category": "household",
        "href": "https://www.woolworths.com.au/shop/productdetails/196118/decor-tellfresh-super-storer",
        "imgName": "196118.jpg",
        "imgSrc": "https://cdn0.woolworths.media/content/wowproductimages/medium/196118.jpg",
        "name": "Decor Tellfresh Super Storer  8.5l",
        "price": 15.99
    },
    {
        "category": "household",
        "href": "https://www.woolworths.com.au/shop/productdetails/167147/kiwi-rich-shine-protect-wax-brown",
        "imgName": "167147.jpg",
        "imgSrc": "https://cdn0.woolworths.media/content/wowproductimages/medium/167147.jpg",
        "name": "Kiwi Rich Shine & Protect Wax Brown 75ml",
        "price": 4.29,
        "unitPrice": "$5.72 / 100ML"
    },
    {
        "category": "household",
        "href": "https://www.woolworths.com.au/shop/productdetails/160303/sistema-klip-it-container-rectangle",
        "imgName": "160303.jpg",
        "imgSrc": "https://cdn0.woolworths.media/content/wowproductimages/medium/160303.jpg",
        "name": "Sistema Klip It Container Rectangle 400ml",
        "price": 3.1
    },
    {
        "category": "household",
        "href": "https://www.woolworths.com.au/shop/productdetails/175698/kiwi-express-shoe-polish-black",
        "imgName": "175698.jpg",
        "imgSrc": "https://cdn0.woolworths.media/content/wowproductimages/medium/175698.jpg",
        "name": "Kiwi Express Shoe Polish Black 6ml",
        "price": 6.49,
        "unitPrice": "$92.71 / 100ML"
    },
    {
        "category": "household",
        "href": "https://www.woolworths.com.au/shop/productdetails/247140/rubbedin-magic-stainless-steel-cleaner-and-protector",
        "imgName": "247140.jpg",
        "imgSrc": "https://cdn0.woolworths.media/content/wowproductimages/medium/247140.jpg",
        "name": "Rubbedin Magic Stainless Steel Cleaner And Protector 200ml",
        "price": 6.99,
        "unitPrice": "$3.50 / 100ML"
    },
    {
        "category": "household",
        "href": "https://www.woolworths.com.au/shop/productdetails/232858/uhu-glu-stick-stic-21gm",
        "imgName": "232858.jpg",
        "imgSrc": "https://cdn0.woolworths.media/content/wowproductimages/medium/232858.jpg",
        "name": "Uhu Glu Stick Stic 21gm 21g each",
        "price": 5.5
    },
    {
        "category": "household",
        "href": "https://www.woolworths.com.au/shop/productdetails/247521/modern-wedding",
        "imgName": "247521.jpg",
        "imgSrc": "https://cdn0.woolworths.media/content/wowproductimages/medium/247521.jpg",
        "name": "Modern Wedding",
        "price": 15.5
    },
    {
        "category": "household",
        "href": "https://www.woolworths.com.au/shop/productdetails/263093/lectric-inwash-soaker-washing-soda",
        "imgName": "263093.jpg",
        "imgSrc": "https://cdn0.woolworths.media/content/wowproductimages/medium/263093.jpg",
        "name": "Lectric Inwash & Soaker Washing Soda 1kg",
        "price": 3.85,
        "unitPrice": "$3.85 / 1KG"
    },
    {
        "category": "household",
        "href": "https://www.woolworths.com.au/shop/productdetails/318764/philips-halogen-clear-globe-53w-bc-base",
        "imgName": "318764.jpg",
        "imgSrc": "https://cdn0.woolworths.media/content/wowproductimages/medium/318764.jpg",
        "name": "Philips Halogen Clear Globe 53w Bc Base each",
        "price": 3.3
    },
    {
        "category": "household",
        "href": "https://www.woolworths.com.au/shop/productdetails/261576/philips-oven-globe-25w-ses-base",
        "imgName": "261576.jpg",
        "imgSrc": "https://cdn0.woolworths.media/content/wowproductimages/medium/261576.jpg",
        "name": "Philips Oven Globe 25w Ses Base  each",
        "price": 3.4
    },
    {
        "category": "household",
        "href": "https://www.woolworths.com.au/shop/productdetails/494000/large-freeze-bricks",
        "imgName": "494000.jpg",
        "imgSrc": "https://cdn0.woolworths.media/content/wowproductimages/medium/494000.jpg",
        "name": "Large Freeze Bricks  each",
        "price": 4,
        "unitPrice": "$4.00 / 1EA"
    },
    {
        "category": "household",
        "href": "https://www.woolworths.com.au/shop/productdetails/517118/sparkler-straight-gold",
        "imgName": "517118.jpg",
        "imgSrc": "https://cdn0.woolworths.media/content/wowproductimages/medium/517118.jpg",
        "name": "Sparkler Straight Gold 20cm 16pk",
        "price": 3,
        "unitPrice": "$0.19 / 1EA"
    },
    {
        "category": "household",
        "href": "https://www.woolworths.com.au/shop/productdetails/551211/sabco-xtra-sweep-broom",
        "imgName": "551211.jpg",
        "imgSrc": "https://cdn0.woolworths.media/content/wowproductimages/medium/551211.jpg",
        "name": "Sabco Xtra Sweep Broom  each",
        "price": 13.99
    },
    {
        "category": "household",
        "href": "https://www.woolworths.com.au/shop/productdetails/695850/home-essentials-dinnerware-small-red-bowl",
        "imgName": "695850.jpg",
        "imgSrc": "https://cdn0.woolworths.media/content/wowproductimages/medium/695850.jpg",
        "name": "Home Essentials Dinnerware Small Red Bowl each",
        "price": 2.5
    },
    {
        "category": "household",
        "href": "https://www.woolworths.com.au/shop/productdetails/656188/hillmark-stone-kleen-protect",
        "imgName": "656188.jpg",
        "imgSrc": "https://cdn0.woolworths.media/content/wowproductimages/medium/656188.jpg",
        "name": "Hillmark Stone Kleen & Protect 375ml",
        "price": 9,
        "unitPrice": "$2.40 / 100ML"
    },
    {
        "category": "household",
        "href": "https://www.woolworths.com.au/shop/productdetails/800963/woolworths-chiller-bag",
        "imgName": "800963.jpg",
        "imgSrc": "https://cdn0.woolworths.media/content/wowproductimages/medium/800963.jpg",
        "name": "Woolworths Chiller Bag  each",
        "price": 2.49
    },
    {
        "category": "household",
        "href": "https://www.woolworths.com.au/shop/productdetails/848798/hp-printer-ink-62-black",
        "imgName": "848798.jpg",
        "imgSrc": "https://cdn0.woolworths.media/content/wowproductimages/medium/848798.jpg",
        "name": "Hp Printer Ink 62 Black each",
        "price": 29
    },
    {
        "category": "household",
        "href": "https://www.woolworths.com.au/shop/productdetails/779684/adesso-appliance-stainless-steel-toaster-4-slce",
        "imgName": "779684.jpg",
        "imgSrc": "https://cdn0.woolworths.media/content/wowproductimages/medium/779684.jpg",
        "name": "Adesso Appliance Stainless Steel Toaster 4 Slce each",
        "price": 39
    },
    {
        "category": "household",
        "href": "https://www.woolworths.com.au/shop/productdetails/792483/decor-cook-refillable-oil-sprayer",
        "imgName": "792483.jpg",
        "imgSrc": "https://cdn0.woolworths.media/content/wowproductimages/medium/792483.jpg",
        "name": "Decor Cook Refillable Oil Sprayer  each",
        "price": 12
    },
    {
        "category": "household",
        "href": "https://www.woolworths.com.au/shop/productdetails/790852/woolworths-grill-brush-dual",
        "imgName": "790852.jpg",
        "imgSrc": "https://cdn0.woolworths.media/content/wowproductimages/medium/790852.jpg",
        "name": "Woolworths Grill Brush Dual each",
        "price": 6,
        "unitPrice": "$6.00 / 1EA"
    },
    {
        "category": "household",
        "href": "https://www.woolworths.com.au/shop/productdetails/889297/epson-printer-ink-200-std-capacity-cyan",
        "imgName": "889297.jpg",
        "imgSrc": "https://cdn0.woolworths.media/content/wowproductimages/medium/889297.jpg",
        "name": "Epson Printer Ink 200 Std Capacity Cyan each",
        "price": 15
    },
    {
        "category": "household",
        "href": "https://www.woolworths.com.au/shop/productdetails/858414/woolworths-bbq-grill-scrubber",
        "imgName": "858414.jpg",
        "imgSrc": "https://cdn0.woolworths.media/content/wowproductimages/medium/858414.jpg",
        "name": "Woolworths Bbq Grill Scrubber  each",
        "price": 2
    },
    {
        "category": "household",
        "href": "https://www.woolworths.com.au/shop/productdetails/928090/wiltshire-deep-roaster-35cm-x-25cm",
        "imgName": "928090.jpg",
        "imgSrc": "https://cdn0.woolworths.media/content/wowproductimages/medium/928090.jpg",
        "name": "Wiltshire Deep Roaster 35cm X 25cm each",
        "price": 16.95
    },
    {
        "category": "household",
        "href": "https://www.woolworths.com.au/shop/productdetails/795825/underworks-women-s-invisible-socks",
        "imgName": "795825.jpg",
        "imgSrc": "https://cdn0.woolworths.media/content/wowproductimages/medium/795825.jpg",
        "name": "Underworks Women's Invisible Socks  2pk",
        "price": 6,
        "unitPrice": "$3.00 / 1EA"
    },
    {
        "category": "household",
        "href": "https://www.woolworths.com.au/shop/productdetails/889296/epson-printer-ink-200-std-capacity-black",
        "imgName": "889296.jpg",
        "imgSrc": "https://cdn0.woolworths.media/content/wowproductimages/medium/889296.jpg",
        "name": "Epson Printer Ink 200 Std Capacity Black each",
        "price": 17
    },
    {
        "category": "household",
        "href": "https://www.woolworths.com.au/shop/productdetails/90000447/glad-snap-lock-sandwich-bags-100pk-x2-bundle",
        "imgName": "90000447.jpg",
        "imgSrc": "https://cdn0.woolworths.media/content/wowproductimages/medium/90000447.jpg",
        "name": "Glad Snap Lock Sandwich Bags 100pk X2 Bundle",
        "price": 10,
        "unitPrice": "$0.05 / 1EA"
    },
    {
        "category": "household",
        "href": "https://www.woolworths.com.au/shop/productdetails/12751/tv-week-magazine",
        "imgName": "012751.jpg",
        "imgSrc": "https://cdn0.woolworths.media/content/wowproductimages/medium/012751.jpg",
        "name": "Tv Week Magazine",
        "price": 5.99
    },
    {
        "category": "household",
        "href": "https://www.woolworths.com.au/shop/productdetails/214359/new-scientist",
        "imgName": "214359.jpg",
        "imgSrc": "https://cdn0.woolworths.media/content/wowproductimages/medium/214359.jpg",
        "name": "New Scientist",
        "price": 8.95
    },
    {
        "category": "household",
        "href": "https://www.woolworths.com.au/shop/productdetails/228399/pope-green-gardener-garden-gun-multi-patern",
        "imgName": "228399.jpg",
        "imgSrc": "https://cdn0.woolworths.media/content/wowproductimages/medium/228399.jpg",
        "name": "Pope Green Gardener Garden Gun Multi Patern each",
        "price": 9
    },
    {
        "category": "household",
        "href": "https://www.woolworths.com.au/shop/productdetails/301368/mindfood-magazine",
        "imgName": "301368.jpg",
        "imgSrc": "https://cdn0.woolworths.media/content/wowproductimages/medium/301368.jpg",
        "name": "Mindfood Magazine",
        "price": 9.99
    },
    {
        "category": "household",
        "href": "https://www.woolworths.com.au/shop/productdetails/318560/selleys-adhesive-shoe-glue",
        "imgName": "318560.jpg",
        "imgSrc": "https://cdn0.woolworths.media/content/wowproductimages/medium/318560.jpg",
        "name": "Selleys Adhesive Shoe Glue 50ml",
        "price": 7,
        "unitPrice": "$14.00 / 100ML"
    },
    {
        "category": "household",
        "href": "https://www.woolworths.com.au/shop/productdetails/331555/sparkle-world",
        "imgName": "331555.jpg",
        "imgSrc": "https://cdn0.woolworths.media/content/wowproductimages/medium/331555.jpg",
        "name": "Sparkle World  each",
        "price": 9.95
    },
    {
        "category": "household",
        "href": "https://www.woolworths.com.au/shop/productdetails/428233/woolworths-balloons-round-black",
        "imgName": "428233.jpg",
        "imgSrc": "https://cdn0.woolworths.media/content/wowproductimages/medium/428233.jpg",
        "name": "Woolworths Balloons Round Black 30cm each",
        "price": 2
    },
    {
        "category": "household",
        "href": "https://www.woolworths.com.au/shop/productdetails/48112/woolworths-foil-tray-with-lid",
        "imgName": "048112.jpg",
        "imgSrc": "https://cdn0.woolworths.media/content/wowproductimages/medium/048112.jpg",
        "name": "Woolworths Foil Tray With Lid 2pk",
        "price": 3.5,
        "unitPrice": "$1.75 / 1EA"
    },
    {
        "category": "household",
        "href": "https://www.woolworths.com.au/shop/productdetails/55573/australian-gourmet-traveller",
        "imgName": "055573.jpg",
        "imgSrc": "https://cdn0.woolworths.media/content/wowproductimages/medium/055573.jpg",
        "name": "Australian Gourmet Traveller",
        "price": 9.95
    },
    {
        "category": "household",
        "href": "https://www.woolworths.com.au/shop/productdetails/57771/3m-command-mini-hooks-clear",
        "imgName": "057771.jpg",
        "imgSrc": "https://cdn0.woolworths.media/content/wowproductimages/medium/057771.jpg",
        "name": "3m Command Mini Hooks Clear 6pk",
        "price": 6.5,
        "unitPrice": "$1.08 / 1EA"
    },
    {
        "category": "household",
        "href": "https://www.woolworths.com.au/shop/productdetails/725399/woolworths-coloured-markers",
        "imgName": "725399.jpg",
        "imgSrc": "https://cdn0.woolworths.media/content/wowproductimages/medium/725399.jpg",
        "name": "Woolworths Coloured Markers  36pk",
        "price": 4
    },
    {
        "category": "household",
        "href": "https://www.woolworths.com.au/shop/productdetails/757828/sistema-klip-it-plasticware-rectangle",
        "imgName": "757828.jpg",
        "imgSrc": "https://cdn0.woolworths.media/content/wowproductimages/medium/757828.jpg",
        "name": "Sistema Klip It Plasticware Rectangle 1.9l",
        "price": 6.5,
        "unitPrice": "$6.50 / 1EA"
    },
    {
        "category": "household",
        "href": "https://www.woolworths.com.au/shop/productdetails/775790/leather-polish-hydrating-cream",
        "imgName": "775790.jpg",
        "imgSrc": "https://cdn0.woolworths.media/content/wowproductimages/medium/775790.jpg",
        "name": "Leather Polish Hydrating Cream 250ml",
        "price": 9.99,
        "unitPrice": "$4.00 / 100ML"
    },
    {
        "category": "household",
        "href": "https://www.woolworths.com.au/shop/productdetails/779762/yours-magazine",
        "imgName": "779762.jpg",
        "imgSrc": "https://cdn0.woolworths.media/content/wowproductimages/medium/779762.jpg",
        "name": "Yours Magazine",
        "price": 4.2
    },
    {
        "category": "household",
        "href": "https://www.woolworths.com.au/shop/productdetails/792091/kiwi-shoe-care-sports-whitener",
        "imgName": "792091.jpg",
        "imgSrc": "https://cdn0.woolworths.media/content/wowproductimages/medium/792091.jpg",
        "name": "Kiwi Shoe Care Sports Whitener 75ml",
        "price": 4.85,
        "unitPrice": "$6.47 / 100ML"
    },
    {
        "category": "household",
        "href": "https://www.woolworths.com.au/shop/productdetails/875113/naturoma-gel-air-freshner",
        "imgName": "875113.jpg",
        "imgSrc": "https://cdn0.woolworths.media/content/wowproductimages/medium/875113.jpg",
        "name": "Naturoma Gel Air Freshner 220g",
        "price": 2.99,
        "unitPrice": "$1.36 / 100G"
    },
    {
        "category": "household",
        "href": "https://www.woolworths.com.au/shop/productdetails/16381/mclintocks-vanilla-fresh-fridge-wipe-deodorizer",
        "imgName": "016381.jpg",
        "imgSrc": "https://cdn0.woolworths.media/content/wowproductimages/medium/016381.jpg",
        "name": "Mclintocks Vanilla Fresh Fridge Wipe & Deodorizer 500ml",
        "price": 4.74,
        "unitPrice": "$0.95 / 100ML"
    },
    {
        "category": "household",
        "href": "https://www.woolworths.com.au/shop/productdetails/22452/duck-blue-plus-primary-toilet-cleaner",
        "imgName": "022452.jpg",
        "imgSrc": "https://cdn0.woolworths.media/content/wowproductimages/medium/022452.jpg",
        "name": "Duck Blue Plus Primary Toilet Cleaner 40g",
        "price": 2.49,
        "unitPrice": "$6.23 / 100G"
    },
    {
        "category": "household",
        "href": "https://www.woolworths.com.au/shop/productdetails/13517/green-gardener-garden-hose-joiner",
        "imgName": "013517.jpg",
        "imgSrc": "https://cdn0.woolworths.media/content/wowproductimages/medium/013517.jpg",
        "name": "Green Gardener Garden Hose Joiner 12mm 1pk",
        "price": 3
    },
    {
        "category": "household",
        "href": "https://www.woolworths.com.au/shop/productdetails/91454/ant-rid-insect-control-ant-baits",
        "imgName": "091454.jpg",
        "imgSrc": "https://cdn0.woolworths.media/content/wowproductimages/medium/091454.jpg",
        "name": "Ant Rid Insect Control Ant Baits 4x6g",
        "price": 5.45,
        "unitPrice": "$22.71 / 100G"
    },
    {
        "category": "household",
        "href": "https://www.woolworths.com.au/shop/productdetails/159925/home-essentials-cutlery-set",
        "imgName": "159925.jpg",
        "imgSrc": "https://cdn0.woolworths.media/content/wowproductimages/medium/159925.jpg",
        "name": "Home Essentials Cutlery Set 16 piece",
        "price": 16
    },
    {
        "category": "household",
        "href": "https://www.woolworths.com.au/shop/productdetails/172281/chevron-6-outlet-powerboard-1m-10amps",
        "imgName": "172281.jpg",
        "imgSrc": "https://cdn0.woolworths.media/content/wowproductimages/medium/172281.jpg",
        "name": "Chevron 6 Outlet Powerboard 1m 10amps each",
        "price": 5
    },
    {
        "category": "household",
        "href": "https://www.woolworths.com.au/shop/productdetails/195209/yates-zero-garden-weed-killer-spray-refill",
        "imgName": "195209.jpg",
        "imgSrc": "https://cdn0.woolworths.media/content/wowproductimages/medium/195209.jpg",
        "name": "Yates Zero Garden Weed Killer Spray & Refill 2x875ml",
        "price": 15.5,
        "unitPrice": "$0.89 / 100ML"
    },
    {
        "category": "household",
        "href": "https://www.woolworths.com.au/shop/productdetails/247136/ajax-professional-bathroom-cleaner-trigger",
        "imgName": "247136.jpg",
        "imgSrc": "https://cdn0.woolworths.media/content/wowproductimages/medium/247136.jpg",
        "name": "Ajax Professional Bathroom Cleaner Trigger 500ml",
        "price": 5.8,
        "unitPrice": "$1.16 / 100ML"
    },
    {
        "category": "household",
        "href": "https://www.woolworths.com.au/shop/productdetails/213906/woolworths-scissors-soft-grip",
        "imgName": "213906.jpg",
        "imgSrc": "https://cdn0.woolworths.media/content/wowproductimages/medium/213906.jpg",
        "name": "Woolworths Scissors Soft Grip 17cm each",
        "price": 3
    },
    {
        "category": "household",
        "href": "https://www.woolworths.com.au/shop/productdetails/262162/chevron-type-d-batteries-super-heavy-duty",
        "imgName": "262162.jpg",
        "imgSrc": "https://cdn0.woolworths.media/content/wowproductimages/medium/262162.jpg",
        "name": "Chevron Type D Batteries Super Heavy Duty 4pk",
        "price": 4.5,
        "unitPrice": "$1.13 / 1EA"
    },
    {
        "category": "household",
        "href": "https://www.woolworths.com.au/shop/productdetails/262163/chevron-6v-lantern-battery-super-heavy-duty",
        "imgName": "262163.jpg",
        "imgSrc": "https://cdn0.woolworths.media/content/wowproductimages/medium/262163.jpg",
        "name": "Chevron 6v Lantern Battery Super Heavy Duty each",
        "price": 5
    },
    {
        "category": "household",
        "href": "https://www.woolworths.com.au/shop/productdetails/249602/home-handyman-tools-screwdriver-set",
        "imgName": "249602.jpg",
        "imgSrc": "https://cdn0.woolworths.media/content/wowproductimages/medium/249602.jpg",
        "name": "Home Handyman Tools Screwdriver Set each",
        "price": 5
    },
    {
        "category": "household",
        "href": "https://www.woolworths.com.au/shop/productdetails/272767/ecostore-dishwashing-liquid",
        "imgName": "272767.jpg",
        "imgSrc": "https://cdn0.woolworths.media/content/wowproductimages/medium/272767.jpg",
        "name": "Ecostore Dishwashing Liquid 500ml",
        "price": 4.29,
        "unitPrice": "$0.86 / 100ML"
    },
    {
        "category": "household",
        "href": "https://www.woolworths.com.au/shop/productdetails/301780/talon-rat-mouse-baits-killer-6-pellet-trays",
        "imgName": "301780.jpg",
        "imgSrc": "https://cdn0.woolworths.media/content/wowproductimages/medium/301780.jpg",
        "name": "Talon Rat & Mouse Baits Killer 6 Pellet Trays 150g",
        "price": 7.25,
        "unitPrice": "$4.83 / 100G"
    },
    {
        "category": "household",
        "href": "https://www.woolworths.com.au/shop/productdetails/381843/hp-printer-ink-564-yellow",
        "imgName": "381843.jpg",
        "imgSrc": "https://cdn0.woolworths.media/content/wowproductimages/medium/381843.jpg",
        "name": "Hp Printer Ink 564 Yellow each",
        "price": 23
    },
    {
        "category": "household",
        "href": "https://www.woolworths.com.au/shop/productdetails/376857/glen-20-disinfectant-spray-lavender",
        "imgName": "376857.jpg",
        "imgSrc": "https://cdn0.woolworths.media/content/wowproductimages/medium/376857.jpg",
        "name": "Glen 20 Disinfectant Spray Lavender 300g",
        "price": 6.79,
        "unitPrice": "$2.26 / 100G"
    },
    {
        "category": "household",
        "href": "https://www.woolworths.com.au/shop/productdetails/318976/razzamatazz-body-contour-pantyhose-opaque-tights-70d-tall-x-tall",
        "imgName": "318976.jpg",
        "imgSrc": "https://cdn0.woolworths.media/content/wowproductimages/medium/318976.jpg",
        "name": "Razzamatazz Body Contour Pantyhose Opaque Tights 70d Tall-x-tall each",
        "price": 12
    },
    {
        "category": "household",
        "href": "https://www.woolworths.com.au/shop/productdetails/432607/inspire-bullet-mug-2-tone-turquoise",
        "imgName": "432607.jpg",
        "imgSrc": "https://cdn0.woolworths.media/content/wowproductimages/medium/432607.jpg",
        "name": "Inspire Bullet Mug 2 Tone Turquoise each",
        "price": 3
    },
    {
        "category": "household",
        "href": "https://www.woolworths.com.au/shop/productdetails/446345/hot-topic-embossed-mug",
        "imgName": "446345.jpg",
        "imgSrc": "https://cdn0.woolworths.media/content/wowproductimages/medium/446345.jpg",
        "name": "Hot Topic Embossed Mug  each",
        "price": 5
    },
    {
        "category": "household",
        "href": "https://www.woolworths.com.au/shop/productdetails/432489/inspire-embossed-mug-deep-blue",
        "imgName": "432489.jpg",
        "imgSrc": "https://cdn0.woolworths.media/content/wowproductimages/medium/432489.jpg",
        "name": "Inspire Embossed Mug Deep Blue each",
        "price": 4
    },
    {
        "category": "household",
        "href": "https://www.woolworths.com.au/shop/productdetails/428417/woolworths-bubble-wand",
        "imgName": "428417.jpg",
        "imgSrc": "https://cdn0.woolworths.media/content/wowproductimages/medium/428417.jpg",
        "name": "Woolworths Bubble Wand  each",
        "price": 4
    },
    {
        "category": "household",
        "href": "https://www.woolworths.com.au/shop/productdetails/446222/gardman-lights-solar-marker",
        "imgName": "446222.jpg",
        "imgSrc": "https://cdn0.woolworths.media/content/wowproductimages/medium/446222.jpg",
        "name": "Gardman Lights Solar Marker 4pk",
        "price": 8
    },
    {
        "category": "household",
        "href": "https://www.woolworths.com.au/shop/productdetails/363782/chux-heavy-duty-superwipes-roll",
        "imgName": "363782.jpg",
        "imgSrc": "https://cdn0.woolworths.media/content/wowproductimages/medium/363782.jpg",
        "name": "Chux Heavy Duty Superwipes Roll 25pk",
        "price": 6.99,
        "unitPrice": "$0.28 / 1EA"
    },
    {
        "category": "household",
        "href": "https://www.woolworths.com.au/shop/productdetails/432198/inspire-bullet-mug-2-tone-deep-blue",
        "imgName": "432198.jpg",
        "imgSrc": "https://cdn0.woolworths.media/content/wowproductimages/medium/432198.jpg",
        "name": "Inspire Bullet Mug 2 Tone Deep Blue each",
        "price": 3
    },
    {
        "category": "household",
        "href": "https://www.woolworths.com.au/shop/productdetails/513377/white-king-bleach-blue-block",
        "imgName": "513377.jpg",
        "imgSrc": "https://cdn0.woolworths.media/content/wowproductimages/medium/513377.jpg",
        "name": "White King Bleach & Blue Block  2pk 100g",
        "price": 4.59
    },
    {
        "category": "household",
        "href": "https://www.woolworths.com.au/shop/productdetails/546864/surf-2-in-1-laundry-powder-top-front-loader-tropical",
        "imgName": "546864.jpg",
        "imgSrc": "https://cdn0.woolworths.media/content/wowproductimages/medium/546864.jpg",
        "name": "Surf 2 In 1 Laundry Powder Top & Front Loader Tropical 4kg",
        "price": 13,
        "unitPrice": "$3.25 / 1KG"
    },
    {
        "category": "household",
        "href": "https://www.woolworths.com.au/shop/productdetails/500873/sistema-klip-it-tritan-canister-square",
        "imgName": "500873.jpg",
        "imgSrc": "https://cdn0.woolworths.media/content/wowproductimages/medium/500873.jpg",
        "name": "Sistema Klip It Tritan Canister Square 1.3l each",
        "price": 12
    },
    {
        "category": "household",
        "href": "https://www.woolworths.com.au/shop/productdetails/517117/sparkler-straight-silver",
        "imgName": "517117.jpg",
        "imgSrc": "https://cdn0.woolworths.media/content/wowproductimages/medium/517117.jpg",
        "name": "Sparkler Straight Silver 20cm 16pk",
        "price": 3,
        "unitPrice": "$0.19 / 1EA"
    },
    {
        "category": "household",
        "href": "https://www.woolworths.com.au/shop/productdetails/493874/sistema-ice-tray-large",
        "imgName": "493874.jpg",
        "imgSrc": "https://cdn0.woolworths.media/content/wowproductimages/medium/493874.jpg",
        "name": "Sistema Ice Tray Large each",
        "price": 9
    },
    {
        "category": "household",
        "href": "https://www.woolworths.com.au/shop/productdetails/494102/waxworks-citronella-candle-terracotta-dish",
        "imgName": "494102.jpg",
        "imgSrc": "https://cdn0.woolworths.media/content/wowproductimages/medium/494102.jpg",
        "name": "Waxworks Citronella Candle Terracotta Dish 10cm 2pk",
        "price": 7.99
    },
    {
        "category": "household",
        "href": "https://www.woolworths.com.au/shop/productdetails/564108/select-sponge-mop",
        "imgName": "564108.jpg",
        "imgSrc": "https://cdn0.woolworths.media/content/wowproductimages/medium/564108.jpg",
        "name": "Select Sponge Mop  each",
        "price": 12,
        "unitPrice": "$12.00 / 1EA"
    },
    {
        "category": "household",
        "href": "https://www.woolworths.com.au/shop/productdetails/695755/home-essentials-dinnerware-large-bowl-porcelain-white",
        "imgName": "695755.jpg",
        "imgSrc": "https://cdn0.woolworths.media/content/wowproductimages/medium/695755.jpg",
        "name": "Home Essentials Dinnerware Large Bowl Porcelain White each",
        "price": 5.5
    },
    {
        "category": "household",
        "href": "https://www.woolworths.com.au/shop/productdetails/598482/inspire-speckle-dinner-plate",
        "imgName": "598482.jpg",
        "imgSrc": "https://cdn0.woolworths.media/content/wowproductimages/medium/598482.jpg",
        "name": "Inspire Speckle Dinner Plate  1ea",
        "price": 4
    },
    {
        "category": "household",
        "href": "https://www.woolworths.com.au/shop/productdetails/524427/energizer-car-charger-universal-high-tech-2-4a-2-usb-black",
        "imgName": "524427.jpg",
        "imgSrc": "https://cdn0.woolworths.media/content/wowproductimages/medium/524427.jpg",
        "name": "Energizer Car Charger Universal - High Tech 2.4a 2 Usb Black each",
        "price": 17
    },
    {
        "category": "household",
        "href": "https://www.woolworths.com.au/shop/productdetails/580265/kleenex-toilet-tissue-white",
        "imgName": "580265.jpg",
        "imgSrc": "https://cdn0.woolworths.media/content/wowproductimages/medium/580265.jpg",
        "name": "Kleenex Toilet Tissue White 12pk",
        "price": 8.3,
        "unitPrice": "$0.38 / 100SS"
    },
    {
        "category": "household",
        "href": "https://www.woolworths.com.au/shop/productdetails/733572/home-essentials-serving-platter",
        "imgName": "733572.jpg",
        "imgSrc": "https://cdn0.woolworths.media/content/wowproductimages/medium/733572.jpg",
        "name": "Home Essentials Serving Platter 33x33cm",
        "price": 10.5
    },
    {
        "category": "household",
        "href": "https://www.woolworths.com.au/shop/productdetails/661134/organic-choice-dishwashing-liquid-lemongrass-green-tea",
        "imgName": "661134.jpg",
        "imgSrc": "https://cdn0.woolworths.media/content/wowproductimages/medium/661134.jpg",
        "name": "Organic Choice Dishwashing Liquid Lemongrass & Green Tea 500ml",
        "price": 5,
        "unitPrice": "$1.00 / 100ML"
    },
    {
        "category": "household",
        "href": "https://www.woolworths.com.au/shop/productdetails/727761/arcosteel-cookware-universal-steamer-20cm",
        "imgName": "727761.jpg",
        "imgSrc": "https://cdn0.woolworths.media/content/wowproductimages/medium/727761.jpg",
        "name": "Arcosteel Cookware Universal Steamer 20cm each",
        "price": 23.5
    },
    {
        "category": "household",
        "href": "https://www.woolworths.com.au/shop/productdetails/753844/woolworths-essentials-pins-thumb-tacks-11mm",
        "imgName": "753844.jpg",
        "imgSrc": "https://cdn0.woolworths.media/content/wowproductimages/medium/753844.jpg",
        "name": "Woolworths Essentials Pins Thumb Tacks 11mm 180pk",
        "price": 2.5
    },
    {
        "category": "household",
        "href": "https://www.woolworths.com.au/shop/productdetails/785557/peppa-pig-toys-bag-o-fun",
        "imgName": "785557.jpg",
        "imgSrc": "https://cdn0.woolworths.media/content/wowproductimages/medium/785557.jpg",
        "name": "Peppa Pig Toys Bag O Fun each",
        "price": 12.99
    },
    {
        "category": "household",
        "href": "https://www.woolworths.com.au/shop/productdetails/792218/hub-it-wireless-optical-mouse-2-4ghz",
        "imgName": "792218.jpg",
        "imgSrc": "https://cdn0.woolworths.media/content/wowproductimages/medium/792218.jpg",
        "name": "Hub It Wireless Optical Mouse 2.4ghz each",
        "price": 12
    },
    {
        "category": "household",
        "href": "https://www.woolworths.com.au/shop/productdetails/787389/sellotape-tape-mini-dispenser",
        "imgName": "787389.jpg",
        "imgSrc": "https://cdn0.woolworths.media/content/wowproductimages/medium/787389.jpg",
        "name": "Sellotape Tape Mini Dispenser each",
        "price": 5.5
    },
    {
        "category": "household",
        "href": "https://www.woolworths.com.au/shop/productdetails/765660/mortein-naturgard-insect-control-indoor-odourless",
        "imgName": "765660.jpg",
        "imgSrc": "https://cdn0.woolworths.media/content/wowproductimages/medium/765660.jpg",
        "name": "Mortein Naturgard Insect Control Indoor Odourless 2 x 154g",
        "price": 26,
        "unitPrice": "$26.00 / 1EA"
    },
    {
        "category": "household",
        "href": "https://www.woolworths.com.au/shop/productdetails/789891/ansell-gloves-cotton",
        "imgName": "789891.jpg",
        "imgSrc": "https://cdn0.woolworths.media/content/wowproductimages/medium/789891.jpg",
        "name": "Ansell Gloves Cotton each",
        "price": 1.5,
        "unitPrice": "$1.50 / 1EA"
    },
    {
        "category": "household",
        "href": "https://www.woolworths.com.au/shop/productdetails/786995/jamie-oliver-whisk",
        "imgName": "786995.jpg",
        "imgSrc": "https://cdn0.woolworths.media/content/wowproductimages/medium/786995.jpg",
        "name": "Jamie Oliver Whisk  each",
        "price": 10
    },
    {
        "category": "household",
        "href": "https://www.woolworths.com.au/shop/productdetails/829152/inspire-wooden-hangers",
        "imgName": "829152.jpg",
        "imgSrc": "https://cdn0.woolworths.media/content/wowproductimages/medium/829152.jpg",
        "name": "Inspire Wooden Hangers  5pk",
        "price": 5
    },
    {
        "category": "household",
        "href": "https://www.woolworths.com.au/shop/productdetails/958807/jackson-inbound-travel-adaptor-2-outlets-universal",
        "imgName": "958807.jpg",
        "imgSrc": "https://cdn0.woolworths.media/content/wowproductimages/medium/958807.jpg",
        "name": "Jackson Inbound Travel Adaptor - 2 Outlets Universal each",
        "price": 15
    },
    {
        "category": "household",
        "href": "https://www.woolworths.com.au/shop/productdetails/853879/inspire-stainless-steel-strainer-20cm",
        "imgName": "853879.jpg",
        "imgSrc": "https://cdn0.woolworths.media/content/wowproductimages/medium/853879.jpg",
        "name": "Inspire Stainless Steel Strainer 20cm each",
        "price": 10
    },
    {
        "category": "household",
        "href": "https://www.woolworths.com.au/shop/productdetails/936521/sharpie-markers-metal-bullet-black",
        "imgName": "936521.jpg",
        "imgSrc": "https://cdn0.woolworths.media/content/wowproductimages/medium/936521.jpg",
        "name": "Sharpie Markers Metal Bullet Black 2pk",
        "price": 6.5
    },
    {
        "category": "household",
        "href": "https://www.woolworths.com.au/shop/productdetails/90000395/home-essentials-medium-glass-jar-x2-bundle",
        "imgName": "90000395.jpg",
        "imgSrc": "https://cdn0.woolworths.media/content/wowproductimages/medium/90000395.jpg",
        "name": "Home Essentials Medium Glass Jar X2 Bundle",
        "price": 5,
        "unitPrice": "$2.50 / 1EA"
    },
    {
        "category": "household",
        "href": "https://www.woolworths.com.au/shop/productdetails/90000505/mr-muscle-drain-cleaner-drano-gel-x2-bundle",
        "imgName": "90000505.jpg",
        "imgSrc": "https://cdn0.woolworths.media/content/wowproductimages/medium/90000505.jpg",
        "name": "Mr Muscle Drain Cleaner Drano Gel X2 Bundle",
        "price": 20,
        "unitPrice": "$1.33 / 100ML"
    }
]