[
    {
        "category": "meat-seafood-deli",
        "href": "https://www.woolworths.com.au/shop/productdetails/573422/woolworths-simply-bake-chicken-meatloaf",
        "imgName": "573422.jpg",
        "imgSrc": "https://cdn0.woolworths.media/content/wowproductimages/medium/573422.jpg",
        "name": "Woolworths Simply Bake Chicken Meatloaf  750g",
        "price": 10,
        "unitPrice": "$13.33 / 1KG"
    },
    {
        "category": "meat-seafood-deli",
        "href": "https://www.woolworths.com.au/shop/productdetails/638245/woolworths-chicken-pesto-pasta",
        "imgName": "638245.jpg",
        "imgSrc": "https://cdn0.woolworths.media/content/wowproductimages/medium/638245.jpg",
        "name": "Woolworths Chicken Pesto Pasta 250g",
        "price": 3.8,
        "unitPrice": "$1.52 / 100G"
    },
    {
        "category": "meat-seafood-deli",
        "href": "https://www.woolworths.com.au/shop/productdetails/617782/woolworth-tomato-and-garlic-hot-smoked-salmon",
        "imgName": "617782.jpg",
        "imgSrc": "https://cdn0.woolworths.media/content/wowproductimages/medium/617782.jpg",
        "name": "Woolworth Tomato And Garlic Hot Smoked Salmon 150g",
        "price": 6.5,
        "unitPrice": "$43.33 / 1KG"
    },
    {
        "category": "meat-seafood-deli",
        "href": "https://www.woolworths.com.au/shop/productdetails/523931/top-table-wagyu-beef-burger",
        "imgName": "523931.jpg",
        "imgSrc": "https://cdn0.woolworths.media/content/wowproductimages/medium/523931.jpg",
        "name": "Top Table Wagyu Beef Burger  320g",
        "price": 7.5,
        "unitPrice": "$23.44 / 1KG"
    },
    {
        "category": "meat-seafood-deli",
        "href": "https://www.woolworths.com.au/shop/productdetails/638242/woolworths-ancient-grain-salad-salad",
        "imgName": "638242.jpg",
        "imgSrc": "https://cdn0.woolworths.media/content/wowproductimages/medium/638242.jpg",
        "name": "Woolworths Ancient Grain Salad Salad 250g",
        "price": 3.8,
        "unitPrice": "$1.52 / 100G"
    },
    {
        "category": "meat-seafood-deli",
        "href": "https://www.woolworths.com.au/shop/productdetails/652088/peppercorn-butcher-s-classic-variety-pack",
        "imgName": "652088.jpg",
        "imgSrc": "https://cdn0.woolworths.media/content/wowproductimages/medium/652088.jpg",
        "name": "Peppercorn Butcher's Classic Variety Pack  8pk 600g",
        "price": 9.5,
        "unitPrice": "$15.83 / 1KG"
    },
    {
        "category": "meat-seafood-deli",
        "href": "https://www.woolworths.com.au/shop/productdetails/658586/don-all-natural-double-smoked-sliced-leg-ham",
        "imgName": "658586.jpg",
        "imgSrc": "https://cdn0.woolworths.media/content/wowproductimages/medium/658586.jpg",
        "name": "Don All Natural Double Smoked Sliced Leg Ham 100g",
        "price": 3.5,
        "unitPrice": "$35.00 / 1KG"
    },
    {
        "category": "meat-seafood-deli",
        "href": "https://www.woolworths.com.au/shop/productdetails/476706/woolworths-tuna-lime-cracked-pepper",
        "imgName": "476706.jpg",
        "imgSrc": "https://cdn0.woolworths.media/content/wowproductimages/medium/476706.jpg",
        "name": "Woolworths Tuna Lime & Cracked Pepper 95g",
        "price": 0.9,
        "unitPrice": "$9.47 / 1KG"
    },
    {
        "category": "meat-seafood-deli",
        "href": "https://www.woolworths.com.au/shop/productdetails/794695/ocean-chef-prawns-cooked-peeled",
        "imgName": "794695.jpg",
        "imgSrc": "https://cdn0.woolworths.media/content/wowproductimages/medium/794695.jpg",
        "name": "Ocean Chef Prawns Cooked & Peeled 375g",
        "price": 16,
        "unitPrice": "$42.67 / 1KG"
    },
    {
        "category": "meat-seafood-deli",
        "href": "https://www.woolworths.com.au/shop/productdetails/774405/king-island-roaring-40s-blue-cheese",
        "imgName": "774405.jpg",
        "imgSrc": "https://cdn0.woolworths.media/content/wowproductimages/medium/774405.jpg",
        "name": "King Island Roaring 40s Blue Cheese 120g",
        "price": 7.99,
        "unitPrice": "$66.58 / 1KG"
    },
    {
        "category": "meat-seafood-deli",
        "href": "https://www.woolworths.com.au/shop/productdetails/617010/chicken-necks-fresh",
        "imgName": "617010.jpg",
        "imgSrc": "https://cdn0.woolworths.media/content/wowproductimages/medium/617010.jpg",
        "name": "Chicken Necks Fresh  per kg",
        "price": 4,
        "unitPrice": "$4.00 / 1KG"
    },
    {
        "category": "meat-seafood-deli",
        "href": "https://www.woolworths.com.au/shop/productdetails/552396/primo-champagne-ham-shaved",
        "imgName": "552396.jpg",
        "imgSrc": "https://cdn0.woolworths.media/content/wowproductimages/medium/552396.jpg",
        "name": "Primo Champagne Ham Shaved per kg",
        "price": 22,
        "unitPrice": "$22.00 / 1KG"
    },
    {
        "category": "meat-seafood-deli",
        "href": "https://www.woolworths.com.au/shop/productdetails/519373/salmon-marinated-portions-sweet-chilli",
        "imgName": "519373.jpg",
        "imgSrc": "https://cdn0.woolworths.media/content/wowproductimages/medium/519373.jpg",
        "name": "Salmon Marinated  Portions Sweet Chilli per kg",
        "price": 27
    },
    {
        "category": "meat-seafood-deli",
        "href": "https://www.woolworths.com.au/shop/productdetails/636764/riverina-haloumi-with-cracked-pepper",
        "imgName": "636764.jpg",
        "imgSrc": "https://cdn0.woolworths.media/content/wowproductimages/medium/636764.jpg",
        "name": "Riverina Haloumi With Cracked Pepper 180g",
        "price": 6,
        "unitPrice": "$33.33 / 1KG"
    },
    {
        "category": "meat-seafood-deli",
        "href": "https://www.woolworths.com.au/shop/productdetails/546878/hans-polish",
        "imgName": "546878.jpg",
        "imgSrc": "https://cdn0.woolworths.media/content/wowproductimages/medium/546878.jpg",
        "name": "Hans Polish  375g",
        "price": 3.5,
        "unitPrice": "$9.33 / 1KG"
    },
    {
        "category": "meat-seafood-deli",
        "href": "https://www.woolworths.com.au/shop/productdetails/542772/don-donskis-mild",
        "imgName": "542772.jpg",
        "imgSrc": "https://cdn0.woolworths.media/content/wowproductimages/medium/542772.jpg",
        "name": "Don Donskis Mild 40g",
        "price": 3,
        "unitPrice": "$75.00 / 1KG"
    },
    {
        "category": "meat-seafood-deli",
        "href": "https://www.woolworths.com.au/shop/productdetails/635871/meredith-dairy-goat-cheese-chilli-and-honey",
        "imgName": "635871.jpg",
        "imgSrc": "https://cdn0.woolworths.media/content/wowproductimages/medium/635871.jpg",
        "name": "Meredith Dairy Goat Cheese Chilli And Honey 80g",
        "price": 6,
        "unitPrice": "$75.00 / 1KG"
    },
    {
        "category": "meat-seafood-deli",
        "href": "https://www.woolworths.com.au/shop/productdetails/401681/shore-mariner-seafood-sticks",
        "imgName": "401681.jpg",
        "imgSrc": "https://cdn0.woolworths.media/content/wowproductimages/medium/401681.jpg",
        "name": "Shore Mariner Seafood Sticks  1kg",
        "price": 8,
        "unitPrice": "$8.00 / 1KG"
    },
    {
        "category": "meat-seafood-deli",
        "href": "https://www.woolworths.com.au/shop/productdetails/635324/just-caught-garlic-prawns-heat-eat",
        "imgName": "635324.jpg",
        "imgSrc": "https://cdn0.woolworths.media/content/wowproductimages/medium/635324.jpg",
        "name": "Just Caught Garlic Prawns Heat & Eat 500g",
        "price": 14,
        "unitPrice": "$28.00 / 1KG"
    },
    {
        "category": "meat-seafood-deli",
        "href": "https://www.woolworths.com.au/shop/productdetails/964668/hunter-belle-cheedar-onion-thyme",
        "imgName": "964668.jpg",
        "imgSrc": "https://cdn0.woolworths.media/content/wowproductimages/medium/964668.jpg",
        "name": "Hunter Belle Cheedar Onion & Thyme 140g",
        "price": 7,
        "unitPrice": "$50.00 / 1KG"
    },
    {
        "category": "meat-seafood-deli",
        "href": "https://www.woolworths.com.au/shop/productdetails/323964/long-clawson-strong-blue-cheese",
        "imgName": "323964.jpg",
        "imgSrc": "https://cdn0.woolworths.media/content/wowproductimages/medium/323964.jpg",
        "name": "Long Clawson Strong Blue Cheese 125g",
        "price": 8.5,
        "unitPrice": "$68.00 / 1KG"
    },
    {
        "category": "meat-seafood-deli",
        "href": "https://www.woolworths.com.au/shop/productdetails/521782/ixl-fruit-of-the-forest-jam",
        "imgName": "521782.jpg",
        "imgSrc": "https://cdn0.woolworths.media/content/wowproductimages/medium/521782.jpg",
        "name": "Ixl Fruit Of The Forest Jam 480g",
        "price": 3.5,
        "unitPrice": "$0.73 / 100G"
    },
    {
        "category": "meat-seafood-deli",
        "href": "https://www.woolworths.com.au/shop/productdetails/521780/ixl-blackberry-jam",
        "imgName": "521780.jpg",
        "imgSrc": "https://cdn0.woolworths.media/content/wowproductimages/medium/521780.jpg",
        "name": "Ixl Blackberry Jam 480g",
        "price": 3.5,
        "unitPrice": "$0.73 / 100G"
    },
    {
        "category": "meat-seafood-deli",
        "href": "https://www.woolworths.com.au/shop/productdetails/320194/mission-wraps-original",
        "imgName": "320194.jpg",
        "imgSrc": "https://cdn0.woolworths.media/content/wowproductimages/medium/320194.jpg",
        "name": "Mission Wraps Original 8pk 567g",
        "price": 4.99,
        "unitPrice": "$0.88 / 100G"
    },
    {
        "category": "meat-seafood-deli",
        "href": "https://www.woolworths.com.au/shop/productdetails/353946/bertocchi-premium-boneless-leg-ham-shaved",
        "imgName": "353946.jpg",
        "imgSrc": "https://cdn0.woolworths.media/content/wowproductimages/medium/353946.jpg",
        "name": "Bertocchi Premium Boneless Leg Ham Shaved per kg",
        "price": 24,
        "unitPrice": "$24.00 / 1KG"
    },
    {
        "category": "meat-seafood-deli",
        "href": "https://www.woolworths.com.au/shop/productdetails/577860/beef-mince-heart-smart",
        "imgName": "577860.jpg",
        "imgSrc": "https://cdn0.woolworths.media/content/wowproductimages/medium/577860.jpg",
        "name": "Beef Mince Heart Smart 500g",
        "price": 8,
        "unitPrice": "$16.00 / 1KG"
    },
    {
        "category": "meat-seafood-deli",
        "href": "https://www.woolworths.com.au/shop/productdetails/577864/beef-mince-regular",
        "imgName": "577864.jpg",
        "imgSrc": "https://cdn0.woolworths.media/content/wowproductimages/medium/577864.jpg",
        "name": "Beef Mince Regular 1kg",
        "price": 7,
        "unitPrice": "$7.00 / 1KG"
    },
    {
        "category": "meat-seafood-deli",
        "href": "https://www.woolworths.com.au/shop/productdetails/577863/beef-mince-regular",
        "imgName": "577863.jpg",
        "imgSrc": "https://cdn0.woolworths.media/content/wowproductimages/medium/577863.jpg",
        "name": "Beef Mince Regular 500g",
        "price": 4,
        "unitPrice": "$8.00 / 1KG"
    },
    {
        "category": "meat-seafood-deli",
        "href": "https://www.woolworths.com.au/shop/productdetails/577861/beef-mince-premium",
        "imgName": "577861.jpg",
        "imgSrc": "https://cdn0.woolworths.media/content/wowproductimages/medium/577861.jpg",
        "name": "Beef Mince Premium 500g",
        "price": 6.5,
        "unitPrice": "$13.00 / 1KG"
    },
    {
        "category": "meat-seafood-deli",
        "href": "https://www.woolworths.com.au/shop/productdetails/629433/miguel-maestre-valdeon-cheese",
        "imgName": "629433.jpg",
        "imgSrc": "https://cdn0.woolworths.media/content/wowproductimages/medium/629433.jpg",
        "name": "Miguel Maestre Valdeon Cheese 150g",
        "price": 6,
        "unitPrice": "$60.00 / 1KG"
    },
    {
        "category": "meat-seafood-deli",
        "href": "https://www.woolworths.com.au/shop/productdetails/638912/societe-roquefort",
        "imgName": "638912.jpg",
        "imgSrc": "https://cdn0.woolworths.media/content/wowproductimages/medium/638912.jpg",
        "name": "Societe Roquefort  100g",
        "price": 7.5,
        "unitPrice": "$75.00 / 1KG"
    },
    {
        "category": "meat-seafood-deli",
        "href": "https://www.woolworths.com.au/shop/productdetails/801090/delfi-goat-greek-fetta",
        "imgName": "801090.jpg",
        "imgSrc": "https://cdn0.woolworths.media/content/wowproductimages/medium/801090.jpg",
        "name": "Delfi Goat Greek Fetta 200g",
        "price": 5.99,
        "unitPrice": "$29.95 / 1KG"
    },
    {
        "category": "meat-seafood-deli",
        "href": "https://www.woolworths.com.au/shop/productdetails/521770/ixl-strawberry-jam",
        "imgName": "521770.jpg",
        "imgSrc": "https://cdn0.woolworths.media/content/wowproductimages/medium/521770.jpg",
        "name": "Ixl Strawberry Jam 480g",
        "price": 3.5,
        "unitPrice": "$0.73 / 100G"
    },
    {
        "category": "meat-seafood-deli",
        "href": "https://www.woolworths.com.au/shop/productdetails/129697/fresh-prawns-tiger-cooked-small",
        "imgName": "129697.jpg",
        "imgSrc": "https://cdn0.woolworths.media/content/wowproductimages/medium/129697.jpg",
        "name": "Fresh Prawns Tiger Cooked Small per kg",
        "price": 22,
        "unitPrice": "$22.00 / 1KG"
    },
    {
        "category": "meat-seafood-deli",
        "href": "https://www.woolworths.com.au/shop/productdetails/476722/woolworths-tuna-mild-indian-curry",
        "imgName": "476722.jpg",
        "imgSrc": "https://cdn0.woolworths.media/content/wowproductimages/medium/476722.jpg",
        "name": "Woolworths Tuna Mild Indian Curry 95g",
        "price": 0.9,
        "unitPrice": "$9.47 / 1KG"
    },
    {
        "category": "meat-seafood-deli",
        "href": "https://www.woolworths.com.au/shop/productdetails/287053/lemnos-organic-halloumi-cheese",
        "imgName": "287053.jpg",
        "imgSrc": "https://cdn0.woolworths.media/content/wowproductimages/medium/287053.jpg",
        "name": "Lemnos Organic Halloumi Cheese 180g",
        "price": 6.95,
        "unitPrice": "$38.61 / 1KG"
    },
    {
        "category": "meat-seafood-deli",
        "href": "https://www.woolworths.com.au/shop/productdetails/491607/maese-miguel-manchego-cheese",
        "imgName": "491607.jpg",
        "imgSrc": "https://cdn0.woolworths.media/content/wowproductimages/medium/491607.jpg",
        "name": "Maese Miguel Manchego Cheese  per kg",
        "price": 60,
        "unitPrice": "$60.00 / 1KG"
    },
    {
        "category": "meat-seafood-deli",
        "href": "https://www.woolworths.com.au/shop/productdetails/627360/dodoni-greek-organic-feta",
        "imgName": "627360.jpg",
        "imgSrc": "https://cdn0.woolworths.media/content/wowproductimages/medium/627360.jpg",
        "name": "Dodoni Greek Organic Feta 200g",
        "price": 8,
        "unitPrice": "$40.00 / 1KG"
    },
    {
        "category": "meat-seafood-deli",
        "href": "https://www.woolworths.com.au/shop/productdetails/323980/ashgrove-wild-wasabi-cheddar-cheese",
        "imgName": "323980.jpg",
        "imgSrc": "https://cdn0.woolworths.media/content/wowproductimages/medium/323980.jpg",
        "name": "Ashgrove Wild Wasabi Cheddar Cheese 140g",
        "price": 5.25,
        "unitPrice": "$37.50 / 1KG"
    },
    {
        "category": "meat-seafood-deli",
        "href": "https://www.woolworths.com.au/shop/productdetails/208970/lamb-diced-heart-smart",
        "imgName": "208970.jpg",
        "imgSrc": "https://cdn0.woolworths.media/content/wowproductimages/medium/208970.jpg",
        "name": "Lamb Diced Heart Smart min. 450g"
    },
    {
        "category": "meat-seafood-deli",
        "href": "https://www.woolworths.com.au/shop/productdetails/800132/president-brie-cheese",
        "imgName": "800132.jpg",
        "imgSrc": "https://cdn0.woolworths.media/content/wowproductimages/medium/800132.jpg",
        "name": "President Brie Cheese 200g",
        "price": 10,
        "special": 7,
        "unitPrice": "$35.00 / 1KG"
    },
    {
        "category": "meat-seafood-deli",
        "href": "https://www.woolworths.com.au/shop/productdetails/84639/dodoni-fetta-cheese",
        "imgName": "084639.jpg",
        "imgSrc": "https://cdn0.woolworths.media/content/wowproductimages/medium/084639.jpg",
        "name": "Dodoni Fetta Cheese 200g",
        "price": 6,
        "unitPrice": "$30.00 / 1KG"
    },
    {
        "category": "meat-seafood-deli",
        "href": "https://www.woolworths.com.au/shop/productdetails/109736/macro-organic-beef-scotch-fillet",
        "imgName": "109736.jpg",
        "imgSrc": "https://cdn0.woolworths.media/content/wowproductimages/medium/109736.jpg",
        "name": "Macro Organic Beef Scotch Fillet min. 250g",
        "price": 11.25,
        "unitPrice": "$45.00 / 1KG"
    },
    {
        "category": "meat-seafood-deli",
        "href": "https://www.woolworths.com.au/shop/productdetails/531015/woolworths-beef-stir-fry",
        "imgName": "531015.jpg",
        "imgSrc": "https://cdn0.woolworths.media/content/wowproductimages/medium/531015.jpg",
        "name": "Woolworths Beef Stir Fry  500g",
        "price": 9,
        "unitPrice": "$18.00 / 1KG"
    },
    {
        "category": "meat-seafood-deli",
        "href": "https://www.woolworths.com.au/shop/productdetails/577862/beef-mince-premium-for-immediate-use",
        "imgName": "577862.jpg",
        "imgSrc": "https://cdn0.woolworths.media/content/wowproductimages/medium/577862.jpg",
        "name": "Beef Mince Premium  For Immediate Use 1kg",
        "price": 13,
        "unitPrice": "$13.00 / 1KG"
    },
    {
        "category": "meat-seafood-deli",
        "href": "https://www.woolworths.com.au/shop/productdetails/892444/yarra-valley-cheese-herby-cow",
        "imgName": "892444.jpg",
        "imgSrc": "https://cdn0.woolworths.media/content/wowproductimages/medium/892444.jpg",
        "name": "Yarra Valley Cheese Herby Cow 120g",
        "price": 4.99,
        "unitPrice": "$41.58 / 1KG"
    },
    {
        "category": "meat-seafood-deli",
        "href": "https://www.woolworths.com.au/shop/productdetails/638777/president-creme-de-brie-spreadable-cheese",
        "imgName": "638777.jpg",
        "imgSrc": "https://cdn0.woolworths.media/content/wowproductimages/medium/638777.jpg",
        "name": "President Creme De Brie Spreadable Cheese 125g",
        "price": 5,
        "unitPrice": "$40.00 / 1KG"
    },
    {
        "category": "meat-seafood-deli",
        "href": "https://www.woolworths.com.au/shop/productdetails/224943/woolworths-colby-cheese-slices",
        "imgName": "224943.jpg",
        "imgSrc": "https://cdn0.woolworths.media/content/wowproductimages/medium/224943.jpg",
        "name": "Woolworths Colby Cheese Slices  500g",
        "price": 6,
        "unitPrice": "$12.00 / 1KG"
    },
    {
        "category": "meat-seafood-deli",
        "href": "https://www.woolworths.com.au/shop/productdetails/48358/homebrand-bacon-middle-rashers",
        "imgName": "048358.jpg",
        "imgSrc": "https://cdn0.woolworths.media/content/wowproductimages/medium/048358.jpg",
        "name": "Homebrand Bacon Middle Rashers 1kg",
        "price": 8,
        "unitPrice": "$8.00 / 1KG"
    },
    {
        "category": "meat-seafood-deli",
        "href": "https://www.woolworths.com.au/shop/productdetails/19115/south-cape-marinated-fetta",
        "imgName": "019115.jpg",
        "imgSrc": "https://cdn0.woolworths.media/content/wowproductimages/medium/019115.jpg",
        "name": "South Cape Marinated Fetta  350g",
        "price": 11.9,
        "unitPrice": "$34.00 / 1KG"
    },
    {
        "category": "meat-seafood-deli",
        "href": "https://www.woolworths.com.au/shop/productdetails/370004/king-island-surprise-bay-cheddar-cheese",
        "imgName": "370004.jpg",
        "imgSrc": "https://cdn0.woolworths.media/content/wowproductimages/medium/370004.jpg",
        "name": "King Island Surprise Bay Cheddar Cheese per kg",
        "price": 42,
        "unitPrice": "$42.00 / 1KG"
    },
    {
        "category": "meat-seafood-deli",
        "href": "https://www.woolworths.com.au/shop/productdetails/79223/philadelphia-spreadable-cream-cheese-original",
        "imgName": "079223.jpg",
        "imgSrc": "https://cdn0.woolworths.media/content/wowproductimages/medium/079223.jpg",
        "name": "Philadelphia Spreadable Cream Cheese Original 250g",
        "price": 4,
        "unitPrice": "$16.00 / 1KG"
    },
    {
        "category": "meat-seafood-deli",
        "href": "https://www.woolworths.com.au/shop/productdetails/347141/south-cape-australian-gouda-cheese",
        "imgName": "347141.jpg",
        "imgSrc": "https://cdn0.woolworths.media/content/wowproductimages/medium/347141.jpg",
        "name": "South Cape Australian Gouda Cheese 200g",
        "price": 6.3,
        "unitPrice": "$31.50 / 1KG"
    },
    {
        "category": "meat-seafood-deli",
        "href": "https://www.woolworths.com.au/shop/productdetails/46279/fresh-australian-mackerel-grey-cutlets",
        "imgName": "046279.jpg",
        "imgSrc": "https://cdn0.woolworths.media/content/wowproductimages/medium/046279.jpg",
        "name": "Fresh Australian Mackerel Grey Cutlets per kg",
        "price": 30
    },
    {
        "category": "meat-seafood-deli",
        "href": "https://www.woolworths.com.au/shop/productdetails/96422/philadelphia-spreadable-cream-cheese-light",
        "imgName": "096422.jpg",
        "imgSrc": "https://cdn0.woolworths.media/content/wowproductimages/medium/096422.jpg",
        "name": "Philadelphia Spreadable Cream Cheese Light 250g",
        "price": 4,
        "unitPrice": "$16.00 / 1KG"
    },
    {
        "category": "meat-seafood-deli",
        "href": "https://www.woolworths.com.au/shop/productdetails/10239/primo-cabanossi-traditional",
        "imgName": "010239.jpg",
        "imgSrc": "https://cdn0.woolworths.media/content/wowproductimages/medium/010239.jpg",
        "name": "Primo Cabanossi Traditional per kg",
        "price": 16.29,
        "unitPrice": "$16.29 / 1KG"
    },
    {
        "category": "meat-seafood-deli",
        "href": "https://www.woolworths.com.au/shop/productdetails/16349/ingham-s-chicken-sliced-breast-supreme-97-ff",
        "imgName": "016349.jpg",
        "imgSrc": "https://cdn0.woolworths.media/content/wowproductimages/medium/016349.jpg",
        "name": "Ingham's Chicken Sliced Breast Supreme 97%ff per kg",
        "price": 20,
        "unitPrice": "$20.00 / 1KG"
    },
    {
        "category": "meat-seafood-deli",
        "href": "https://www.woolworths.com.au/shop/productdetails/382774/bertocchi-bacon-short-rindless",
        "imgName": "382774.jpg",
        "imgSrc": "https://cdn0.woolworths.media/content/wowproductimages/medium/382774.jpg",
        "name": "Bertocchi Bacon Short Rindless 500g",
        "price": 7,
        "unitPrice": "$14.00 / 1KG"
    },
    {
        "category": "meat-seafood-deli",
        "href": "https://www.woolworths.com.au/shop/productdetails/224944/woolworths-extra-tasty-cheese-slices",
        "imgName": "224944.jpg",
        "imgSrc": "https://cdn0.woolworths.media/content/wowproductimages/medium/224944.jpg",
        "name": "Woolworths Extra Tasty Cheese Slices  500g",
        "price": 6,
        "unitPrice": "$12.00 / 1KG"
    },
    {
        "category": "meat-seafood-deli",
        "href": "https://www.woolworths.com.au/shop/productdetails/439704/woolworths-mixed-tuscan-antipasto",
        "imgName": "439704.jpg",
        "imgSrc": "https://cdn0.woolworths.media/content/wowproductimages/medium/439704.jpg",
        "name": "Woolworths Mixed Tuscan Antipasto  per kg",
        "price": 26.99,
        "unitPrice": "$26.99 / 1KG"
    },
    {
        "category": "meat-seafood-deli",
        "href": "https://www.woolworths.com.au/shop/productdetails/84056/moreton-bay-bug-cooked",
        "imgName": "084056.jpg",
        "imgSrc": "https://cdn0.woolworths.media/content/wowproductimages/medium/084056.jpg",
        "name": "Moreton Bay Bug Cooked per kg",
        "price": 40,
        "unitPrice": "$40.00 / 1KG"
    },
    {
        "category": "meat-seafood-deli",
        "href": "https://www.woolworths.com.au/shop/productdetails/353430/meredith-goat-cheese-curb-tub",
        "imgName": "default.png",
        "imgSrc": "https://cdn0.woolworths.media/content/wowproductimages/large/default.png",
        "name": "Meredith Goat Cheese Curb Tub 100g",
        "price": 5,
        "unitPrice": "$50.00 / 1KG"
    },
    {
        "category": "meat-seafood-deli",
        "href": "https://www.woolworths.com.au/shop/productdetails/439702/woolworths-olives-green-split-with-herbs",
        "imgName": "439702.jpg",
        "imgSrc": "https://cdn0.woolworths.media/content/wowproductimages/medium/439702.jpg",
        "name": "Woolworths Olives Green Split With Herbs per kg",
        "price": 19.95,
        "unitPrice": "$19.95 / 1KG"
    },
    {
        "category": "meat-seafood-deli",
        "href": "https://www.woolworths.com.au/shop/productdetails/323951/frico-mild-edam-cheese-wedge",
        "imgName": "323951.jpg",
        "imgSrc": "https://cdn0.woolworths.media/content/wowproductimages/medium/323951.jpg",
        "name": "Frico Mild Edam Cheese Wedge 200g",
        "price": 7.5,
        "unitPrice": "$34.09 / 1KG"
    },
    {
        "category": "meat-seafood-deli",
        "href": "https://www.woolworths.com.au/shop/productdetails/417843/ocean-chef-moreton-bay-bug-garlic-herb",
        "imgName": "417843.jpg",
        "imgSrc": "https://cdn0.woolworths.media/content/wowproductimages/medium/417843.jpg",
        "name": "Ocean Chef Moreton Bay Bug Garlic & Herb 320g",
        "price": 12,
        "unitPrice": "$37.50 / 1KG"
    },
    {
        "category": "meat-seafood-deli",
        "href": "https://www.woolworths.com.au/shop/productdetails/658599/tegel-meal-maker-sliced-roast-chicken",
        "imgName": "658599.jpg",
        "imgSrc": "https://cdn0.woolworths.media/content/wowproductimages/medium/658599.jpg",
        "name": "Tegel Meal Maker Sliced Roast Chicken 280g",
        "price": 8.5,
        "unitPrice": "$3.04 / 100G"
    },
    {
        "category": "meat-seafood-deli",
        "href": "https://www.woolworths.com.au/shop/productdetails/744031/d-orsogna-deli-fresh-roast-chicken-free-range",
        "imgName": "744031.jpg",
        "imgSrc": "https://cdn0.woolworths.media/content/wowproductimages/medium/744031.jpg",
        "name": "D'orsogna Deli Fresh Roast Chicken Free Range 100g",
        "price": 3.5,
        "unitPrice": "$35.00 / 1KG"
    },
    {
        "category": "meat-seafood-deli",
        "href": "https://www.woolworths.com.au/shop/productdetails/877456/fromager-daffinois-cheese-campagnier",
        "imgName": "877456.jpg",
        "imgSrc": "https://cdn0.woolworths.media/content/wowproductimages/medium/877456.jpg",
        "name": "Fromager Daffinois Cheese Campagnier 1kg",
        "price": 85,
        "unitPrice": "$85.00 / 1KG"
    },
    {
        "category": "meat-seafood-deli",
        "href": "https://www.woolworths.com.au/shop/productdetails/880404/tuckers-fruit-paste-spiced-cherry",
        "imgName": "880404.jpg",
        "imgSrc": "https://cdn0.woolworths.media/content/wowproductimages/medium/880404.jpg",
        "name": "Tuckers Fruit Paste Spiced Cherry 100g",
        "price": 4.99,
        "unitPrice": "$49.90 / 1KG"
    },
    {
        "category": "meat-seafood-deli",
        "href": "https://www.woolworths.com.au/shop/productdetails/593161/rspca-chicken-breast-fillet",
        "imgName": "593161.jpg",
        "imgSrc": "https://cdn0.woolworths.media/content/wowproductimages/medium/593161.jpg",
        "name": "Rspca Chicken Breast Fillet min. 240g",
        "price": 2.88,
        "unitPrice": "$12.00 / 1KG"
    },
    {
        "category": "meat-seafood-deli",
        "href": "https://www.woolworths.com.au/shop/productdetails/146232/casa-leonardi-gorgonazola-dolce-blue-cheese",
        "imgName": "146232.jpg",
        "imgSrc": "https://cdn0.woolworths.media/content/wowproductimages/medium/146232.jpg",
        "name": "Casa Leonardi Gorgonazola Dolce Blue Cheese 190g",
        "price": 6.85,
        "unitPrice": "$36.05 / 1KG"
    },
    {
        "category": "meat-seafood-deli",
        "href": "https://www.woolworths.com.au/shop/productdetails/190683/woolworths-vannamei-prawns-small-cooked-frozen",
        "imgName": "190683.jpg",
        "imgSrc": "https://cdn0.woolworths.media/content/wowproductimages/medium/190683.jpg",
        "name": "Woolworths Vannamei Prawns Small Cooked Frozen per kg",
        "price": 20,
        "unitPrice": "$20.00 / 1KG"
    },
    {
        "category": "meat-seafood-deli",
        "href": "https://www.woolworths.com.au/shop/productdetails/369753/woolworths-fresh-dutch-log-smoked-cheese",
        "imgName": "369753.jpg",
        "imgSrc": "https://cdn0.woolworths.media/content/wowproductimages/medium/369753.jpg",
        "name": "Woolworths Fresh Dutch Log Smoked Cheese per kg",
        "price": 35,
        "unitPrice": "$35.00 / 1KG"
    },
    {
        "category": "meat-seafood-deli",
        "href": "https://www.woolworths.com.au/shop/productdetails/493832/woolworths-simply-roast-chicken-roasting-portions-rosemary-garlic",
        "imgName": "493832.jpg",
        "imgSrc": "https://cdn0.woolworths.media/content/wowproductimages/medium/493832.jpg",
        "name": "Woolworths Simply Roast Chicken Roasting Portions Rosemary Garlic min 1.3kg",
        "price": 9.09,
        "unitPrice": "$6.99 / 1KG"
    },
    {
        "category": "meat-seafood-deli",
        "href": "https://www.woolworths.com.au/shop/productdetails/649106/d-orsogna-shaved-honey-ham",
        "imgName": "649106.jpg",
        "imgSrc": "https://cdn0.woolworths.media/content/wowproductimages/medium/649106.jpg",
        "name": "D'orsogna Shaved Honey Ham 100g",
        "price": 1.8,
        "unitPrice": "$18.00 / 1KG"
    },
    {
        "category": "meat-seafood-deli",
        "href": "https://www.woolworths.com.au/shop/productdetails/109732/macro-organic-beef-stir-fry",
        "imgName": "109732.jpg",
        "imgSrc": "https://cdn0.woolworths.media/content/wowproductimages/medium/109732.jpg",
        "name": "Macro Organic Beef Stir Fry min. 350g",
        "price": 8.75,
        "unitPrice": "$25.00 / 1KG"
    },
    {
        "category": "meat-seafood-deli",
        "href": "https://www.woolworths.com.au/shop/productdetails/229327/macro-organic-chicken-thigh-fillet",
        "imgName": "229327.jpg",
        "imgSrc": "https://cdn0.woolworths.media/content/wowproductimages/medium/229327.jpg",
        "name": "Macro Organic Chicken Thigh Fillet min. 395g",
        "price": 10.66,
        "unitPrice": "$26.99 / 1KG"
    },
    {
        "category": "meat-seafood-deli",
        "href": "https://www.woolworths.com.au/shop/productdetails/261241/don-kransky-cheese",
        "imgName": "261241.jpg",
        "imgSrc": "https://cdn0.woolworths.media/content/wowproductimages/medium/261241.jpg",
        "name": "Don Kransky Cheese 300g",
        "price": 7.39,
        "unitPrice": "$24.63 / 1KG"
    },
    {
        "category": "meat-seafood-deli",
        "href": "https://www.woolworths.com.au/shop/productdetails/310516/ingham-s-turkey-drumsticks",
        "imgName": "310516.jpg",
        "imgSrc": "https://cdn0.woolworths.media/content/wowproductimages/medium/310516.jpg",
        "name": "Ingham's Turkey Drumsticks  min. 1.3kg",
        "price": 9.1,
        "unitPrice": "$7.00 / 1KG"
    },
    {
        "category": "meat-seafood-deli",
        "href": "https://www.woolworths.com.au/shop/productdetails/328310/huon-tasmanian-smoked-salmon-wood-roasted",
        "imgName": "328310.jpg",
        "imgSrc": "https://cdn0.woolworths.media/content/wowproductimages/medium/328310.jpg",
        "name": "Huon Tasmanian Smoked Salmon Wood Roasted 150g",
        "price": 10,
        "unitPrice": "$66.67 / 1KG"
    },
    {
        "category": "meat-seafood-deli",
        "href": "https://www.woolworths.com.au/shop/productdetails/362469/woolworths-kebabs-chicken-thigh-hoisin",
        "imgName": "362469.jpg",
        "imgSrc": "https://cdn0.woolworths.media/content/wowproductimages/medium/362469.jpg",
        "name": "Woolworths Kebabs Chicken Thigh Hoisin 375g",
        "price": 6.5,
        "unitPrice": "$17.33 / 1KG"
    },
    {
        "category": "meat-seafood-deli",
        "href": "https://www.woolworths.com.au/shop/productdetails/379677/de-costi-seafood-salad",
        "imgName": "379677.jpg",
        "imgSrc": "https://cdn0.woolworths.media/content/wowproductimages/medium/379677.jpg",
        "name": "De Costi Seafood Salad  375g",
        "price": 8,
        "unitPrice": "$21.33 / 1KG"
    },
    {
        "category": "meat-seafood-deli",
        "href": "https://www.woolworths.com.au/shop/productdetails/401370/woolworths-market-value-chicken-rissoles-with-cheese",
        "imgName": "401370.jpg",
        "imgSrc": "https://cdn0.woolworths.media/content/wowproductimages/medium/401370.jpg",
        "name": "Woolworths Market Value Chicken Rissoles With Cheese 500g",
        "price": 5.49,
        "unitPrice": "$10.98 / 1KG"
    },
    {
        "category": "meat-seafood-deli",
        "href": "https://www.woolworths.com.au/shop/productdetails/45959/primo-chorizo",
        "imgName": "045959.jpg",
        "imgSrc": "https://cdn0.woolworths.media/content/wowproductimages/medium/045959.jpg",
        "name": "Primo Chorizo  per kg",
        "price": 23,
        "unitPrice": "$23.00 / 1KG"
    },
    {
        "category": "meat-seafood-deli",
        "href": "https://www.woolworths.com.au/shop/productdetails/523477/beak-sons-the-godfather-pork-beef-sausages",
        "imgName": "523477.jpg",
        "imgSrc": "https://cdn0.woolworths.media/content/wowproductimages/medium/523477.jpg",
        "name": "Beak & Sons The Godfather Pork & Beef Sausages 400g",
        "price": 7.5,
        "unitPrice": "$18.75 / 1KG"
    },
    {
        "category": "meat-seafood-deli",
        "href": "https://www.woolworths.com.au/shop/productdetails/546844/woolworths-creamy-potato-salad",
        "imgName": "546844.jpg",
        "imgSrc": "https://cdn0.woolworths.media/content/wowproductimages/medium/546844.jpg",
        "name": "Woolworths Creamy Potato Salad  250g",
        "price": 3,
        "unitPrice": "$1.20 / 100G"
    },
    {
        "category": "meat-seafood-deli",
        "href": "https://www.woolworths.com.au/shop/productdetails/580986/boneless-lamb-shoulder-rolled",
        "imgName": "580986.jpg",
        "imgSrc": "https://cdn0.woolworths.media/content/wowproductimages/medium/580986.jpg",
        "name": "Boneless Lamb Shoulder Rolled min. 1kg",
        "price": 14,
        "unitPrice": "$14.00 / 1KG"
    },
    {
        "category": "meat-seafood-deli",
        "href": "https://www.woolworths.com.au/shop/productdetails/604801/ingham-s-roast-in-a-bag-lemon-herb",
        "imgName": "604801.jpg",
        "imgSrc": "https://cdn0.woolworths.media/content/wowproductimages/medium/604801.jpg",
        "name": "Ingham's Roast In A Bag Lemon & Herb min. 1.5kg",
        "price": 11.99,
        "unitPrice": "$7.99 / 1KG"
    },
    {
        "category": "meat-seafood-deli",
        "href": "https://www.woolworths.com.au/shop/productdetails/703387/woolworths-beef-soup-bones",
        "imgName": "703387.jpg",
        "imgSrc": "https://cdn0.woolworths.media/content/wowproductimages/medium/703387.jpg",
        "name": "Woolworths Beef Soup Bones  min. 1kg",
        "price": 3.99,
        "unitPrice": "$3.99 / 1KG"
    },
    {
        "category": "meat-seafood-deli",
        "href": "https://www.woolworths.com.au/shop/productdetails/733123/woolworths-simply-bbq-lamb-kebabs-mint-honey-flavour",
        "imgName": "733123.jpg",
        "imgSrc": "https://cdn0.woolworths.media/content/wowproductimages/medium/733123.jpg",
        "name": "Woolworths Simply Bbq Lamb Kebabs Mint & Honey Flavour 450g",
        "price": 7.5,
        "unitPrice": "$16.67 / 1KG"
    },
    {
        "category": "meat-seafood-deli",
        "href": "https://www.woolworths.com.au/shop/productdetails/755470/macro-free-range-chicken-roasting-portions-portugese-style",
        "imgName": "755470.jpg",
        "imgSrc": "https://cdn0.woolworths.media/content/wowproductimages/medium/755470.jpg",
        "name": "Macro Free Range Chicken Roasting Portions Portugese Style min 0.6kg",
        "price": 5.09,
        "unitPrice": "$8.49 / 1KG"
    },
    {
        "category": "meat-seafood-deli",
        "href": "https://www.woolworths.com.au/shop/productdetails/759828/chicken-giblets",
        "imgName": "759828.jpg",
        "imgSrc": "https://cdn0.woolworths.media/content/wowproductimages/medium/759828.jpg",
        "name": "Chicken Giblets  500g",
        "price": 2.5,
        "unitPrice": "$5.00 / 1KG"
    },
    {
        "category": "meat-seafood-deli",
        "href": "https://www.woolworths.com.au/shop/productdetails/759829/chicken-liver",
        "imgName": "759829.jpg",
        "imgSrc": "https://cdn0.woolworths.media/content/wowproductimages/medium/759829.jpg",
        "name": "Chicken Liver  500g",
        "price": 2.5,
        "unitPrice": "$5.00 / 1KG"
    },
    {
        "category": "meat-seafood-deli",
        "href": "https://www.woolworths.com.au/shop/productdetails/777414/woolworths-pork-meat-pie-small",
        "imgName": "777414.jpg",
        "imgSrc": "https://cdn0.woolworths.media/content/wowproductimages/medium/777414.jpg",
        "name": "Woolworths Pork Meat Pie Small 160g",
        "price": 3.98,
        "unitPrice": "$2.49 / 100G"
    },
    {
        "category": "meat-seafood-deli",
        "href": "https://www.woolworths.com.au/shop/productdetails/941609/woolworths-simply-cook-lamb-riblets",
        "imgName": "941609.jpg",
        "imgSrc": "https://cdn0.woolworths.media/content/wowproductimages/medium/941609.jpg",
        "name": "Woolworths Simply Cook Lamb Riblets  min 500g",
        "price": 8.5,
        "unitPrice": "$16.99 / 1KG"
    },
    {
        "category": "meat-seafood-deli",
        "href": "https://www.woolworths.com.au/shop/productdetails/951345/galbani-fresh-mozzarella",
        "imgName": "951345.jpg",
        "imgSrc": "https://cdn0.woolworths.media/content/wowproductimages/medium/951345.jpg",
        "name": "Galbani Fresh Mozzarella  120g",
        "price": 3.99,
        "unitPrice": "$33.25 / 1KG"
    },
    {
        "category": "meat-seafood-deli",
        "href": "https://www.woolworths.com.au/shop/productdetails/96057/woolworths-fresh-pacific-oysters-pacific",
        "imgName": "096057.jpg",
        "imgSrc": "https://cdn0.woolworths.media/content/wowproductimages/medium/096057.jpg",
        "name": "Woolworths Fresh Pacific Oysters Pacific 1 dozen",
        "price": 19,
        "unitPrice": "$1.58 / 1EA"
    },
    {
        "category": "meat-seafood-deli",
        "href": "https://www.woolworths.com.au/shop/productdetails/34321/western-australian-rock-lobster-cooked-frozen-small",
        "imgName": "034321.jpg",
        "imgSrc": "https://cdn0.woolworths.media/content/wowproductimages/medium/034321.jpg",
        "name": "Western Australian Rock Lobster Cooked Frozen Small each",
        "price": 36,
        "unitPrice": "$36.00 / 1EA"
    },
    {
        "category": "meat-seafood-deli",
        "href": "https://www.woolworths.com.au/shop/productdetails/41491/holland-house-rollmops-marinated",
        "imgName": "041491.jpg",
        "imgSrc": "https://cdn0.woolworths.media/content/wowproductimages/medium/041491.jpg",
        "name": "Holland House Rollmops Marinated 500g",
        "price": 5.99,
        "unitPrice": "$11.98 / 1KG"
    },
    {
        "category": "meat-seafood-deli",
        "href": "https://www.woolworths.com.au/shop/productdetails/117132/k-roo-kangaroo-steak-marinated",
        "imgName": "117132.jpg",
        "imgSrc": "https://cdn0.woolworths.media/content/wowproductimages/medium/117132.jpg",
        "name": "K Roo Kangaroo Steak Marinated min. 450g",
        "price": 8.35,
        "unitPrice": "$18.55 / 1KG"
    },
    {
        "category": "meat-seafood-deli",
        "href": "https://www.woolworths.com.au/shop/productdetails/132996/k-roo-kangaroo-steak",
        "imgName": "132996.jpg",
        "imgSrc": "https://cdn0.woolworths.media/content/wowproductimages/medium/132996.jpg",
        "name": "K Roo Kangaroo Steak min. 500g",
        "price": 9.28,
        "unitPrice": "$18.55 / 1KG"
    },
    {
        "category": "meat-seafood-deli",
        "href": "https://www.woolworths.com.au/shop/productdetails/130482/thawed-squid-tubes-tubes",
        "imgName": "130482.jpg",
        "imgSrc": "https://cdn0.woolworths.media/content/wowproductimages/medium/130482.jpg",
        "name": "Thawed Squid Tubes Tubes per kg",
        "price": 17,
        "unitPrice": "$17.00 / 1KG"
    },
    {
        "category": "meat-seafood-deli",
        "href": "https://www.woolworths.com.au/shop/productdetails/148292/k-roo-kangaroo-mince",
        "imgName": "148292.jpg",
        "imgSrc": "https://cdn0.woolworths.media/content/wowproductimages/medium/148292.jpg",
        "name": "K Roo Kangaroo Mince 1kg",
        "price": 9.99,
        "unitPrice": "$9.99 / 1KG"
    },
    {
        "category": "meat-seafood-deli",
        "href": "https://www.woolworths.com.au/shop/productdetails/164178/holland-house-caviar-black",
        "imgName": "164178.jpg",
        "imgSrc": "https://cdn0.woolworths.media/content/wowproductimages/medium/164178.jpg",
        "name": "Holland House Caviar Black 50g",
        "price": 5.65,
        "unitPrice": "$113.00 / 1KG"
    },
    {
        "category": "meat-seafood-deli",
        "href": "https://www.woolworths.com.au/shop/productdetails/250708/primo-bacon-pieces-twin-pack",
        "imgName": "250708.jpg",
        "imgSrc": "https://cdn0.woolworths.media/content/wowproductimages/medium/250708.jpg",
        "name": "Primo Bacon Pieces Twin Pack 300g",
        "price": 4.5,
        "unitPrice": "$15.00 / 1KG"
    },
    {
        "category": "meat-seafood-deli",
        "href": "https://www.woolworths.com.au/shop/productdetails/209535/msa-australian-beef-roast-bolar-blade",
        "imgName": "209535.jpg",
        "imgSrc": "https://cdn0.woolworths.media/content/wowproductimages/medium/209535.jpg",
        "name": "Msa Australian Beef Roast Bolar Blade min. 1.1kg",
        "price": 17.59,
        "unitPrice": "$15.99 / 1KG"
    },
    {
        "category": "meat-seafood-deli",
        "href": "https://www.woolworths.com.au/shop/productdetails/229320/macro-organic-whole-chicken",
        "imgName": "229320.jpg",
        "imgSrc": "https://cdn0.woolworths.media/content/wowproductimages/medium/229320.jpg",
        "name": "Macro Organic Whole Chicken min. 1.2kg",
        "price": 14.28,
        "unitPrice": "$11.90 / 1KG"
    },
    {
        "category": "meat-seafood-deli",
        "href": "https://www.woolworths.com.au/shop/productdetails/316396/woolworths-homestyle-beef-burger",
        "imgName": "316396.jpg",
        "imgSrc": "https://cdn0.woolworths.media/content/wowproductimages/medium/316396.jpg",
        "name": "Woolworths Homestyle Beef Burger 500g 4pk",
        "price": 6.5,
        "unitPrice": "$13.00 / 1KG"
    },
    {
        "category": "meat-seafood-deli",
        "href": "https://www.woolworths.com.au/shop/productdetails/261470/msa-australian-beef-roast-standing-rib",
        "imgName": "261470.jpg",
        "imgSrc": "https://cdn0.woolworths.media/content/wowproductimages/medium/261470.jpg",
        "name": "Msa Australian Beef Roast Standing Rib min. 1.2kg",
        "price": 29.99,
        "unitPrice": "$24.99 / 1KG"
    },
    {
        "category": "meat-seafood-deli",
        "href": "https://www.woolworths.com.au/shop/productdetails/375691/mamma-lucia-mini-bocconcini",
        "imgName": "375691.jpg",
        "imgSrc": "https://cdn0.woolworths.media/content/wowproductimages/medium/375691.jpg",
        "name": "Mamma Lucia Mini Bocconcini 180g",
        "price": 5.5,
        "unitPrice": "$30.56 / 1KG"
    },
    {
        "category": "meat-seafood-deli",
        "href": "https://www.woolworths.com.au/shop/productdetails/456357/woolworths-sweet-baby-peppers-stuffed-with-cream-cheese",
        "imgName": "456357.jpg",
        "imgSrc": "https://cdn0.woolworths.media/content/wowproductimages/medium/456357.jpg",
        "name": "Woolworths Sweet Baby Peppers Stuffed With Cream Cheese per kg",
        "price": 39.98,
        "unitPrice": "$39.98 / 1KG"
    },
    {
        "category": "meat-seafood-deli",
        "href": "https://www.woolworths.com.au/shop/productdetails/366112/gotzinger-bratwurst-german",
        "imgName": "366112.jpg",
        "imgSrc": "https://cdn0.woolworths.media/content/wowproductimages/medium/366112.jpg",
        "name": "Gotzinger Bratwurst German 400g",
        "price": 7.98,
        "unitPrice": "$19.95 / 1KG"
    },
    {
        "category": "meat-seafood-deli",
        "href": "https://www.woolworths.com.au/shop/productdetails/434117/d-orsogna-100-natural-ham-double-smoked",
        "imgName": "434117.jpg",
        "imgSrc": "https://cdn0.woolworths.media/content/wowproductimages/medium/434117.jpg",
        "name": "D'orsogna 100% Natural Ham Double Smoked 200g",
        "price": 6,
        "unitPrice": "$30.00 / 1KG"
    },
    {
        "category": "meat-seafood-deli",
        "href": "https://www.woolworths.com.au/shop/productdetails/346571/just-caught-whiting-fillets-skin-on",
        "imgName": "346571.jpg",
        "imgSrc": "https://cdn0.woolworths.media/content/wowproductimages/medium/346571.jpg",
        "name": "Just Caught Whiting Fillets Skin On 1kg",
        "price": 10,
        "unitPrice": "$10.00 / 1KG"
    },
    {
        "category": "meat-seafood-deli",
        "href": "https://www.woolworths.com.au/shop/productdetails/445352/woolworths-frozen-basa-fillets",
        "imgName": "445352.jpg",
        "imgSrc": "https://cdn0.woolworths.media/content/wowproductimages/medium/445352.jpg",
        "name": "Woolworths Frozen Basa Fillets 1kg",
        "price": 6.5,
        "unitPrice": "$6.50 / 1KG"
    },
    {
        "category": "meat-seafood-deli",
        "href": "https://www.woolworths.com.au/shop/productdetails/447586/ocean-chef-whole-clams",
        "imgName": "447586.jpg",
        "imgSrc": "https://cdn0.woolworths.media/content/wowproductimages/medium/447586.jpg",
        "name": "Ocean Chef Whole Clams  500g",
        "price": 10,
        "unitPrice": "$20.00 / 1KG"
    },
    {
        "category": "meat-seafood-deli",
        "href": "https://www.woolworths.com.au/shop/productdetails/586818/peppercorn-butchers-bbq-beef-pack",
        "imgName": "586818.jpg",
        "imgSrc": "https://cdn0.woolworths.media/content/wowproductimages/medium/586818.jpg",
        "name": "Peppercorn Butchers Bbq Beef Pack  700g",
        "price": 9.5,
        "unitPrice": "$13.57 / 1KG"
    },
    {
        "category": "meat-seafood-deli",
        "href": "https://www.woolworths.com.au/shop/productdetails/493825/woolworths-simply-cook-chicken-breast-with-lemon-thyme-garlic",
        "imgName": "493825.jpg",
        "imgSrc": "https://cdn0.woolworths.media/content/wowproductimages/medium/493825.jpg",
        "name": "Woolworths Simply Cook Chicken Breast With Lemon Thyme & Garlic min. 380g",
        "price": 6.46,
        "unitPrice": "$16.99 / 1KG"
    },
    {
        "category": "meat-seafood-deli",
        "href": "https://www.woolworths.com.au/shop/productdetails/573503/woolworths-simply-roast-pork-scotch-with-chinese-5-spice",
        "imgName": "573503.jpg",
        "imgSrc": "https://cdn0.woolworths.media/content/wowproductimages/medium/573503.jpg",
        "name": "Woolworths Simply Roast Pork Scotch With Chinese 5 Spice min 450g",
        "price": 7.65,
        "unitPrice": "$16.99 / 1KG"
    },
    {
        "category": "meat-seafood-deli",
        "href": "https://www.woolworths.com.au/shop/productdetails/621285/steggles-chicken-breast-schnitzel-parmigana",
        "imgName": "621285.jpg",
        "imgSrc": "https://cdn0.woolworths.media/content/wowproductimages/medium/621285.jpg",
        "name": "Steggles Chicken Breast Schnitzel Parmigana 600g",
        "price": 9,
        "unitPrice": "$15.00 / 1KG"
    },
    {
        "category": "meat-seafood-deli",
        "href": "https://www.woolworths.com.au/shop/productdetails/723025/rspca-approved-chicken-mignon",
        "imgName": "723025.jpg",
        "imgSrc": "https://cdn0.woolworths.media/content/wowproductimages/medium/723025.jpg",
        "name": "Rspca Approved Chicken Mignon  each",
        "price": 2.8,
        "unitPrice": "$2.80 / 1EA"
    },
    {
        "category": "meat-seafood-deli",
        "href": "https://www.woolworths.com.au/shop/productdetails/551188/primo-champagne-ham-sliced",
        "imgName": "551188.jpg",
        "imgSrc": "https://cdn0.woolworths.media/content/wowproductimages/medium/551188.jpg",
        "name": "Primo Champagne Ham Sliced per kg",
        "price": 22,
        "unitPrice": "$22.00 / 1KG"
    },
    {
        "category": "meat-seafood-deli",
        "href": "https://www.woolworths.com.au/shop/productdetails/642961/woolworths-simply-heat-smoked-beef-ribs",
        "imgName": "642961.jpg",
        "imgSrc": "https://cdn0.woolworths.media/content/wowproductimages/medium/642961.jpg",
        "name": "Woolworths Simply Heat Smoked Beef Ribs min. 750g",
        "price": 15,
        "unitPrice": "$20.00 / 1KG"
    },
    {
        "category": "meat-seafood-deli",
        "href": "https://www.woolworths.com.au/shop/productdetails/663563/grasslands-premium-beef-mince",
        "imgName": "663563.jpg",
        "imgSrc": "https://cdn0.woolworths.media/content/wowproductimages/medium/663563.jpg",
        "name": "Grasslands Premium Beef Mince 500g",
        "price": 7.5,
        "unitPrice": "$15.00 / 1KG"
    },
    {
        "category": "meat-seafood-deli",
        "href": "https://www.woolworths.com.au/shop/productdetails/629431/alphenaer-goats-cheese-camembert",
        "imgName": "629431.jpg",
        "imgSrc": "https://cdn0.woolworths.media/content/wowproductimages/medium/629431.jpg",
        "name": "Alphenaer Goats Cheese Camembert 150g",
        "price": 12,
        "unitPrice": "$80.00 / 1KG"
    },
    {
        "category": "meat-seafood-deli",
        "href": "https://www.woolworths.com.au/shop/productdetails/756107/woolworths-select-corned-beef-silverside-portion",
        "imgName": "756107.jpg",
        "imgSrc": "https://cdn0.woolworths.media/content/wowproductimages/medium/756107.jpg",
        "name": "Woolworths Select Corned Beef Silverside Portion min. 500g",
        "price": 8.5,
        "unitPrice": "$16.99 / 1KG"
    },
    {
        "category": "meat-seafood-deli",
        "href": "https://www.woolworths.com.au/shop/productdetails/758107/d-orsogna-deli-fresh-ham-old-english-leg",
        "imgName": "758107.jpg",
        "imgSrc": "https://cdn0.woolworths.media/content/wowproductimages/medium/758107.jpg",
        "name": "D'orsogna Deli Fresh Ham Old English Leg 100g",
        "price": 3.5,
        "unitPrice": "$35.00 / 1KG"
    },
    {
        "category": "meat-seafood-deli",
        "href": "https://www.woolworths.com.au/shop/productdetails/700257/macro-chicken-lovely-legs-free-range",
        "imgName": "700257.jpg",
        "imgSrc": "https://cdn0.woolworths.media/content/wowproductimages/medium/700257.jpg",
        "name": "Macro Chicken Lovely Legs Free Range min. 550g",
        "price": 4.94,
        "unitPrice": "$8.99 / 1KG"
    },
    {
        "category": "meat-seafood-deli",
        "href": "https://www.woolworths.com.au/shop/productdetails/721694/woolworths-simply-roast-honey-soy-chicken-wing-nibbles",
        "imgName": "721694.jpg",
        "imgSrc": "https://cdn0.woolworths.media/content/wowproductimages/medium/721694.jpg",
        "name": "Woolworths Simply Roast Honey Soy Chicken Wing Nibbles 1kg",
        "price": 8,
        "unitPrice": "$8.00 / 1KG"
    },
    {
        "category": "meat-seafood-deli",
        "href": "https://www.woolworths.com.au/shop/productdetails/799575/k-roo-kangaroo-diced",
        "imgName": "799575.jpg",
        "imgSrc": "https://cdn0.woolworths.media/content/wowproductimages/medium/799575.jpg",
        "name": "K Roo Kangaroo Diced 500g",
        "price": 7.99,
        "unitPrice": "$15.98 / 1KG"
    },
    {
        "category": "meat-seafood-deli",
        "href": "https://www.woolworths.com.au/shop/productdetails/784913/sunpork-ribs-slow-cooked-bbq",
        "imgName": "784913.jpg",
        "imgSrc": "https://cdn0.woolworths.media/content/wowproductimages/medium/784913.jpg",
        "name": "Sunpork Ribs Slow Cooked Bbq min. 700g",
        "price": 13.3
    },
    {
        "category": "meat-seafood-deli",
        "href": "https://www.woolworths.com.au/shop/productdetails/758131/d-orsogna-deli-fresh-ham-honey",
        "imgName": "758131.jpg",
        "imgSrc": "https://cdn0.woolworths.media/content/wowproductimages/medium/758131.jpg",
        "name": "D'orsogna Deli Fresh Ham Honey 100g",
        "price": 3.5,
        "unitPrice": "$35.00 / 1KG"
    },
    {
        "category": "meat-seafood-deli",
        "href": "https://www.woolworths.com.au/shop/productdetails/797291/don-diced-bacon",
        "imgName": "797291.jpg",
        "imgSrc": "https://cdn0.woolworths.media/content/wowproductimages/medium/797291.jpg",
        "name": "Don Diced Bacon  250g",
        "price": 4,
        "unitPrice": "$16.00 / 1KG"
    },
    {
        "category": "meat-seafood-deli",
        "href": "https://www.woolworths.com.au/shop/productdetails/967114/peppercorn-butcher-jumbo-beef-burgers",
        "imgName": "967114.jpg",
        "imgSrc": "https://cdn0.woolworths.media/content/wowproductimages/medium/967114.jpg",
        "name": "Peppercorn Butcher Jumbo Beef Burgers  600g",
        "price": 9.5,
        "unitPrice": "$15.83 / 1KG"
    },
    {
        "category": "meat-seafood-deli",
        "href": "https://www.woolworths.com.au/shop/productdetails/785674/steggles-wings-buffalo",
        "imgName": "785674.jpg",
        "imgSrc": "https://cdn0.woolworths.media/content/wowproductimages/medium/785674.jpg",
        "name": "Steggles Wings Buffalo 600g",
        "price": 7,
        "unitPrice": "$11.67 / 1KG"
    },
    {
        "category": "meat-seafood-deli",
        "href": "https://www.woolworths.com.au/shop/productdetails/770815/woolworths-simply-heat-boneless-beef-rib-fingers",
        "imgName": "770815.jpg",
        "imgSrc": "https://cdn0.woolworths.media/content/wowproductimages/medium/770815.jpg",
        "name": "Woolworths Simply Heat Boneless Beef Rib Fingers min. 850g",
        "price": 15.29,
        "unitPrice": "$17.99 / 1KG"
    },
    {
        "category": "meat-seafood-deli",
        "href": "https://www.woolworths.com.au/shop/productdetails/880478/tuckers-fruit-paste-quince",
        "imgName": "880478.jpg",
        "imgSrc": "https://cdn0.woolworths.media/content/wowproductimages/medium/880478.jpg",
        "name": "Tuckers Fruit Paste Quince 100g",
        "price": 4.99,
        "unitPrice": "$49.90 / 1KG"
    },
    {
        "category": "meat-seafood-deli",
        "href": "https://www.woolworths.com.au/shop/productdetails/90000564/lactose-gluten-free-creamy-ravioli-carbonara-bundle",
        "imgName": "90000564.jpg",
        "imgSrc": "https://cdn0.woolworths.media/content/wowproductimages/medium/90000564.jpg",
        "name": "Lactose & Gluten Free Creamy Ravioli Carbonara Bundle",
        "price": 22
    },
    {
        "category": "meat-seafood-deli",
        "href": "https://www.woolworths.com.au/shop/productdetails/524715/woolworths-semi-dried-tomatoes-97-fat-free",
        "imgName": "524715.jpg",
        "imgSrc": "https://cdn0.woolworths.media/content/wowproductimages/medium/524715.jpg",
        "name": "Woolworths Semi Dried Tomatoes 97% Fat Free 4kg",
        "price": 25,
        "unitPrice": "$25.00 / 1KG"
    },
    {
        "category": "meat-seafood-deli",
        "href": "https://www.woolworths.com.au/shop/productdetails/662908/woolworths-ancient-grain-salad",
        "imgName": "662908.jpg",
        "imgSrc": "https://cdn0.woolworths.media/content/wowproductimages/medium/662908.jpg",
        "name": "Woolworths Ancient Grain Salad per kg",
        "price": 11,
        "unitPrice": "$11.00 / 1KG"
    },
    {
        "category": "meat-seafood-deli",
        "href": "https://www.woolworths.com.au/shop/productdetails/659993/primo-premium-selections-garlic-wine-paprika-salami",
        "imgName": "659993.jpg",
        "imgSrc": "https://cdn0.woolworths.media/content/wowproductimages/medium/659993.jpg",
        "name": "Primo Premium Selections Garlic Wine & Paprika Salami 80g",
        "price": 4,
        "unitPrice": "$50.00 / 1KG"
    },
    {
        "category": "meat-seafood-deli",
        "href": "https://www.woolworths.com.au/shop/productdetails/660079/primo-premium-selections-pepper-crusted-roast-beef",
        "imgName": "660079.jpg",
        "imgSrc": "https://cdn0.woolworths.media/content/wowproductimages/medium/660079.jpg",
        "name": "Primo Premium Selections Pepper Crusted Roast Beef 80g",
        "price": 4,
        "unitPrice": "$50.00 / 1KG"
    },
    {
        "category": "meat-seafood-deli",
        "href": "https://www.woolworths.com.au/shop/productdetails/638698/king-island-discovery-ash-blue-cheese",
        "imgName": "638698.jpg",
        "imgSrc": "https://cdn0.woolworths.media/content/wowproductimages/medium/638698.jpg",
        "name": "King Island Discovery Ash Blue Cheese 175g",
        "price": 12,
        "unitPrice": "$68.57 / 1KG"
    },
    {
        "category": "meat-seafood-deli",
        "href": "https://www.woolworths.com.au/shop/productdetails/827213/woolworths-tuna-mayonnaise-corn",
        "imgName": "827213.jpg",
        "imgSrc": "https://cdn0.woolworths.media/content/wowproductimages/medium/827213.jpg",
        "name": "Woolworths Tuna Mayonnaise & Corn 95g",
        "price": 0.9,
        "unitPrice": "$9.47 / 1KG"
    },
    {
        "category": "meat-seafood-deli",
        "href": "https://www.woolworths.com.au/shop/productdetails/85924/jarlsberg-shaved-cheese",
        "imgName": "085924.jpg",
        "imgSrc": "https://cdn0.woolworths.media/content/wowproductimages/medium/085924.jpg",
        "name": "Jarlsberg Shaved Cheese per kg",
        "price": 22,
        "unitPrice": "$22.00 / 1KG"
    },
    {
        "category": "meat-seafood-deli",
        "href": "https://www.woolworths.com.au/shop/productdetails/544739/primo-pulled-chicken",
        "imgName": "544739.jpg",
        "imgSrc": "https://cdn0.woolworths.media/content/wowproductimages/medium/544739.jpg",
        "name": "Primo Pulled Chicken  150g",
        "price": 5,
        "unitPrice": "$33.33 / 1KG"
    },
    {
        "category": "meat-seafood-deli",
        "href": "https://www.woolworths.com.au/shop/productdetails/652089/peppercorn-butcher-s-classic-extra-lean-chicken-chipolatas",
        "imgName": "652089.jpg",
        "imgSrc": "https://cdn0.woolworths.media/content/wowproductimages/medium/652089.jpg",
        "name": "Peppercorn Butcher's Classic Extra Lean Chicken Chipolatas 16pk 450g",
        "price": 8.5,
        "unitPrice": "$18.89 / 1KG"
    },
    {
        "category": "meat-seafood-deli",
        "href": "https://www.woolworths.com.au/shop/productdetails/476702/woolworths-tuna-chilli",
        "imgName": "476702.jpg",
        "imgSrc": "https://cdn0.woolworths.media/content/wowproductimages/medium/476702.jpg",
        "name": "Woolworths Tuna Chilli 95g",
        "price": 0.9,
        "unitPrice": "$9.47 / 1KG"
    },
    {
        "category": "meat-seafood-deli",
        "href": "https://www.woolworths.com.au/shop/productdetails/827211/woolworths-select-lemon-pepper-tuna",
        "imgName": "827211.jpg",
        "imgSrc": "https://cdn0.woolworths.media/content/wowproductimages/medium/827211.jpg",
        "name": "Woolworths Select Lemon & Pepper Tuna 95g",
        "price": 0.9,
        "unitPrice": "$9.47 / 1KG"
    },
    {
        "category": "meat-seafood-deli",
        "href": "https://www.woolworths.com.au/shop/productdetails/662921/woolworths-tomato-chicken-pasta-salad",
        "imgName": "662921.jpg",
        "imgSrc": "https://cdn0.woolworths.media/content/wowproductimages/medium/662921.jpg",
        "name": "Woolworths Tomato Chicken Pasta Salad per kg",
        "price": 11,
        "unitPrice": "$11.00 / 1KG"
    },
    {
        "category": "meat-seafood-deli",
        "href": "https://www.woolworths.com.au/shop/productdetails/827214/woolworths-select-seeded-mustard-tuna",
        "imgName": "827214.jpg",
        "imgSrc": "https://cdn0.woolworths.media/content/wowproductimages/medium/827214.jpg",
        "name": "Woolworths Select Seeded Mustard Tuna 95g",
        "price": 0.9,
        "unitPrice": "$9.47 / 1KG"
    },
    {
        "category": "meat-seafood-deli",
        "href": "https://www.woolworths.com.au/shop/productdetails/627367/dodoni-cypriot-halloumi",
        "imgName": "627367.jpg",
        "imgSrc": "https://cdn0.woolworths.media/content/wowproductimages/medium/627367.jpg",
        "name": "Dodoni Cypriot Halloumi  225g",
        "price": 7,
        "unitPrice": "$31.11 / 1KG"
    },
    {
        "category": "meat-seafood-deli",
        "href": "https://www.woolworths.com.au/shop/productdetails/661304/de-costi-cooked-australian-mussels",
        "imgName": "661304.jpg",
        "imgSrc": "https://cdn0.woolworths.media/content/wowproductimages/medium/661304.jpg",
        "name": "De Costi Cooked Australian Mussels 650g",
        "price": 8.5,
        "unitPrice": "$13.08 / 1KG"
    },
    {
        "category": "meat-seafood-deli",
        "href": "https://www.woolworths.com.au/shop/productdetails/827216/woolworths-tuna-thai-red-curry",
        "imgName": "827216.jpg",
        "imgSrc": "https://cdn0.woolworths.media/content/wowproductimages/medium/827216.jpg",
        "name": "Woolworths Tuna Thai Red Curry 95g",
        "price": 0.9,
        "unitPrice": "$9.47 / 1KG"
    },
    {
        "category": "meat-seafood-deli",
        "href": "https://www.woolworths.com.au/shop/productdetails/658479/don-premium-butcher-s-style-rindless-bacon",
        "imgName": "658479.jpg",
        "imgSrc": "https://cdn0.woolworths.media/content/wowproductimages/medium/658479.jpg",
        "name": "Don Premium Butcher's Style Rindless Bacon 200g",
        "price": 5,
        "unitPrice": "$25.00 / 1KG"
    },
    {
        "category": "meat-seafood-deli",
        "href": "https://www.woolworths.com.au/shop/productdetails/627364/tomato-and-capsicum-bruschetta",
        "imgName": "627364.jpg",
        "imgSrc": "https://cdn0.woolworths.media/content/wowproductimages/medium/627364.jpg",
        "name": "Tomato And Capsicum Bruschetta  180g",
        "price": 4,
        "unitPrice": "$22.22 / 1KG"
    },
    {
        "category": "meat-seafood-deli",
        "href": "https://www.woolworths.com.au/shop/productdetails/221562/south-cape-crumbled-fetta",
        "imgName": "221562.jpg",
        "imgSrc": "https://cdn0.woolworths.media/content/wowproductimages/medium/221562.jpg",
        "name": "South Cape Crumbled Fetta  200g",
        "price": 8,
        "unitPrice": "$40.00 / 1KG"
    },
    {
        "category": "meat-seafood-deli",
        "href": "https://www.woolworths.com.au/shop/productdetails/482858/adelaide-hills-camembert",
        "imgName": "482858.jpg",
        "imgSrc": "https://cdn0.woolworths.media/content/wowproductimages/medium/482858.jpg",
        "name": "Adelaide Hills Camembert  125g",
        "price": 7,
        "unitPrice": "$56.00 / 1KG"
    },
    {
        "category": "meat-seafood-deli",
        "href": "https://www.woolworths.com.au/shop/productdetails/827217/woolworths-select-tuna-in-tomato-sauce",
        "imgName": "827217.jpg",
        "imgSrc": "https://cdn0.woolworths.media/content/wowproductimages/medium/827217.jpg",
        "name": "Woolworths Select Tuna In Tomato Sauce 95g",
        "price": 0.9,
        "unitPrice": "$9.47 / 1KG"
    },
    {
        "category": "meat-seafood-deli",
        "href": "https://www.woolworths.com.au/shop/productdetails/585090/fromager-d-affinois-excellence-mild-creamy",
        "imgName": "585090.jpg",
        "imgSrc": "https://cdn0.woolworths.media/content/wowproductimages/medium/585090.jpg",
        "name": "Fromager D'affinois Excellence Mild & Creamy 1kg",
        "price": 80,
        "unitPrice": "$80.00 / 1KG"
    },
    {
        "category": "meat-seafood-deli",
        "href": "https://www.woolworths.com.au/shop/productdetails/508207/paesonella-full-cream-ricotta-tub",
        "imgName": "default.png",
        "imgSrc": "https://cdn0.woolworths.media/content/wowproductimages/large/default.png",
        "name": "Paesonella Full Cream Ricotta Tub 500g",
        "price": 9,
        "unitPrice": "$18.00 / 1KG"
    },
    {
        "category": "meat-seafood-deli",
        "href": "https://www.woolworths.com.au/shop/productdetails/640377/dodoni-low-fat-cypriot-halloumi",
        "imgName": "640377.jpg",
        "imgSrc": "https://cdn0.woolworths.media/content/wowproductimages/medium/640377.jpg",
        "name": "Dodoni Low Fat Cypriot Halloumi 225g",
        "price": 7,
        "unitPrice": "$31.11 / 1KG"
    },
    {
        "category": "meat-seafood-deli",
        "href": "https://www.woolworths.com.au/shop/productdetails/655416/ob-finest-specialty-bites-date-hazelnut-lemon",
        "imgName": "655416.jpg",
        "imgSrc": "https://cdn0.woolworths.media/content/wowproductimages/medium/655416.jpg",
        "name": "Ob Finest Specialty Bites Date Hazelnut & Lemon 100g",
        "price": 5,
        "unitPrice": "$5.00 / 100G"
    },
    {
        "category": "meat-seafood-deli",
        "href": "https://www.woolworths.com.au/shop/productdetails/547001/d-orsogna-100-natural-bacon",
        "imgName": "547001.jpg",
        "imgSrc": "https://cdn0.woolworths.media/content/wowproductimages/medium/547001.jpg",
        "name": "D'orsogna 100% Natural Bacon  300g",
        "price": 7,
        "unitPrice": "$23.33 / 1KG"
    },
    {
        "category": "meat-seafood-deli",
        "href": "https://www.woolworths.com.au/shop/productdetails/636763/d-orsogna-gourmet-cheddar-chipotle-hot-dogs",
        "imgName": "636763.jpg",
        "imgSrc": "https://cdn0.woolworths.media/content/wowproductimages/medium/636763.jpg",
        "name": "D'orsogna Gourmet Cheddar & Chipotle Hot Dogs per kg",
        "price": 12,
        "unitPrice": "$12.00 / 1KG"
    },
    {
        "category": "meat-seafood-deli",
        "href": "https://www.woolworths.com.au/shop/productdetails/800863/barbers-1833-vintage-cheddar",
        "imgName": "800863.jpg",
        "imgSrc": "https://cdn0.woolworths.media/content/wowproductimages/medium/800863.jpg",
        "name": "Barbers 1833 Vintage Cheddar 190g",
        "price": 9,
        "unitPrice": "$47.37 / 1KG"
    },
    {
        "category": "meat-seafood-deli",
        "href": "https://www.woolworths.com.au/shop/productdetails/482848/adelaide-hills-double-cream-brie",
        "imgName": "482848.jpg",
        "imgSrc": "https://cdn0.woolworths.media/content/wowproductimages/medium/482848.jpg",
        "name": "Adelaide Hills Double Cream Brie  125g",
        "price": 7,
        "unitPrice": "$56.00 / 1KG"
    },
    {
        "category": "meat-seafood-deli",
        "href": "https://www.woolworths.com.au/shop/productdetails/885466/created-with-jamie-rspca-approved-asian-style-chicken-meatballs",
        "imgName": "885466.jpg",
        "imgSrc": "https://cdn0.woolworths.media/content/wowproductimages/medium/885466.jpg",
        "name": "Created With Jamie Rspca Approved Asian Style Chicken Meatballs 400g",
        "price": 6,
        "unitPrice": "$15.00 / 1KG"
    },
    {
        "category": "meat-seafood-deli",
        "href": "https://www.woolworths.com.au/shop/productdetails/484504/hb-cheddar-cranberry-pistachio",
        "imgName": "484504.jpg",
        "imgSrc": "https://cdn0.woolworths.media/content/wowproductimages/medium/484504.jpg",
        "name": "Hb Cheddar Cranberry & Pistachio  140g",
        "price": 7,
        "unitPrice": "$50.00 / 1KG"
    },
    {
        "category": "meat-seafood-deli",
        "href": "https://www.woolworths.com.au/shop/productdetails/370000/king-island-camembert-cheese",
        "imgName": "370000.jpg",
        "imgSrc": "https://cdn0.woolworths.media/content/wowproductimages/medium/370000.jpg",
        "name": "King Island Camembert Cheese per kg",
        "price": 50,
        "unitPrice": "$50.00 / 1KG"
    },
    {
        "category": "meat-seafood-deli",
        "href": "https://www.woolworths.com.au/shop/productdetails/346797/pantalica-reduced-fat-bacio-cheese",
        "imgName": "346797.jpg",
        "imgSrc": "https://cdn0.woolworths.media/content/wowproductimages/medium/346797.jpg",
        "name": "Pantalica Reduced Fat Bacio Cheese 500g",
        "price": 11.99,
        "unitPrice": "$23.98 / 1KG"
    },
    {
        "category": "meat-seafood-deli",
        "href": "https://www.woolworths.com.au/shop/productdetails/98431/ingham-s-chicken-shaved-breast-supreme-97-ff",
        "imgName": "098431.jpg",
        "imgSrc": "https://cdn0.woolworths.media/content/wowproductimages/medium/098431.jpg",
        "name": "Ingham's Chicken Shaved Breast Supreme 97% Ff per kg",
        "price": 20,
        "unitPrice": "$20.00 / 1KG"
    },
    {
        "category": "meat-seafood-deli",
        "href": "https://www.woolworths.com.au/shop/productdetails/764928/msa-beef-chuck-steak-slow-cook",
        "imgName": "764928.jpg",
        "imgSrc": "https://cdn0.woolworths.media/content/wowproductimages/medium/764928.jpg",
        "name": "Msa Beef Chuck Steak Slow Cook min. 350g",
        "price": 5.25,
        "unitPrice": "$14.99 / 1KG"
    },
    {
        "category": "meat-seafood-deli",
        "href": "https://www.woolworths.com.au/shop/productdetails/507912/woolworths-shortcut-bacon-hickory-smoked",
        "imgName": "507912.jpg",
        "imgSrc": "https://cdn0.woolworths.media/content/wowproductimages/medium/507912.jpg",
        "name": "Woolworths Shortcut Bacon Hickory Smoked 175g",
        "price": 4.5,
        "special": 3.5,
        "unitPrice": "$20.00 / 1KG"
    },
    {
        "category": "meat-seafood-deli",
        "href": "https://www.woolworths.com.au/shop/productdetails/626892/bertocchi-gold-thick-cut-bacon",
        "imgName": "626892.jpg",
        "imgSrc": "https://cdn0.woolworths.media/content/wowproductimages/medium/626892.jpg",
        "name": "Bertocchi Gold Thick Cut Bacon 500g",
        "price": 7.7,
        "special": 6,
        "unitPrice": "$12.00 / 1KG"
    },
    {
        "category": "meat-seafood-deli",
        "href": "https://www.woolworths.com.au/shop/productdetails/782001/ocean-chef-tuna-yellowfin-tuna-steaks",
        "imgName": "782001.jpg",
        "imgSrc": "https://cdn0.woolworths.media/content/wowproductimages/medium/782001.jpg",
        "name": "Ocean Chef Tuna Yellowfin Tuna Steaks 1kg",
        "price": 25,
        "unitPrice": "$25.00 / 1KG"
    },
    {
        "category": "meat-seafood-deli",
        "href": "https://www.woolworths.com.au/shop/productdetails/921178/just-caught-flaming-prawns",
        "imgName": "921178.jpg",
        "imgSrc": "https://cdn0.woolworths.media/content/wowproductimages/medium/921178.jpg",
        "name": "Just Caught Flaming Prawns  400g",
        "price": 8,
        "unitPrice": "$20.00 / 1KG"
    },
    {
        "category": "meat-seafood-deli",
        "href": "https://www.woolworths.com.au/shop/productdetails/544760/primo-ham-double-smoked",
        "imgName": "544760.jpg",
        "imgSrc": "https://cdn0.woolworths.media/content/wowproductimages/medium/544760.jpg",
        "name": "Primo Ham Double Smoked 100g",
        "price": 3,
        "unitPrice": "$30.00 / 1KG"
    },
    {
        "category": "meat-seafood-deli",
        "href": "https://www.woolworths.com.au/shop/productdetails/554517/hans-csabai-salami",
        "imgName": "554517.jpg",
        "imgSrc": "https://cdn0.woolworths.media/content/wowproductimages/medium/554517.jpg",
        "name": "Hans Csabai Salami  200g",
        "price": 6.99,
        "unitPrice": "$34.95 / 1KG"
    },
    {
        "category": "meat-seafood-deli",
        "href": "https://www.woolworths.com.au/shop/productdetails/517495/ocean-chef-barramundi-fish-cakes",
        "imgName": "517495.jpg",
        "imgSrc": "https://cdn0.woolworths.media/content/wowproductimages/medium/517495.jpg",
        "name": "Ocean Chef Barramundi Fish Cakes  450g",
        "price": 12,
        "unitPrice": "$26.67 / 1KG"
    },
    {
        "category": "meat-seafood-deli",
        "href": "https://www.woolworths.com.au/shop/productdetails/727050/ocean-chef-usa-sea-scallops",
        "imgName": "727050.jpg",
        "imgSrc": "https://cdn0.woolworths.media/content/wowproductimages/medium/727050.jpg",
        "name": "Ocean Chef Usa Sea Scallops  425g",
        "price": 25,
        "unitPrice": "$58.82 / 1KG"
    },
    {
        "category": "meat-seafood-deli",
        "href": "https://www.woolworths.com.au/shop/productdetails/312457/castello-white-cheese-wedges",
        "imgName": "312457.jpg",
        "imgSrc": "https://cdn0.woolworths.media/content/wowproductimages/medium/312457.jpg",
        "name": "Castello White Cheese Wedges 200g",
        "price": 9.69,
        "unitPrice": "$48.45 / 1KG"
    },
    {
        "category": "meat-seafood-deli",
        "href": "https://www.woolworths.com.au/shop/productdetails/970161/miguel-maestre-semi-cured-cheese",
        "imgName": "970161.jpg",
        "imgSrc": "https://cdn0.woolworths.media/content/wowproductimages/medium/970161.jpg",
        "name": "Miguel Maestre Semi Cured Cheese  150g",
        "price": 6,
        "unitPrice": "$40.00 / 1KG"
    },
    {
        "category": "meat-seafood-deli",
        "href": "https://www.woolworths.com.au/shop/productdetails/369841/guilloteau-fromage-de-affinois-brie",
        "imgName": "369841.jpg",
        "imgSrc": "https://cdn0.woolworths.media/content/wowproductimages/medium/369841.jpg",
        "name": "Guilloteau Fromage De Affinois Brie per kg",
        "price": 69,
        "unitPrice": "$69.00 / 1KG"
    },
    {
        "category": "meat-seafood-deli",
        "href": "https://www.woolworths.com.au/shop/productdetails/98070/philadelphia-cream-cheese-light",
        "imgName": "098070.jpg",
        "imgSrc": "https://cdn0.woolworths.media/content/wowproductimages/medium/098070.jpg",
        "name": "Philadelphia Cream Cheese Light 250g",
        "price": 4,
        "unitPrice": "$16.00 / 1KG"
    },
    {
        "category": "meat-seafood-deli",
        "href": "https://www.woolworths.com.au/shop/productdetails/964767/castello-white-cheese-with-truffle",
        "imgName": "964767.jpg",
        "imgSrc": "https://cdn0.woolworths.media/content/wowproductimages/medium/964767.jpg",
        "name": "Castello White Cheese With Truffle 150g",
        "price": 7.5,
        "unitPrice": "$50.00 / 1KG"
    },
    {
        "category": "meat-seafood-deli",
        "href": "https://www.woolworths.com.au/shop/productdetails/28251/pittas-firm-halloumi-cheese",
        "imgName": "028251.jpg",
        "imgSrc": "https://cdn0.woolworths.media/content/wowproductimages/medium/028251.jpg",
        "name": "Pittas Firm Halloumi Cheese 250g",
        "price": 7.09,
        "unitPrice": "$28.36 / 1KG"
    },
    {
        "category": "meat-seafood-deli",
        "href": "https://www.woolworths.com.au/shop/productdetails/119370/chicken-thigh-skinless-cutlets-bone-in",
        "imgName": "119370.jpg",
        "imgSrc": "https://cdn0.woolworths.media/content/wowproductimages/medium/119370.jpg",
        "name": "Chicken Thigh Skinless Cutlets Bone-in min. 500g",
        "price": 4.25,
        "unitPrice": "$8.50 / 1KG"
    },
    {
        "category": "meat-seafood-deli",
        "href": "https://www.woolworths.com.au/shop/productdetails/168855/paris-creek-organic-swiss-style-quark",
        "imgName": "168855.jpg",
        "imgSrc": "https://cdn0.woolworths.media/content/wowproductimages/medium/168855.jpg",
        "name": "Paris Creek Organic Swiss Style Quark 450g",
        "price": 7.39,
        "unitPrice": "$16.42 / 1KG"
    },
    {
        "category": "meat-seafood-deli",
        "href": "https://www.woolworths.com.au/shop/productdetails/243250/wattle-valley-creme-fraiche",
        "imgName": "243250.jpg",
        "imgSrc": "https://cdn0.woolworths.media/content/wowproductimages/medium/243250.jpg",
        "name": "Wattle Valley Creme Fraiche  250g",
        "price": 5.98,
        "unitPrice": "$23.92 / 1KG"
    },
    {
        "category": "meat-seafood-deli",
        "href": "https://www.woolworths.com.au/shop/productdetails/545716/miguel-maestre-free-range-chorizo",
        "imgName": "545716.jpg",
        "imgSrc": "https://cdn0.woolworths.media/content/wowproductimages/medium/545716.jpg",
        "name": "Miguel Maestre Free Range Chorizo  200g",
        "price": 6.49,
        "unitPrice": "$32.45 / 1KG"
    },
    {
        "category": "meat-seafood-deli",
        "href": "https://www.woolworths.com.au/shop/productdetails/638779/yarra-valley-lemon-herb-cheese",
        "imgName": "638779.jpg",
        "imgSrc": "https://cdn0.woolworths.media/content/wowproductimages/medium/638779.jpg",
        "name": "Yarra Valley Lemon&herb Cheese 350g",
        "price": 10,
        "unitPrice": "$28.57 / 1KG"
    },
    {
        "category": "meat-seafood-deli",
        "href": "https://www.woolworths.com.au/shop/productdetails/782817/created-with-jamie-soup-smoked-potato-chorizo",
        "imgName": "782817.jpg",
        "imgSrc": "https://cdn0.woolworths.media/content/wowproductimages/medium/782817.jpg",
        "name": "Created With Jamie Soup Smoked Potato & Chorizo 300g",
        "price": 4,
        "unitPrice": "$1.33 / 100G"
    },
    {
        "category": "meat-seafood-deli",
        "href": "https://www.woolworths.com.au/shop/productdetails/970118/miguel-maestre-manchego-cheese-aged-6-months",
        "imgName": "970118.jpg",
        "imgSrc": "https://cdn0.woolworths.media/content/wowproductimages/medium/970118.jpg",
        "name": "Miguel Maestre Manchego Cheese Aged 6 Months 150g",
        "price": 7,
        "unitPrice": "$46.67 / 1KG"
    },
    {
        "category": "meat-seafood-deli",
        "href": "https://www.woolworths.com.au/shop/productdetails/708251/geoff-jansz-marinated-buffalo-mozzarella-cheese",
        "imgName": "708251.jpg",
        "imgSrc": "https://cdn0.woolworths.media/content/wowproductimages/medium/708251.jpg",
        "name": "Geoff Jansz Marinated Buffalo Mozzarella Cheese 250g",
        "price": 7.99,
        "unitPrice": "$31.96 / 1KG"
    },
    {
        "category": "meat-seafood-deli",
        "href": "https://www.woolworths.com.au/shop/productdetails/452512/half-shell-scallop",
        "imgName": "452512.jpg",
        "imgSrc": "https://cdn0.woolworths.media/content/wowproductimages/medium/452512.jpg",
        "name": "Half Shell Scallop  each",
        "price": 1.25,
        "unitPrice": "$1.25 / 1EA"
    },
    {
        "category": "meat-seafood-deli",
        "href": "https://www.woolworths.com.au/shop/productdetails/702566/alambra-cypriot-halloumi",
        "imgName": "702566.jpg",
        "imgSrc": "https://cdn0.woolworths.media/content/wowproductimages/medium/702566.jpg",
        "name": "Alambra Cypriot Halloumi 225g",
        "price": 6.49,
        "unitPrice": "$28.84 / 1KG"
    },
    {
        "category": "meat-seafood-deli",
        "href": "https://www.woolworths.com.au/shop/productdetails/48527/hans-devon-sliced",
        "imgName": "048527.jpg",
        "imgSrc": "https://cdn0.woolworths.media/content/wowproductimages/medium/048527.jpg",
        "name": "Hans Devon Sliced per kg",
        "price": 7.3,
        "unitPrice": "$7.30 / 1KG"
    },
    {
        "category": "meat-seafood-deli",
        "href": "https://www.woolworths.com.au/shop/productdetails/345352/ocean-blue-smoked-ocean-trout-sliced",
        "imgName": "345352.jpg",
        "imgSrc": "https://cdn0.woolworths.media/content/wowproductimages/medium/345352.jpg",
        "name": "Ocean Blue Smoked Ocean Trout Sliced 50g",
        "price": 4.5,
        "unitPrice": "$90.00 / 1KG"
    },
    {
        "category": "meat-seafood-deli",
        "href": "https://www.woolworths.com.au/shop/productdetails/796333/macro-free-range-pork-steak-scotch-fillet",
        "imgName": "796333.jpg",
        "imgSrc": "https://cdn0.woolworths.media/content/wowproductimages/medium/796333.jpg",
        "name": "Macro Free Range Pork Steak Scotch Fillet min. 280g",
        "price": 6.16,
        "unitPrice": "$22.00 / 1KG"
    },
    {
        "category": "meat-seafood-deli",
        "href": "https://www.woolworths.com.au/shop/productdetails/19080/danish-fetta-cheese",
        "imgName": "019080.jpg",
        "imgSrc": "https://cdn0.woolworths.media/content/wowproductimages/medium/019080.jpg",
        "name": "Danish Fetta Cheese per kg",
        "price": 14.99,
        "unitPrice": "$14.99 / 1KG"
    },
    {
        "category": "meat-seafood-deli",
        "href": "https://www.woolworths.com.au/shop/productdetails/91380/woolworths-fresh-extra-tasty-cheese-selection",
        "imgName": "091380.jpg",
        "imgSrc": "https://cdn0.woolworths.media/content/wowproductimages/medium/091380.jpg",
        "name": "Woolworths Fresh Extra Tasty Cheese Selection min. 400g",
        "price": 5.2,
        "unitPrice": "$12.99 / 1KG"
    },
    {
        "category": "meat-seafood-deli",
        "href": "https://www.woolworths.com.au/shop/productdetails/48452/homebrand-roll-ham-chicken",
        "imgName": "048452.jpg",
        "imgSrc": "https://cdn0.woolworths.media/content/wowproductimages/medium/048452.jpg",
        "name": "Homebrand Roll Ham & Chicken 1kg",
        "price": 3,
        "unitPrice": "$3.00 / 1KG"
    },
    {
        "category": "meat-seafood-deli",
        "href": "https://www.woolworths.com.au/shop/productdetails/123150/fresh-otto-wurth-frank-german-style",
        "imgName": "123150.jpg",
        "imgSrc": "https://cdn0.woolworths.media/content/wowproductimages/medium/123150.jpg",
        "name": "Fresh Otto Wurth Frank German Style per kg",
        "price": 14.6,
        "unitPrice": "$14.60 / 1KG"
    },
    {
        "category": "meat-seafood-deli",
        "href": "https://www.woolworths.com.au/shop/productdetails/288991/just-caught-seafood-salad-mix",
        "imgName": "288991.jpg",
        "imgSrc": "https://cdn0.woolworths.media/content/wowproductimages/medium/288991.jpg",
        "name": "Just Caught Seafood Salad Mix 1kg",
        "price": 6,
        "unitPrice": "$6.00 / 1KG"
    },
    {
        "category": "meat-seafood-deli",
        "href": "https://www.woolworths.com.au/shop/productdetails/477040/woolworths-semi-dried-tomatoes-mediterranean-herbs",
        "imgName": "477040.jpg",
        "imgSrc": "https://cdn0.woolworths.media/content/wowproductimages/medium/477040.jpg",
        "name": "Woolworths Semi Dried Tomatoes Mediterranean Herbs per kg",
        "price": 26,
        "unitPrice": "$26.00 / 1KG"
    },
    {
        "category": "meat-seafood-deli",
        "href": "https://www.woolworths.com.au/shop/productdetails/708198/geoff-jansz-australian-marinated-fetta-cheese",
        "imgName": "708198.jpg",
        "imgSrc": "https://cdn0.woolworths.media/content/wowproductimages/medium/708198.jpg",
        "name": "Geoff Jansz Australian Marinated Fetta Cheese 320g",
        "price": 7.5,
        "unitPrice": "$23.44 / 1KG"
    },
    {
        "category": "meat-seafood-deli",
        "href": "https://www.woolworths.com.au/shop/productdetails/788482/moira-macs-chicken-breast-fillets",
        "imgName": "788482.jpg",
        "imgSrc": "https://cdn0.woolworths.media/content/wowproductimages/medium/788482.jpg",
        "name": "Moira Macs Chicken Breast Fillets per kg",
        "price": 23,
        "unitPrice": "$23.00 / 1KG"
    },
    {
        "category": "meat-seafood-deli",
        "href": "https://www.woolworths.com.au/shop/productdetails/795918/d-orsogna-ham-leg-shaved",
        "imgName": "795918.jpg",
        "imgSrc": "https://cdn0.woolworths.media/content/wowproductimages/medium/795918.jpg",
        "name": "D'orsogna Ham Leg Shaved 400g",
        "price": 5,
        "unitPrice": "$12.50 / 1KG"
    },
    {
        "category": "meat-seafood-deli",
        "href": "https://www.woolworths.com.au/shop/productdetails/580709/huon-wood-roast-thai-lemgrass-salmon",
        "imgName": "580709.jpg",
        "imgSrc": "https://cdn0.woolworths.media/content/wowproductimages/medium/580709.jpg",
        "name": "Huon Wood Roast Thai Lemgrass Salmon 100g",
        "price": 9,
        "special": 8,
        "unitPrice": "$80.00 / 1KG"
    },
    {
        "category": "meat-seafood-deli",
        "href": "https://www.woolworths.com.au/shop/productdetails/109735/macro-organic-beef-mince-premium",
        "imgName": "109735.jpg",
        "imgSrc": "https://cdn0.woolworths.media/content/wowproductimages/medium/109735.jpg",
        "name": "Macro Organic Beef Mince Premium min. 500g",
        "price": 11,
        "unitPrice": "$22.00 / 1KG"
    },
    {
        "category": "meat-seafood-deli",
        "href": "https://www.woolworths.com.au/shop/productdetails/263379/beef-brisket-bones",
        "imgName": "263379.jpg",
        "imgSrc": "https://cdn0.woolworths.media/content/wowproductimages/medium/263379.jpg",
        "name": "Beef Brisket Bones  1kg",
        "price": 3.99,
        "unitPrice": "$3.99 / 1KG"
    },
    {
        "category": "meat-seafood-deli",
        "href": "https://www.woolworths.com.au/shop/productdetails/298563/woolworths-simply-cook-pork-mince-san-choy-bau",
        "imgName": "298563.jpg",
        "imgSrc": "https://cdn0.woolworths.media/content/wowproductimages/medium/298563.jpg",
        "name": "Woolworths Simply Cook Pork Mince San Choy Bau 540g",
        "price": 7,
        "unitPrice": "$14.00 / 1KG"
    },
    {
        "category": "meat-seafood-deli",
        "href": "https://www.woolworths.com.au/shop/productdetails/507910/essentials-cooking-bacon",
        "imgName": "507910.jpg",
        "imgSrc": "https://cdn0.woolworths.media/content/wowproductimages/medium/507910.jpg",
        "name": "Essentials Cooking Bacon  1kg",
        "price": 7.5,
        "unitPrice": "$7.50 / 1KG"
    },
    {
        "category": "meat-seafood-deli",
        "href": "https://www.woolworths.com.au/shop/productdetails/520729/thin-beef-sizzle-steak",
        "imgName": "520729.jpg",
        "imgSrc": "https://cdn0.woolworths.media/content/wowproductimages/medium/520729.jpg",
        "name": "Thin Beef Sizzle Steak  min. 300g",
        "price": 7.5,
        "unitPrice": "$24.99 / 1KG"
    },
    {
        "category": "meat-seafood-deli",
        "href": "https://www.woolworths.com.au/shop/productdetails/525296/bruemar-vietnamese-style-pork-belly-pieces",
        "imgName": "525296.jpg",
        "imgSrc": "https://cdn0.woolworths.media/content/wowproductimages/medium/525296.jpg",
        "name": "Bruemar Vietnamese Style Pork Belly Pieces 500g",
        "price": 12,
        "unitPrice": "$24.00 / 1KG"
    },
    {
        "category": "meat-seafood-deli",
        "href": "https://www.woolworths.com.au/shop/productdetails/629442/woolworths-simply-cook-chicken-kebab-sweet-smoky-bbq",
        "imgName": "629442.jpg",
        "imgSrc": "https://cdn0.woolworths.media/content/wowproductimages/medium/629442.jpg",
        "name": "Woolworths Simply Cook Chicken Kebab Sweet Smoky Bbq 375g",
        "price": 6.5,
        "unitPrice": "$17.33 / 1KG"
    },
    {
        "category": "meat-seafood-deli",
        "href": "https://www.woolworths.com.au/shop/productdetails/630331/tassal-atlantic-salmon-skin-off",
        "imgName": "630331.jpg",
        "imgSrc": "https://cdn0.woolworths.media/content/wowproductimages/medium/630331.jpg",
        "name": "Tassal Atlantic Salmon Skin Off 300g",
        "price": 12,
        "unitPrice": "$40.00 / 1KG"
    },
    {
        "category": "meat-seafood-deli",
        "href": "https://www.woolworths.com.au/shop/productdetails/630332/tassal-atlantic-salmon-skin-on",
        "imgName": "630332.jpg",
        "imgSrc": "https://cdn0.woolworths.media/content/wowproductimages/medium/630332.jpg",
        "name": "Tassal Atlantic Salmon Skin On 300g",
        "price": 11,
        "unitPrice": "$36.67 / 1KG"
    },
    {
        "category": "meat-seafood-deli",
        "href": "https://www.woolworths.com.au/shop/productdetails/638244/woolworths-southern-style-slaw",
        "imgName": "638244.jpg",
        "imgSrc": "https://cdn0.woolworths.media/content/wowproductimages/medium/638244.jpg",
        "name": "Woolworths Southern Style Slaw 250g",
        "price": 3.8,
        "unitPrice": "$1.52 / 100G"
    },
    {
        "category": "meat-seafood-deli",
        "href": "https://www.woolworths.com.au/shop/productdetails/666554/macro-free-range-australian-pork-mince",
        "imgName": "666554.jpg",
        "imgSrc": "https://cdn0.woolworths.media/content/wowproductimages/medium/666554.jpg",
        "name": "Macro Free Range Australian Pork Mince 500g",
        "price": 7,
        "unitPrice": "$14.00 / 1KG"
    },
    {
        "category": "meat-seafood-deli",
        "href": "https://www.woolworths.com.au/shop/productdetails/730125/woolworths-simply-stir-fry-bulgogi-beef",
        "imgName": "730125.jpg",
        "imgSrc": "https://cdn0.woolworths.media/content/wowproductimages/medium/730125.jpg",
        "name": "Woolworths Simply Stir-fry Bulgogi Beef 500g",
        "price": 10,
        "unitPrice": "$18.69 / 1KG"
    },
    {
        "category": "meat-seafood-deli",
        "href": "https://www.woolworths.com.au/shop/productdetails/764955/beef-heart-smart-diced",
        "imgName": "764955.jpg",
        "imgSrc": "https://cdn0.woolworths.media/content/wowproductimages/medium/764955.jpg",
        "name": "Beef Heart Smart Diced  min. 500g",
        "price": 10,
        "unitPrice": "$20.00 / 1KG"
    },
    {
        "category": "meat-seafood-deli",
        "href": "https://www.woolworths.com.au/shop/productdetails/782288/woolworths-veal-mince",
        "imgName": "782288.jpg",
        "imgSrc": "https://cdn0.woolworths.media/content/wowproductimages/medium/782288.jpg",
        "name": "Woolworths Veal Mince  400g",
        "price": 5.5,
        "unitPrice": "$13.75 / 1KG"
    },
    {
        "category": "meat-seafood-deli",
        "href": "https://www.woolworths.com.au/shop/productdetails/891961/just-caught-atlantic-salmon-skinless",
        "imgName": "891961.jpg",
        "imgSrc": "https://cdn0.woolworths.media/content/wowproductimages/medium/891961.jpg",
        "name": "Just Caught Atlantic Salmon Skinless 1kg",
        "price": 25,
        "unitPrice": "$25.00 / 1KG"
    },
    {
        "category": "meat-seafood-deli",
        "href": "https://www.woolworths.com.au/shop/productdetails/924189/grasslands-beef-burgers",
        "imgName": "924189.jpg",
        "imgSrc": "https://cdn0.woolworths.media/content/wowproductimages/medium/924189.jpg",
        "name": "Grasslands Beef Burgers 500g",
        "price": 7.5,
        "unitPrice": "$15.00 / 1KG"
    },
    {
        "category": "meat-seafood-deli",
        "href": "https://www.woolworths.com.au/shop/productdetails/946942/cleavers-organic-paleo-honey-beef-chipolatas",
        "imgName": "946942.jpg",
        "imgSrc": "https://cdn0.woolworths.media/content/wowproductimages/medium/946942.jpg",
        "name": "Cleavers Organic Paleo Honey Beef Chipolatas 440g",
        "price": 8.5,
        "unitPrice": "$19.32 / 1KG"
    },
    {
        "category": "meat-seafood-deli",
        "href": "https://www.woolworths.com.au/shop/productdetails/17679/edgell-hash-brown",
        "imgName": "017679.jpg",
        "imgSrc": "https://cdn0.woolworths.media/content/wowproductimages/medium/017679.jpg",
        "name": "Edgell Hash Brown  each",
        "price": 0.5,
        "unitPrice": "$0.50 / 1EA"
    },
    {
        "category": "meat-seafood-deli",
        "href": "https://www.woolworths.com.au/shop/productdetails/25734/rspca-approved-chicken-breast-fillet-skinless",
        "imgName": "025734.jpg",
        "imgSrc": "https://cdn0.woolworths.media/content/wowproductimages/medium/025734.jpg",
        "name": "Rspca Approved Chicken Breast Fillet Skinless per kg",
        "price": 9,
        "unitPrice": "$9.00 / 1KG"
    },
    {
        "category": "meat-seafood-deli",
        "href": "https://www.woolworths.com.au/shop/productdetails/31015/woolworths-australian-tiger-prawns-jumbo-cooked-frozen",
        "imgName": "031015.jpg",
        "imgSrc": "https://cdn0.woolworths.media/content/wowproductimages/medium/031015.jpg",
        "name": "Woolworths Australian Tiger Prawns Jumbo Cooked Frozen per kg",
        "price": 37,
        "unitPrice": "$37.00 / 1KG"
    },
    {
        "category": "meat-seafood-deli",
        "href": "https://www.woolworths.com.au/shop/productdetails/40556/primo-kransky-double-smoked",
        "imgName": "040556.jpg",
        "imgSrc": "https://cdn0.woolworths.media/content/wowproductimages/medium/040556.jpg",
        "name": "Primo Kransky Double Smoked per kg",
        "price": 16,
        "unitPrice": "$16.00 / 1KG"
    },
    {
        "category": "meat-seafood-deli",
        "href": "https://www.woolworths.com.au/shop/productdetails/40555/primo-pepperoni-sausage",
        "imgName": "040555.jpg",
        "imgSrc": "https://cdn0.woolworths.media/content/wowproductimages/medium/040555.jpg",
        "name": "Primo Pepperoni Sausage per kg",
        "price": 21.99,
        "unitPrice": "$21.99 / 1KG"
    },
    {
        "category": "meat-seafood-deli",
        "href": "https://www.woolworths.com.au/shop/productdetails/93998/australian-fresh-crab-cooked-blue-swimmer",
        "imgName": "093998.jpg",
        "imgSrc": "https://cdn0.woolworths.media/content/wowproductimages/medium/093998.jpg",
        "name": "Australian Fresh Crab Cooked Blue Swimmer 1kg",
        "price": 25,
        "unitPrice": "$25.00 / 1KG"
    },
    {
        "category": "meat-seafood-deli",
        "href": "https://www.woolworths.com.au/shop/productdetails/146694/macro-organic-lamb-mince",
        "imgName": "146694.jpg",
        "imgSrc": "https://cdn0.woolworths.media/content/wowproductimages/medium/146694.jpg",
        "name": "Macro Organic Lamb Mince min. 450g",
        "price": 7.2,
        "unitPrice": "$15.99 / 1KG"
    },
    {
        "category": "meat-seafood-deli",
        "href": "https://www.woolworths.com.au/shop/productdetails/88485/australian-fresh-whiting-school-fillets",
        "imgName": "088485.jpg",
        "imgSrc": "https://cdn0.woolworths.media/content/wowproductimages/medium/088485.jpg",
        "name": "Australian Fresh Whiting School Fillets 1kg",
        "price": 35,
        "unitPrice": "$35.00 / 1KG"
    },
    {
        "category": "meat-seafood-deli",
        "href": "https://www.woolworths.com.au/shop/productdetails/200392/ingham-quick-cook-crumbed-chicken-cheese-schnitzel",
        "imgName": "200392.jpg",
        "imgSrc": "https://cdn0.woolworths.media/content/wowproductimages/medium/200392.jpg",
        "name": "Ingham Quick Cook Crumbed Chicken & Cheese Schnitzel 1.5kg",
        "price": 14.5,
        "unitPrice": "$9.67 / 1KG"
    },
    {
        "category": "meat-seafood-deli",
        "href": "https://www.woolworths.com.au/shop/productdetails/209515/virginian-silverside-roast-beef",
        "imgName": "209515.jpg",
        "imgSrc": "https://cdn0.woolworths.media/content/wowproductimages/medium/209515.jpg",
        "name": "Virginian Silverside Roast Beef min. 1kg",
        "price": 14.99,
        "unitPrice": "$14.99 / 1KG"
    },
    {
        "category": "meat-seafood-deli",
        "href": "https://www.woolworths.com.au/shop/productdetails/324316/primo-ham-shredded-twin-pack",
        "imgName": "324316.jpg",
        "imgSrc": "https://cdn0.woolworths.media/content/wowproductimages/medium/324316.jpg",
        "name": "Primo Ham Shredded Twin Pack 300g",
        "price": 4.1,
        "unitPrice": "$13.67 / 1KG"
    },
    {
        "category": "meat-seafood-deli",
        "href": "https://www.woolworths.com.au/shop/productdetails/254425/le-superbe-gruyere-cheese",
        "imgName": "254425.jpg",
        "imgSrc": "https://cdn0.woolworths.media/content/wowproductimages/medium/254425.jpg",
        "name": "Le Superbe Gruyere Cheese 195g",
        "price": 9.99,
        "unitPrice": "$51.23 / 1KG"
    },
    {
        "category": "meat-seafood-deli",
        "href": "https://www.woolworths.com.au/shop/productdetails/384286/mission-wraps-wholegrain",
        "imgName": "384286.jpg",
        "imgSrc": "https://cdn0.woolworths.media/content/wowproductimages/medium/384286.jpg",
        "name": "Mission Wraps Wholegrain 8pk 567g",
        "price": 4.99,
        "unitPrice": "$0.88 / 100G"
    },
    {
        "category": "meat-seafood-deli",
        "href": "https://www.woolworths.com.au/shop/productdetails/380648/bruemar-pork-loin-steak-with-garlic-chives",
        "imgName": "380648.jpg",
        "imgSrc": "https://cdn0.woolworths.media/content/wowproductimages/medium/380648.jpg",
        "name": "Bruemar Pork Loin Steak With Garlic & Chives min. 400g",
        "price": 9.2,
        "unitPrice": "$22.99 / 1KG"
    },
    {
        "category": "meat-seafood-deli",
        "href": "https://www.woolworths.com.au/shop/productdetails/466178/woolworths-greek-mix",
        "imgName": "466178.jpg",
        "imgSrc": "https://cdn0.woolworths.media/content/wowproductimages/medium/466178.jpg",
        "name": "Woolworths Greek Mix  per kg",
        "price": 19.95,
        "unitPrice": "$19.95 / 1KG"
    },
    {
        "category": "meat-seafood-deli",
        "href": "https://www.woolworths.com.au/shop/productdetails/577092/macro-free-range-pork-belly-roast-with-salt-pepper",
        "imgName": "577092.jpg",
        "imgSrc": "https://cdn0.woolworths.media/content/wowproductimages/medium/577092.jpg",
        "name": "Macro Free Range Pork Belly Roast With Salt & Pepper min. 500g",
        "price": 10,
        "unitPrice": "$20.00 / 1KG"
    },
    {
        "category": "meat-seafood-deli",
        "href": "https://www.woolworths.com.au/shop/productdetails/634884/sunpork-american-bbq-pork-roast-memphis-style",
        "imgName": "634884.jpg",
        "imgSrc": "https://cdn0.woolworths.media/content/wowproductimages/medium/634884.jpg",
        "name": "Sunpork American Bbq Pork Roast Memphis Style min 1kg",
        "price": 18,
        "unitPrice": "$18.00 / 1KG"
    },
    {
        "category": "meat-seafood-deli",
        "href": "https://www.woolworths.com.au/shop/productdetails/635760/galbani-fresh-mozzarella-slices",
        "imgName": "635760.jpg",
        "imgSrc": "https://cdn0.woolworths.media/content/wowproductimages/medium/635760.jpg",
        "name": "Galbani Fresh Mozzarella Slices 180g",
        "price": 5,
        "unitPrice": "$27.78 / 1KG"
    },
    {
        "category": "meat-seafood-deli",
        "href": "https://www.woolworths.com.au/shop/productdetails/629455/woolworths-simply-roast-chicken-wings-sweet-chilli-lime",
        "imgName": "629455.jpg",
        "imgSrc": "https://cdn0.woolworths.media/content/wowproductimages/medium/629455.jpg",
        "name": "Woolworths Simply Roast Chicken Wings Sweet Chilli & Lime min. 1.3kg",
        "price": 9.1,
        "unitPrice": "$7.00 / 1KG"
    },
    {
        "category": "meat-seafood-deli",
        "href": "https://www.woolworths.com.au/shop/productdetails/630333/tassal-salmon-with-japanese-bbq-sauce",
        "imgName": "630333.jpg",
        "imgSrc": "https://cdn0.woolworths.media/content/wowproductimages/medium/630333.jpg",
        "name": "Tassal Salmon With Japanese Bbq Sauce 300g",
        "price": 12,
        "unitPrice": "$40.00 / 1KG"
    },
    {
        "category": "meat-seafood-deli",
        "href": "https://www.woolworths.com.au/shop/productdetails/624299/woolworths-australian-premium-roast-beef-sliced",
        "imgName": "624299.jpg",
        "imgSrc": "https://cdn0.woolworths.media/content/wowproductimages/medium/624299.jpg",
        "name": "Woolworths Australian Premium Roast Beef Sliced per kg",
        "price": 24,
        "unitPrice": "$24.00 / 1KG"
    },
    {
        "category": "meat-seafood-deli",
        "href": "https://www.woolworths.com.au/shop/productdetails/649105/d-orsogna-shaved-chicken",
        "imgName": "649105.jpg",
        "imgSrc": "https://cdn0.woolworths.media/content/wowproductimages/medium/649105.jpg",
        "name": "D'orsogna Shaved Chicken  80g",
        "price": 1.8,
        "unitPrice": "$22.50 / 1KG"
    },
    {
        "category": "meat-seafood-deli",
        "href": "https://www.woolworths.com.au/shop/productdetails/742403/huon-tasmanian-smoked-salmon-deli-bites-natural",
        "imgName": "742403.jpg",
        "imgSrc": "https://cdn0.woolworths.media/content/wowproductimages/medium/742403.jpg",
        "name": "Huon Tasmanian Smoked Salmon Deli Bites Natural",
        "price": 6,
        "unitPrice": "$24.00 / 1KG"
    },
    {
        "category": "meat-seafood-deli",
        "href": "https://www.woolworths.com.au/shop/productdetails/823116/sunpork-fresh-foods-pork-schnitzels-lightly-seasoned",
        "imgName": "823116.jpg",
        "imgSrc": "https://cdn0.woolworths.media/content/wowproductimages/medium/823116.jpg",
        "name": "Sunpork Fresh Foods Pork Schnitzels Lightly Seasoned 500g",
        "price": 10,
        "unitPrice": "$19.99 / 1KG"
    },
    {
        "category": "meat-seafood-deli",
        "href": "https://www.woolworths.com.au/shop/productdetails/772941/cleavers-minty-lamb-chipolatas-organic",
        "imgName": "772941.jpg",
        "imgSrc": "https://cdn0.woolworths.media/content/wowproductimages/medium/772941.jpg",
        "name": "Cleavers Minty Lamb Chipolatas Organic 480g",
        "price": 8.5,
        "unitPrice": "$17.71 / 1KG"
    },
    {
        "category": "meat-seafood-deli",
        "href": "https://www.woolworths.com.au/shop/productdetails/783727/sunpork-shredded-slow-cooked-bbq-pork",
        "imgName": "783727.jpg",
        "imgSrc": "https://cdn0.woolworths.media/content/wowproductimages/medium/783727.jpg",
        "name": "Sunpork Shredded Slow Cooked Bbq Pork 250g",
        "price": 7.5,
        "unitPrice": "$3.00 / 100G"
    },
    {
        "category": "meat-seafood-deli",
        "href": "https://www.woolworths.com.au/shop/productdetails/873838/home-style-chicken-burgers",
        "imgName": "873838.jpg",
        "imgSrc": "https://cdn0.woolworths.media/content/wowproductimages/medium/873838.jpg",
        "name": "Home Style Chicken Burgers  500g",
        "price": 5,
        "unitPrice": "$10.00 / 1KG"
    },
    {
        "category": "meat-seafood-deli",
        "href": "https://www.woolworths.com.au/shop/productdetails/563937/macro-free-range-chicken-stir-fry",
        "imgName": "563937.jpg",
        "imgSrc": "https://cdn0.woolworths.media/content/wowproductimages/medium/563937.jpg",
        "name": "Macro Free Range Chicken Stir Fry 500g",
        "price": 9,
        "unitPrice": "$18.00 / 1KG"
    },
    {
        "category": "meat-seafood-deli",
        "href": "https://www.woolworths.com.au/shop/productdetails/589727/de-costi-prawns-lemon-garlic-butter",
        "imgName": "589727.jpg",
        "imgSrc": "https://cdn0.woolworths.media/content/wowproductimages/medium/589727.jpg",
        "name": "De Costi Prawns Lemon & Garlic Butter 280g",
        "price": 13,
        "unitPrice": "$46.43 / 1KG"
    },
    {
        "category": "meat-seafood-deli",
        "href": "https://www.woolworths.com.au/shop/productdetails/662905/woolworths-bombay-potato-salad",
        "imgName": "662905.jpg",
        "imgSrc": "https://cdn0.woolworths.media/content/wowproductimages/medium/662905.jpg",
        "name": "Woolworths Bombay Potato Salad per kg",
        "price": 11,
        "unitPrice": "$11.00 / 1KG"
    },
    {
        "category": "meat-seafood-deli",
        "href": "https://www.woolworths.com.au/shop/productdetails/548229/moira-macs-sliced-chicken-breast-tandoori",
        "imgName": "548229.jpg",
        "imgSrc": "https://cdn0.woolworths.media/content/wowproductimages/medium/548229.jpg",
        "name": "Moira Macs Sliced Chicken Breast Tandoori 150g",
        "price": 5,
        "unitPrice": "$33.33 / 1KG"
    },
    {
        "category": "meat-seafood-deli",
        "href": "https://www.woolworths.com.au/shop/productdetails/858645/moira-macs-shredded-chicken",
        "imgName": "858645.jpg",
        "imgSrc": "https://cdn0.woolworths.media/content/wowproductimages/medium/858645.jpg",
        "name": "Moira Macs Shredded Chicken 300g",
        "price": 6,
        "unitPrice": "$20.00 / 1KG"
    },
    {
        "category": "meat-seafood-deli",
        "href": "https://www.woolworths.com.au/shop/productdetails/482020/kick-ass-vintage-cheddar",
        "imgName": "482020.jpg",
        "imgSrc": "https://cdn0.woolworths.media/content/wowproductimages/medium/482020.jpg",
        "name": "Kick Ass Vintage Cheddar  150g",
        "price": 8,
        "unitPrice": "$53.33 / 1KG"
    },
    {
        "category": "meat-seafood-deli",
        "href": "https://www.woolworths.com.au/shop/productdetails/544704/mayfair-hungarian-salami-mild",
        "imgName": "544704.jpg",
        "imgSrc": "https://cdn0.woolworths.media/content/wowproductimages/medium/544704.jpg",
        "name": "Mayfair Hungarian Salami Mild 100g",
        "price": 2,
        "unitPrice": "$20.00 / 1KG"
    },
    {
        "category": "meat-seafood-deli",
        "href": "https://www.woolworths.com.au/shop/productdetails/403114/ile-de-france-petit-brie",
        "imgName": "403114.jpg",
        "imgSrc": "https://cdn0.woolworths.media/content/wowproductimages/medium/403114.jpg",
        "name": "Ile De France Petit Brie  125g",
        "price": 7,
        "unitPrice": "$56.00 / 1KG"
    },
    {
        "category": "meat-seafood-deli",
        "href": "https://www.woolworths.com.au/shop/productdetails/476700/woolworths-tuna-in-springwater",
        "imgName": "476700.jpg",
        "imgSrc": "https://cdn0.woolworths.media/content/wowproductimages/medium/476700.jpg",
        "name": "Woolworths Tuna In Springwater 95g",
        "price": 0.9,
        "unitPrice": "$9.47 / 1KG"
    },
    {
        "category": "meat-seafood-deli",
        "href": "https://www.woolworths.com.au/shop/productdetails/827215/woolworths-tuna-smoked",
        "imgName": "827215.jpg",
        "imgSrc": "https://cdn0.woolworths.media/content/wowproductimages/medium/827215.jpg",
        "name": "Woolworths Tuna Smoked 95g",
        "price": 0.9,
        "unitPrice": "$9.47 / 1KG"
    },
    {
        "category": "meat-seafood-deli",
        "href": "https://www.woolworths.com.au/shop/productdetails/369738/woolworths-fresh-parmigianno-reggiano-cheese-wheel",
        "imgName": "369738.jpg",
        "imgSrc": "https://cdn0.woolworths.media/content/wowproductimages/medium/369738.jpg",
        "name": "Woolworths Fresh Parmigianno Reggiano Cheese Wheel per kg",
        "price": 56,
        "unitPrice": "$56.00 / 1KG"
    },
    {
        "category": "meat-seafood-deli",
        "href": "https://www.woolworths.com.au/shop/productdetails/323979/ashgrove-tassie-trio-cheddar-cheese",
        "imgName": "323979.jpg",
        "imgSrc": "https://cdn0.woolworths.media/content/wowproductimages/medium/323979.jpg",
        "name": "Ashgrove Tassie Trio Cheddar Cheese 140g",
        "price": 5.25,
        "unitPrice": "$37.50 / 1KG"
    },
    {
        "category": "meat-seafood-deli",
        "href": "https://www.woolworths.com.au/shop/productdetails/224942/woolworths-tasty-light-cheese-slices",
        "imgName": "224942.jpg",
        "imgSrc": "https://cdn0.woolworths.media/content/wowproductimages/medium/224942.jpg",
        "name": "Woolworths Tasty Light Cheese Slices  500g",
        "price": 6,
        "unitPrice": "$12.00 / 1KG"
    },
    {
        "category": "meat-seafood-deli",
        "href": "https://www.woolworths.com.au/shop/productdetails/827218/woolworths-tuna-sweet-chilli",
        "imgName": "827218.jpg",
        "imgSrc": "https://cdn0.woolworths.media/content/wowproductimages/medium/827218.jpg",
        "name": "Woolworths Tuna Sweet Chilli 95g",
        "price": 0.9,
        "unitPrice": "$9.47 / 1KG"
    },
    {
        "category": "meat-seafood-deli",
        "href": "https://www.woolworths.com.au/shop/productdetails/830143/helga-s-wholemeal-seed-lower-carb",
        "imgName": "830143.jpg",
        "imgSrc": "https://cdn0.woolworths.media/content/wowproductimages/medium/830143.jpg",
        "name": "Helga's Wholemeal & Seed Lower Carb 700g",
        "price": 5.4,
        "unitPrice": "$0.77 / 100G"
    },
    {
        "category": "meat-seafood-deli",
        "href": "https://www.woolworths.com.au/shop/productdetails/509413/barbers-cheddar",
        "imgName": "509413.jpg",
        "imgSrc": "https://cdn0.woolworths.media/content/wowproductimages/medium/509413.jpg",
        "name": "Barbers Cheddar  1kg",
        "price": 45,
        "unitPrice": "$45.00 / 1KG"
    },
    {
        "category": "meat-seafood-deli",
        "href": "https://www.woolworths.com.au/shop/productdetails/640123/yarra-valley-persian-fetta-classic",
        "imgName": "640123.jpg",
        "imgSrc": "https://cdn0.woolworths.media/content/wowproductimages/medium/640123.jpg",
        "name": "Yarra Valley Persian Fetta Classic  350g",
        "price": 10,
        "unitPrice": "$28.57 / 1KG"
    },
    {
        "category": "meat-seafood-deli",
        "href": "https://www.woolworths.com.au/shop/productdetails/585109/fromager-d-affinois-garlic-herb-cheese",
        "imgName": "585109.jpg",
        "imgSrc": "https://cdn0.woolworths.media/content/wowproductimages/medium/585109.jpg",
        "name": "Fromager D'affinois Garlic & Herb Cheese  per kg",
        "price": 80,
        "unitPrice": "$80.00 / 1KG"
    },
    {
        "category": "meat-seafood-deli",
        "href": "https://www.woolworths.com.au/shop/productdetails/295918/nisi-danish-feta",
        "imgName": "295918.jpg",
        "imgSrc": "https://cdn0.woolworths.media/content/wowproductimages/medium/295918.jpg",
        "name": "Nisi Danish Feta 200g",
        "price": 3.99,
        "unitPrice": "$19.95 / 1KG"
    },
    {
        "category": "meat-seafood-deli",
        "href": "https://www.woolworths.com.au/shop/productdetails/287050/lemnos-organic-fetta-cheese",
        "imgName": "287050.jpg",
        "imgSrc": "https://cdn0.woolworths.media/content/wowproductimages/medium/287050.jpg",
        "name": "Lemnos Organic Fetta Cheese  180g",
        "price": 6.8,
        "unitPrice": "$37.78 / 1KG"
    },
    {
        "category": "meat-seafood-deli",
        "href": "https://www.woolworths.com.au/shop/productdetails/508203/paesonella-buffalo-bocconcini",
        "imgName": "default.png",
        "imgSrc": "https://cdn0.woolworths.media/content/wowproductimages/large/default.png",
        "name": "Paesonella Buffalo Bocconcini  150g",
        "price": 14,
        "unitPrice": "$93.33 / 1KG"
    },
    {
        "category": "meat-seafood-deli",
        "href": "https://www.woolworths.com.au/shop/productdetails/655423/ob-finest-specialty-bites-raisin-pecan-rosemary",
        "imgName": "655423.jpg",
        "imgSrc": "https://cdn0.woolworths.media/content/wowproductimages/medium/655423.jpg",
        "name": "Ob Finest Specialty Bites Raisin Pecan & Rosemary 100g",
        "price": 5,
        "unitPrice": "$5.00 / 100G"
    },
    {
        "category": "meat-seafood-deli",
        "href": "https://www.woolworths.com.au/shop/productdetails/369742/woolworths-fresh-round-loaf-maasdam-cheese",
        "imgName": "369742.jpg",
        "imgSrc": "https://cdn0.woolworths.media/content/wowproductimages/medium/369742.jpg",
        "name": "Woolworths Fresh Round Loaf Maasdam Cheese per kg",
        "price": 18,
        "unitPrice": "$18.00 / 1KG"
    },
    {
        "category": "meat-seafood-deli",
        "href": "https://www.woolworths.com.au/shop/productdetails/764887/msa-beef-scotch-fillet-steak-1-2-pieces",
        "imgName": "764887.jpg",
        "imgSrc": "https://cdn0.woolworths.media/content/wowproductimages/medium/764887.jpg",
        "name": "Msa Beef Scotch Fillet Steak 1-2 Pieces min. 400g",
        "price": 13.2,
        "unitPrice": "$33.00 / 1KG"
    },
    {
        "category": "meat-seafood-deli",
        "href": "https://www.woolworths.com.au/shop/productdetails/47666/hans-salami-sticks",
        "imgName": "047666.jpg",
        "imgSrc": "https://cdn0.woolworths.media/content/wowproductimages/medium/047666.jpg",
        "name": "Hans Salami Sticks 15g",
        "price": 0.95,
        "unitPrice": "$63.33 / 1KG"
    },
    {
        "category": "meat-seafood-deli",
        "href": "https://www.woolworths.com.au/shop/productdetails/209491/lamb-rack-roast",
        "imgName": "209491.jpg",
        "imgSrc": "https://cdn0.woolworths.media/content/wowproductimages/medium/209491.jpg",
        "name": "Lamb Rack Roast  min. 600g",
        "price": 20.1,
        "unitPrice": "$33.50 / 1KG"
    },
    {
        "category": "meat-seafood-deli",
        "href": "https://www.woolworths.com.au/shop/productdetails/354824/la-casa-del-formaggio-traditional-ricotta-cheese",
        "imgName": "354824.jpg",
        "imgSrc": "https://cdn0.woolworths.media/content/wowproductimages/medium/354824.jpg",
        "name": "La Casa Del Formaggio Traditional Ricotta Cheese 1kg",
        "price": 9,
        "unitPrice": "$9.00 / 1KG"
    },
    {
        "category": "meat-seafood-deli",
        "href": "https://www.woolworths.com.au/shop/productdetails/765043/msa-beef-oyster-blade-steak",
        "imgName": "765043.jpg",
        "imgSrc": "https://cdn0.woolworths.media/content/wowproductimages/medium/765043.jpg",
        "name": "Msa Beef Oyster Blade Steak  min. 600g",
        "price": 9.59,
        "unitPrice": "$15.99 / 1KG"
    },
    {
        "category": "meat-seafood-deli",
        "href": "https://www.woolworths.com.au/shop/productdetails/209440/pork-scotch-fillet-steak",
        "imgName": "209440.jpg",
        "imgSrc": "https://cdn0.woolworths.media/content/wowproductimages/medium/209440.jpg",
        "name": "Pork Scotch Fillet Steak  min. 400g",
        "price": 8,
        "unitPrice": "$19.99 / 1KG"
    },
    {
        "category": "meat-seafood-deli",
        "href": "https://www.woolworths.com.au/shop/productdetails/758071/simmone-logue-chicken-leek-pies-chicken-leek",
        "imgName": "758071.jpg",
        "imgSrc": "https://cdn0.woolworths.media/content/wowproductimages/medium/758071.jpg",
        "name": "Simmone Logue Chicken & Leek Pies Chicken & Leek 12pk",
        "price": 15.8,
        "unitPrice": "$1.76 / 100G"
    },
    {
        "category": "meat-seafood-deli",
        "href": "https://www.woolworths.com.au/shop/productdetails/439703/woolworths-olives-pitted-mediterranean",
        "imgName": "439703.jpg",
        "imgSrc": "https://cdn0.woolworths.media/content/wowproductimages/medium/439703.jpg",
        "name": "Woolworths Olives Pitted Mediterranean per kg",
        "price": 19.95,
        "unitPrice": "$19.95 / 1KG"
    },
    {
        "category": "meat-seafood-deli",
        "href": "https://www.woolworths.com.au/shop/productdetails/756765/pastoral-traditional-ham-double-smoked-sliced",
        "imgName": "756765.jpg",
        "imgSrc": "https://cdn0.woolworths.media/content/wowproductimages/medium/756765.jpg",
        "name": "Pastoral Traditional Ham Double Smoked Sliced per kg",
        "price": 22,
        "unitPrice": "$22.00 / 1KG"
    },
    {
        "category": "meat-seafood-deli",
        "href": "https://www.woolworths.com.au/shop/productdetails/331719/king-island-cheddar-cheese",
        "imgName": "331719.jpg",
        "imgSrc": "https://cdn0.woolworths.media/content/wowproductimages/medium/331719.jpg",
        "name": "King Island Cheddar Cheese 170g",
        "price": 8.79,
        "unitPrice": "$51.71 / 1KG"
    },
    {
        "category": "meat-seafood-deli",
        "href": "https://www.woolworths.com.au/shop/productdetails/224941/woolworths-tasty-cheese-slices",
        "imgName": "224941.jpg",
        "imgSrc": "https://cdn0.woolworths.media/content/wowproductimages/medium/224941.jpg",
        "name": "Woolworths Tasty Cheese Slices  500g",
        "price": 6,
        "unitPrice": "$12.00 / 1KG"
    },
    {
        "category": "meat-seafood-deli",
        "href": "https://www.woolworths.com.au/shop/productdetails/968359/auricchio-pecorino-romano",
        "imgName": "default.png",
        "imgSrc": "https://cdn0.woolworths.media/content/wowproductimages/large/default.png",
        "name": "Auricchio Pecorino Romano  per kg",
        "price": 35,
        "unitPrice": "$35.00 / 1KG"
    },
    {
        "category": "meat-seafood-deli",
        "href": "https://www.woolworths.com.au/shop/productdetails/762278/rspca-approved-woolworths-lemon-chicken-breast-schnitzel",
        "imgName": "762278.jpg",
        "imgSrc": "https://cdn0.woolworths.media/content/wowproductimages/medium/762278.jpg",
        "name": "Rspca Approved Woolworths Lemon Chicken Breast Schnitzel each",
        "price": 3.5,
        "unitPrice": "$3.50 / 1EA"
    },
    {
        "category": "meat-seafood-deli",
        "href": "https://www.woolworths.com.au/shop/productdetails/727933/d-orsogna-streaky-bacon",
        "imgName": "727933.jpg",
        "imgSrc": "https://cdn0.woolworths.media/content/wowproductimages/medium/727933.jpg",
        "name": "D'orsogna Streaky Bacon  500g",
        "price": 9,
        "unitPrice": "$18.00 / 1KG"
    },
    {
        "category": "meat-seafood-deli",
        "href": "https://www.woolworths.com.au/shop/productdetails/328060/south-cape-sliced-fetta",
        "imgName": "328060.jpg",
        "imgSrc": "https://cdn0.woolworths.media/content/wowproductimages/medium/328060.jpg",
        "name": "South Cape Sliced Fetta  600g",
        "price": 14.35,
        "unitPrice": "$23.92 / 1KG"
    },
    {
        "category": "meat-seafood-deli",
        "href": "https://www.woolworths.com.au/shop/productdetails/185410/primo-cocktail-frankfurts-cocktail",
        "imgName": "185410.jpg",
        "imgSrc": "https://cdn0.woolworths.media/content/wowproductimages/medium/185410.jpg",
        "name": "Primo Cocktail Frankfurts Cocktail 1kg",
        "price": 6,
        "unitPrice": "$6.00 / 1KG"
    },
    {
        "category": "meat-seafood-deli",
        "href": "https://www.woolworths.com.au/shop/productdetails/706633/singletons-red-leicester-cheese",
        "imgName": "706633.jpg",
        "imgSrc": "https://cdn0.woolworths.media/content/wowproductimages/medium/706633.jpg",
        "name": "Singletons Red Leicester Cheese 200g",
        "price": 7.95,
        "unitPrice": "$39.75 / 1KG"
    },
    {
        "category": "meat-seafood-deli",
        "href": "https://www.woolworths.com.au/shop/productdetails/334982/hans-pork-ham-steaks",
        "imgName": "334982.jpg",
        "imgSrc": "https://cdn0.woolworths.media/content/wowproductimages/medium/334982.jpg",
        "name": "Hans Pork Ham Steaks 300g",
        "price": 3.25,
        "unitPrice": "$10.83 / 1KG"
    },
    {
        "category": "meat-seafood-deli",
        "href": "https://www.woolworths.com.au/shop/productdetails/48450/homebrand-devon-roll",
        "imgName": "048450.jpg",
        "imgSrc": "https://cdn0.woolworths.media/content/wowproductimages/medium/048450.jpg",
        "name": "Homebrand Devon Roll  1kg",
        "price": 3,
        "unitPrice": "$3.00 / 1KG"
    },
    {
        "category": "meat-seafood-deli",
        "href": "https://www.woolworths.com.au/shop/productdetails/779169/kr-castlemaine-short-cut-bacon-rashers-rindless",
        "imgName": "779169.jpg",
        "imgSrc": "https://cdn0.woolworths.media/content/wowproductimages/medium/779169.jpg",
        "name": "Kr Castlemaine Short Cut Bacon Rashers Rindless per kg",
        "price": 17,
        "unitPrice": "$17.00 / 1KG"
    },
    {
        "category": "meat-seafood-deli",
        "href": "https://www.woolworths.com.au/shop/productdetails/254426/grana-padano-cheese",
        "imgName": "254426.jpg",
        "imgSrc": "https://cdn0.woolworths.media/content/wowproductimages/medium/254426.jpg",
        "name": "Grana Padano Cheese  200g",
        "price": 6.7,
        "unitPrice": "$33.50 / 1KG"
    },
    {
        "category": "meat-seafood-deli",
        "href": "https://www.woolworths.com.au/shop/productdetails/229308/holland-house-matjes-fillets",
        "imgName": "229308.jpg",
        "imgSrc": "https://cdn0.woolworths.media/content/wowproductimages/medium/229308.jpg",
        "name": "Holland House Matjes Fillets 250g",
        "price": 4.99,
        "unitPrice": "$19.96 / 1KG"
    },
    {
        "category": "meat-seafood-deli",
        "href": "https://www.woolworths.com.au/shop/productdetails/316043/meredith-plain-goats-cheese",
        "imgName": "316043.jpg",
        "imgSrc": "https://cdn0.woolworths.media/content/wowproductimages/medium/316043.jpg",
        "name": "Meredith Plain Goats Cheese 150g",
        "price": 8.99,
        "unitPrice": "$59.93 / 1KG"
    },
    {
        "category": "meat-seafood-deli",
        "href": "https://www.woolworths.com.au/shop/productdetails/323963/frico-mild-goats-cheese-wedge",
        "imgName": "323963.jpg",
        "imgSrc": "https://cdn0.woolworths.media/content/wowproductimages/medium/323963.jpg",
        "name": "Frico Mild Goats Cheese Wedge 230g",
        "price": 11.95,
        "unitPrice": "$51.96 / 1KG"
    },
    {
        "category": "meat-seafood-deli",
        "href": "https://www.woolworths.com.au/shop/productdetails/347140/south-cape-edam-cheese",
        "imgName": "347140.jpg",
        "imgSrc": "https://cdn0.woolworths.media/content/wowproductimages/medium/347140.jpg",
        "name": "South Cape Edam Cheese 200g",
        "price": 6.3,
        "unitPrice": "$31.50 / 1KG"
    },
    {
        "category": "meat-seafood-deli",
        "href": "https://www.woolworths.com.au/shop/productdetails/828141/ixl-breakfast-marmalade-stevia",
        "imgName": "828141.jpg",
        "imgSrc": "https://cdn0.woolworths.media/content/wowproductimages/medium/828141.jpg",
        "name": "Ixl Breakfast Marmalade Stevia 210g",
        "price": 3,
        "unitPrice": "$1.43 / 100G"
    },
    {
        "category": "meat-seafood-deli",
        "href": "https://www.woolworths.com.au/shop/productdetails/178137/peppercorn-beef-burger-extra-lean",
        "imgName": "178137.jpg",
        "imgSrc": "https://cdn0.woolworths.media/content/wowproductimages/medium/178137.jpg",
        "name": "Peppercorn Beef Burger Extra Lean 500g",
        "price": 8.5,
        "unitPrice": "$17.00 / 1KG"
    },
    {
        "category": "meat-seafood-deli",
        "href": "https://www.woolworths.com.au/shop/productdetails/18578/rspca-approved-chicken-tenderloin",
        "imgName": "018578.jpg",
        "imgSrc": "https://cdn0.woolworths.media/content/wowproductimages/medium/018578.jpg",
        "name": "Rspca Approved Chicken Tenderloin  per kg",
        "price": 12.99,
        "unitPrice": "$12.99 / 1KG"
    },
    {
        "category": "meat-seafood-deli",
        "href": "https://www.woolworths.com.au/shop/productdetails/229324/macro-organic-chicken-breast-fillet",
        "imgName": "229324.jpg",
        "imgSrc": "https://cdn0.woolworths.media/content/wowproductimages/medium/229324.jpg",
        "name": "Macro Organic Chicken Breast Fillet min. 420g",
        "price": 12.6,
        "unitPrice": "$29.99 / 1KG"
    },
    {
        "category": "meat-seafood-deli",
        "href": "https://www.woolworths.com.au/shop/productdetails/307519/hans-bacon-middle-rind-on",
        "imgName": "307519.jpg",
        "imgSrc": "https://cdn0.woolworths.media/content/wowproductimages/medium/307519.jpg",
        "name": "Hans Bacon Middle Rind On 1kg",
        "price": 9,
        "unitPrice": "$9.00 / 1KG"
    },
    {
        "category": "meat-seafood-deli",
        "href": "https://www.woolworths.com.au/shop/productdetails/503034/woolworths-beef-sausages-with-cheese-jalapeno",
        "imgName": "503034.jpg",
        "imgSrc": "https://cdn0.woolworths.media/content/wowproductimages/medium/503034.jpg",
        "name": "Woolworths Beef Sausages With Cheese & Jalapeno 500g",
        "price": 7.5,
        "unitPrice": "$15.00 / 1KG"
    },
    {
        "category": "meat-seafood-deli",
        "href": "https://www.woolworths.com.au/shop/productdetails/503036/woolworths-lamb-sausages-with-mint-rosemary",
        "imgName": "503036.jpg",
        "imgSrc": "https://cdn0.woolworths.media/content/wowproductimages/medium/503036.jpg",
        "name": "Woolworths Lamb Sausages With Mint & Rosemary 500g",
        "price": 7.5,
        "unitPrice": "$15.00 / 1KG"
    },
    {
        "category": "meat-seafood-deli",
        "href": "https://www.woolworths.com.au/shop/productdetails/505094/chicken-necks-fresh",
        "imgName": "505094.jpg",
        "imgSrc": "https://cdn0.woolworths.media/content/wowproductimages/medium/505094.jpg",
        "name": "Chicken Necks Fresh  min. 950g",
        "price": 4.66,
        "unitPrice": "$4.90 / 1KG"
    },
    {
        "category": "meat-seafood-deli",
        "href": "https://www.woolworths.com.au/shop/productdetails/527933/cleavers-free-range-pork-apple-cider-sausages",
        "imgName": "527933.jpg",
        "imgSrc": "https://cdn0.woolworths.media/content/wowproductimages/medium/527933.jpg",
        "name": "Cleavers Free Range Pork & Apple Cider Sausages 450g",
        "price": 8.5,
        "unitPrice": "$18.89 / 1KG"
    },
    {
        "category": "meat-seafood-deli",
        "href": "https://www.woolworths.com.au/shop/productdetails/531014/pork-stir-fry",
        "imgName": "531014.jpg",
        "imgSrc": "https://cdn0.woolworths.media/content/wowproductimages/medium/531014.jpg",
        "name": "Pork Stir Fry  500g",
        "price": 9,
        "unitPrice": "$18.00 / 1KG"
    },
    {
        "category": "meat-seafood-deli",
        "href": "https://www.woolworths.com.au/shop/productdetails/649104/d-orsogna-shaved-triple-smoked-ham",
        "imgName": "649104.jpg",
        "imgSrc": "https://cdn0.woolworths.media/content/wowproductimages/medium/649104.jpg",
        "name": "D'orsogna Shaved Triple Smoked Ham 100g",
        "price": 1.8,
        "unitPrice": "$18.00 / 1KG"
    },
    {
        "category": "meat-seafood-deli",
        "href": "https://www.woolworths.com.au/shop/productdetails/666237/chicken-sandwich-schnitzel",
        "imgName": "666237.jpg",
        "imgSrc": "https://cdn0.woolworths.media/content/wowproductimages/medium/666237.jpg",
        "name": "Chicken Sandwich Schnitzel 1ea",
        "price": 2,
        "unitPrice": "$2.00 / 1EA"
    },
    {
        "category": "meat-seafood-deli",
        "href": "https://www.woolworths.com.au/shop/productdetails/700269/macro-chicken-wing-nibbles-free-range",
        "imgName": "700269.jpg",
        "imgSrc": "https://cdn0.woolworths.media/content/wowproductimages/medium/700269.jpg",
        "name": "Macro Chicken Wing Nibbles Free Range min. 600g",
        "price": 4.79,
        "unitPrice": "$7.99 / 1KG"
    },
    {
        "category": "meat-seafood-deli",
        "href": "https://www.woolworths.com.au/shop/productdetails/717750/australian-beef-roast-butterflied",
        "imgName": "717750.jpg",
        "imgSrc": "https://cdn0.woolworths.media/content/wowproductimages/medium/717750.jpg",
        "name": "Australian Beef Roast Butterflied min. 600g",
        "price": 12,
        "unitPrice": "$20.00 / 1KG"
    },
    {
        "category": "meat-seafood-deli",
        "href": "https://www.woolworths.com.au/shop/productdetails/727622/chicken-thigh-fillet-portion-pack",
        "imgName": "727622.jpg",
        "imgSrc": "https://cdn0.woolworths.media/content/wowproductimages/medium/727622.jpg",
        "name": "Chicken Thigh Fillet Portion Pack min. 1.5kg"
    },
    {
        "category": "meat-seafood-deli",
        "href": "https://www.woolworths.com.au/shop/productdetails/732917/beak-sons-classic-burger",
        "imgName": "732917.jpg",
        "imgSrc": "https://cdn0.woolworths.media/content/wowproductimages/medium/732917.jpg",
        "name": "Beak & Sons Classic Burger  500g",
        "price": 8.5,
        "unitPrice": "$17.00 / 1KG"
    },
    {
        "category": "meat-seafood-deli",
        "href": "https://www.woolworths.com.au/shop/productdetails/764625/beef-heart-smart-schnitzel-3-6-pieces",
        "imgName": "764625.jpg",
        "imgSrc": "https://cdn0.woolworths.media/content/wowproductimages/medium/764625.jpg",
        "name": "Beef Heart Smart Schnitzel 3-6 Pieces min. 500g",
        "price": 12,
        "unitPrice": "$23.99 / 1KG"
    },
    {
        "category": "meat-seafood-deli",
        "href": "https://www.woolworths.com.au/shop/productdetails/878800/beak-sons-original-bratwurst-sausages",
        "imgName": "878800.jpg",
        "imgSrc": "https://cdn0.woolworths.media/content/wowproductimages/medium/878800.jpg",
        "name": "Beak & Sons Original Bratwurst Sausages 400g",
        "price": 7.5,
        "unitPrice": "$18.75 / 1KG"
    },
    {
        "category": "meat-seafood-deli",
        "href": "https://www.woolworths.com.au/shop/productdetails/941608/woolworths-marinated-lamb-loin-chops-mint-rosemary",
        "imgName": "941608.jpg",
        "imgSrc": "https://cdn0.woolworths.media/content/wowproductimages/medium/941608.jpg",
        "name": "Woolworths Marinated Lamb Loin Chops Mint & Rosemary min. 500g",
        "price": 12,
        "unitPrice": "$23.99 / 1KG"
    },
    {
        "category": "meat-seafood-deli",
        "href": "https://www.woolworths.com.au/shop/productdetails/958808/bec-campbell-pork-sausages-cumberland-style",
        "imgName": "958808.jpg",
        "imgSrc": "https://cdn0.woolworths.media/content/wowproductimages/medium/958808.jpg",
        "name": "Bec Campbell Pork Sausages Cumberland Style 1kg",
        "price": 10,
        "unitPrice": "$10.00 / 1KG"
    },
    {
        "category": "meat-seafood-deli",
        "href": "https://www.woolworths.com.au/shop/productdetails/30936/ingham-s-chicken-sliced-roll",
        "imgName": "030936.jpg",
        "imgSrc": "https://cdn0.woolworths.media/content/wowproductimages/medium/030936.jpg",
        "name": "Ingham's Chicken Sliced Roll per kg",
        "price": 12.5,
        "unitPrice": "$12.50 / 1KG"
    },
    {
        "category": "meat-seafood-deli",
        "href": "https://www.woolworths.com.au/shop/productdetails/15639/baby-octopus-cleaned",
        "imgName": "015639.jpg",
        "imgSrc": "https://cdn0.woolworths.media/content/wowproductimages/medium/015639.jpg",
        "name": "Baby Octopus Cleaned  per kg",
        "price": 18,
        "unitPrice": "$18.00 / 1KG"
    },
    {
        "category": "meat-seafood-deli",
        "href": "https://www.woolworths.com.au/shop/productdetails/46276/fresh-australian-trout-rainbow-whole",
        "imgName": "046276.jpg",
        "imgSrc": "https://cdn0.woolworths.media/content/wowproductimages/medium/046276.jpg",
        "name": "Fresh Australian Trout Rainbow Whole per kg",
        "price": 20,
        "unitPrice": "$20.00 / 1KG"
    },
    {
        "category": "meat-seafood-deli",
        "href": "https://www.woolworths.com.au/shop/productdetails/64121/jos-poell-mini-toast-salad-ragout-cup",
        "imgName": "064121.jpg",
        "imgSrc": "https://cdn0.woolworths.media/content/wowproductimages/medium/064121.jpg",
        "name": "Jos Poell Mini Toast Salad Ragout Cup 60g",
        "price": 3.98,
        "unitPrice": "$6.63 / 100G"
    },
    {
        "category": "meat-seafood-deli",
        "href": "https://www.woolworths.com.au/shop/productdetails/251634/woolworths-italian-style-meatballs",
        "imgName": "251634.jpg",
        "imgSrc": "https://cdn0.woolworths.media/content/wowproductimages/medium/251634.jpg",
        "name": "Woolworths Italian Style Meatballs 400g",
        "price": 6,
        "unitPrice": "$15.00 / 1KG"
    },
    {
        "category": "meat-seafood-deli",
        "href": "https://www.woolworths.com.au/shop/productdetails/229328/macro-organic-chicken-drumstick",
        "imgName": "229328.jpg",
        "imgSrc": "https://cdn0.woolworths.media/content/wowproductimages/medium/229328.jpg",
        "name": "Macro Organic Chicken Drumstick min. 320g",
        "price": 2.88,
        "unitPrice": "$9.00 / 1KG"
    },
    {
        "category": "meat-seafood-deli",
        "href": "https://www.woolworths.com.au/shop/productdetails/307034/woolworths-greenshell-mussels",
        "imgName": "307034.jpg",
        "imgSrc": "https://cdn0.woolworths.media/content/wowproductimages/medium/307034.jpg",
        "name": "Woolworths Greenshell Mussels 1kg",
        "price": 5.5,
        "unitPrice": "$5.50 / 1KG"
    },
    {
        "category": "meat-seafood-deli",
        "href": "https://www.woolworths.com.au/shop/productdetails/308976/castello-extra-creamy-mild-blue-cheese",
        "imgName": "308976.jpg",
        "imgSrc": "https://cdn0.woolworths.media/content/wowproductimages/medium/308976.jpg",
        "name": "Castello Extra Creamy Mild Blue Cheese 100g",
        "price": 5.48,
        "unitPrice": "$54.80 / 1KG"
    },
    {
        "category": "meat-seafood-deli",
        "href": "https://www.woolworths.com.au/shop/productdetails/370502/swiss-maasdam-cheese-wedge",
        "imgName": "370502.jpg",
        "imgSrc": "https://cdn0.woolworths.media/content/wowproductimages/medium/370502.jpg",
        "name": "Swiss Maasdam Cheese Wedge min. 300g",
        "price": 5.7,
        "unitPrice": "$18.99 / 1KG"
    },
    {
        "category": "meat-seafood-deli",
        "href": "https://www.woolworths.com.au/shop/productdetails/352635/chicken-breast-schnitzel-crumbed-honey-mustard",
        "imgName": "352635.jpg",
        "imgSrc": "https://cdn0.woolworths.media/content/wowproductimages/medium/352635.jpg",
        "name": "Chicken Breast Schnitzel Crumbed Honey Mustard each",
        "price": 2.5,
        "unitPrice": "$2.50 / 1EA"
    },
    {
        "category": "meat-seafood-deli",
        "href": "https://www.woolworths.com.au/shop/productdetails/324006/zanetti-firm-parmigiano-reggiano",
        "imgName": "324006.jpg",
        "imgSrc": "https://cdn0.woolworths.media/content/wowproductimages/medium/324006.jpg",
        "name": "Zanetti Firm Parmigiano Reggiano 200g",
        "price": 10.3,
        "unitPrice": "$51.50 / 1KG"
    },
    {
        "category": "meat-seafood-deli",
        "href": "https://www.woolworths.com.au/shop/productdetails/345277/game-farm-spatchcock-whole",
        "imgName": "345277.jpg",
        "imgSrc": "https://cdn0.woolworths.media/content/wowproductimages/medium/345277.jpg",
        "name": "Game Farm Spatchcock Whole min. 510g",
        "price": 8.05,
        "unitPrice": "$15.79 / 1KG"
    },
    {
        "category": "meat-seafood-deli",
        "href": "https://www.woolworths.com.au/shop/productdetails/384285/mission-wraps-light",
        "imgName": "384285.jpg",
        "imgSrc": "https://cdn0.woolworths.media/content/wowproductimages/medium/384285.jpg",
        "name": "Mission Wraps Light 8pk 567g",
        "price": 4.99,
        "unitPrice": "$0.88 / 100G"
    },
    {
        "category": "meat-seafood-deli",
        "href": "https://www.woolworths.com.au/shop/productdetails/420990/created-with-jamie-soup-chipotle-chicken-black-bean-sweetcorn",
        "imgName": "420990.jpg",
        "imgSrc": "https://cdn0.woolworths.media/content/wowproductimages/medium/420990.jpg",
        "name": "Created With Jamie Soup Chipotle Chicken, Black Bean & Sweetcorn 300g",
        "price": 4,
        "unitPrice": "$1.33 / 100G"
    },
    {
        "category": "meat-seafood-deli",
        "href": "https://www.woolworths.com.au/shop/productdetails/503033/woolworths-beef-pork-sausages-italian-style",
        "imgName": "503033.jpg",
        "imgSrc": "https://cdn0.woolworths.media/content/wowproductimages/medium/503033.jpg",
        "name": "Woolworths Beef & Pork Sausages Italian Style 500g",
        "price": 7.5,
        "unitPrice": "$15.00 / 1KG"
    },
    {
        "category": "meat-seafood-deli",
        "href": "https://www.woolworths.com.au/shop/productdetails/576203/woolworths-simply-bake-plain-butterflied-chicken",
        "imgName": "576203.jpg",
        "imgSrc": "https://cdn0.woolworths.media/content/wowproductimages/medium/576203.jpg",
        "name": "Woolworths Simply Bake Plain Butterflied Chicken  min. 1.05kg",
        "price": 9.44,
        "unitPrice": "$8.99 / 1KG"
    },
    {
        "category": "meat-seafood-deli",
        "href": "https://www.woolworths.com.au/shop/productdetails/629453/woolworths-simply-cook-kentucky-style-chicken-thigh-fillet",
        "imgName": "629453.jpg",
        "imgSrc": "https://cdn0.woolworths.media/content/wowproductimages/medium/629453.jpg",
        "name": "Woolworths Simply Cook Kentucky Style Chicken Thigh Fillet 340g",
        "price": 8,
        "unitPrice": "$23.53 / 1KG"
    },
    {
        "category": "meat-seafood-deli",
        "href": "https://www.woolworths.com.au/shop/productdetails/702620/alambra-cypriot-halloumi",
        "imgName": "702620.jpg",
        "imgSrc": "https://cdn0.woolworths.media/content/wowproductimages/medium/702620.jpg",
        "name": "Alambra Cypriot Halloumi 850g",
        "price": 18.99,
        "unitPrice": "$22.34 / 1KG"
    },
    {
        "category": "meat-seafood-deli",
        "href": "https://www.woolworths.com.au/shop/productdetails/655412/peppercorn-butcher-s-classic-chorizo-sausages",
        "imgName": "655412.jpg",
        "imgSrc": "https://cdn0.woolworths.media/content/wowproductimages/medium/655412.jpg",
        "name": "Peppercorn Butcher's Classic Chorizo Sausages  450g",
        "price": 7,
        "unitPrice": "$15.56 / 1KG"
    },
    {
        "category": "meat-seafood-deli",
        "href": "https://www.woolworths.com.au/shop/productdetails/658593/don-all-natural-english-style-sliced-leg-ham",
        "imgName": "658593.jpg",
        "imgSrc": "https://cdn0.woolworths.media/content/wowproductimages/medium/658593.jpg",
        "name": "Don All Natural English Style Sliced Leg Ham 100g",
        "price": 3.5,
        "unitPrice": "$35.00 / 1KG"
    },
    {
        "category": "meat-seafood-deli",
        "href": "https://www.woolworths.com.au/shop/productdetails/578163/woolworths-simply-heat-butterflied-beef-in-a-rich-and-savoury-sauce",
        "imgName": "578163.jpg",
        "imgSrc": "https://cdn0.woolworths.media/content/wowproductimages/medium/578163.jpg",
        "name": "Woolworths Simply Heat Butterflied Beef In A Rich And Savoury Sauce min 830g",
        "price": 16.59,
        "unitPrice": "$19.99 / 1KG"
    },
    {
        "category": "meat-seafood-deli",
        "href": "https://www.woolworths.com.au/shop/productdetails/758125/d-orsogna-deli-fresh-ham-premium-leg",
        "imgName": "758125.jpg",
        "imgSrc": "https://cdn0.woolworths.media/content/wowproductimages/medium/758125.jpg",
        "name": "D'orsogna Deli Fresh Ham Premium Leg 100g",
        "price": 3.5,
        "unitPrice": "$35.00 / 1KG"
    },
    {
        "category": "meat-seafood-deli",
        "href": "https://www.woolworths.com.au/shop/productdetails/726490/mon-ami-french-brie-cheese",
        "imgName": "726490.jpg",
        "imgSrc": "https://cdn0.woolworths.media/content/wowproductimages/medium/726490.jpg",
        "name": "Mon Ami French Brie Cheese 200g",
        "price": 5.78,
        "unitPrice": "$28.90 / 1KG"
    },
    {
        "category": "meat-seafood-deli",
        "href": "https://www.woolworths.com.au/shop/productdetails/609710/luv-a-duck-peking-duck-pancake-kit",
        "imgName": "609710.jpg",
        "imgSrc": "https://cdn0.woolworths.media/content/wowproductimages/medium/609710.jpg",
        "name": "Luv A Duck Peking Duck Pancake Kit 560g",
        "price": 19.49,
        "unitPrice": "$34.80 / 1KG"
    },
    {
        "category": "meat-seafood-deli",
        "href": "https://www.woolworths.com.au/shop/productdetails/758079/d-orsogna-deli-fresh-ham-champagne-leg",
        "imgName": "758079.jpg",
        "imgSrc": "https://cdn0.woolworths.media/content/wowproductimages/medium/758079.jpg",
        "name": "D'orsogna Deli Fresh Ham Champagne Leg 100g",
        "price": 3.5,
        "unitPrice": "$35.00 / 1KG"
    },
    {
        "category": "meat-seafood-deli",
        "href": "https://www.woolworths.com.au/shop/productdetails/780043/macro-free-range-pork-steak-medallion",
        "imgName": "780043.jpg",
        "imgSrc": "https://cdn0.woolworths.media/content/wowproductimages/medium/780043.jpg",
        "name": "Macro Free Range Pork Steak Medallion min. 380g",
        "price": 9.88,
        "unitPrice": "$26.00 / 1KG"
    },
    {
        "category": "meat-seafood-deli",
        "href": "https://www.woolworths.com.au/shop/productdetails/783728/sunpork-chicken-slow-cooked-shredded-roast",
        "imgName": "783728.jpg",
        "imgSrc": "https://cdn0.woolworths.media/content/wowproductimages/medium/783728.jpg",
        "name": "Sunpork Chicken Slow Cooked & Shredded Roast 250g",
        "price": 7.5,
        "unitPrice": "$3.00 / 100G"
    },
    {
        "category": "meat-seafood-deli",
        "href": "https://www.woolworths.com.au/shop/productdetails/784914/slow-cooked-pork-belly",
        "imgName": "784914.jpg",
        "imgSrc": "https://cdn0.woolworths.media/content/wowproductimages/medium/784914.jpg",
        "name": "Slow Cooked Pork Belly  min. 600g",
        "price": 12.89
    },
    {
        "category": "meat-seafood-deli",
        "href": "https://www.woolworths.com.au/shop/productdetails/783713/sunpork-beef-shredded-slow-cooked-bbq",
        "imgName": "783713.jpg",
        "imgSrc": "https://cdn0.woolworths.media/content/wowproductimages/medium/783713.jpg",
        "name": "Sunpork Beef Shredded Slow Cooked Bbq 250g",
        "price": 7.5,
        "unitPrice": "$3.00 / 100G"
    },
    {
        "category": "meat-seafood-deli",
        "href": "https://www.woolworths.com.au/shop/productdetails/782727/created-with-jamie-meatballs-beef-wagyu-chorizo",
        "imgName": "782727.jpg",
        "imgSrc": "https://cdn0.woolworths.media/content/wowproductimages/medium/782727.jpg",
        "name": "Created With Jamie Meatballs Beef & Wagyu Chorizo 600g",
        "price": 8.5,
        "unitPrice": "$14.17 / 1KG"
    },
    {
        "category": "meat-seafood-deli",
        "href": "https://www.woolworths.com.au/shop/productdetails/844409/pioneer-poultry-honey-smoked-chicken-breast-fillet",
        "imgName": "844409.jpg",
        "imgSrc": "https://cdn0.woolworths.media/content/wowproductimages/medium/844409.jpg",
        "name": "Pioneer Poultry Honey Smoked Chicken Breast Fillet min. 360g",
        "price": 9,
        "unitPrice": "$24.99 / 1KG"
    },
    {
        "category": "meat-seafood-deli",
        "href": "https://www.woolworths.com.au/shop/productdetails/90000012/two-italian-pasta-dishes-tasty-herb-bread-bundle",
        "imgName": "90000012.jpg",
        "imgSrc": "https://cdn0.woolworths.media/content/wowproductimages/medium/90000012.jpg",
        "name": "Two Italian Pasta Dishes & Tasty Herb Bread Bundle",
        "price": 28
    },
    {
        "category": "meat-seafood-deli",
        "href": "https://www.woolworths.com.au/shop/productdetails/665425/castello-marquis-cheese",
        "imgName": "665425.jpg",
        "imgSrc": "https://cdn0.woolworths.media/content/wowproductimages/medium/665425.jpg",
        "name": "Castello Marquis Cheese 150g",
        "price": 7,
        "unitPrice": "$46.67 / 1KG"
    },
    {
        "category": "meat-seafood-deli",
        "href": "https://www.woolworths.com.au/shop/productdetails/511125/nothern-fresh-food-sandwich-chicken-breast-schnitzel",
        "imgName": "511125.jpg",
        "imgSrc": "https://cdn0.woolworths.media/content/wowproductimages/medium/511125.jpg",
        "name": "Nothern Fresh Food Sandwich Chicken Breast Schnitzel 600g",
        "price": 7,
        "unitPrice": "$11.67 / 1KG"
    },
    {
        "category": "meat-seafood-deli",
        "href": "https://www.woolworths.com.au/shop/productdetails/589137/woolworths-homestyle-beef-rissoles",
        "imgName": "589137.jpg",
        "imgSrc": "https://cdn0.woolworths.media/content/wowproductimages/medium/589137.jpg",
        "name": "Woolworths Homestyle Beef Rissoles  8pk 600g",
        "price": 7.5,
        "unitPrice": "$12.50 / 1KG"
    },
    {
        "category": "meat-seafood-deli",
        "href": "https://www.woolworths.com.au/shop/productdetails/650539/woolworths-simply-wagu-beef-veal-kebabs",
        "imgName": "650539.jpg",
        "imgSrc": "https://cdn0.woolworths.media/content/wowproductimages/medium/650539.jpg",
        "name": "Woolworths Simply Wagu Beef & Veal Kebabs 450g",
        "price": 7.5,
        "unitPrice": "$16.67 / 1KG"
    },
    {
        "category": "meat-seafood-deli",
        "href": "https://www.woolworths.com.au/shop/productdetails/549577/just-caught-jumbo-cooked-cocktail-prawns",
        "imgName": "549577.jpg",
        "imgSrc": "https://cdn0.woolworths.media/content/wowproductimages/medium/549577.jpg",
        "name": "Just Caught Jumbo Cooked Cocktail Prawns  500g",
        "price": 22,
        "unitPrice": "$44.00 / 1KG"
    },
    {
        "category": "meat-seafood-deli",
        "href": "https://www.woolworths.com.au/shop/productdetails/708696/kebia-bulgarian-goats-cheese",
        "imgName": "708696.jpg",
        "imgSrc": "https://cdn0.woolworths.media/content/wowproductimages/medium/708696.jpg",
        "name": "Kebia Bulgarian Goats Cheese 450g",
        "price": 9.89,
        "unitPrice": "$21.98 / 1KG"
    },
    {
        "category": "meat-seafood-deli",
        "href": "https://www.woolworths.com.au/shop/productdetails/627362/tomato-and-balsamic-bruschetta",
        "imgName": "627362.jpg",
        "imgSrc": "https://cdn0.woolworths.media/content/wowproductimages/medium/627362.jpg",
        "name": "Tomato And Balsamic Bruschetta  180g",
        "price": 4,
        "unitPrice": "$22.22 / 1KG"
    },
    {
        "category": "meat-seafood-deli",
        "href": "https://www.woolworths.com.au/shop/productdetails/403082/ile-de-france-petit-camembert",
        "imgName": "403082.jpg",
        "imgSrc": "https://cdn0.woolworths.media/content/wowproductimages/medium/403082.jpg",
        "name": "Ile De France Petit Camembert  125g",
        "price": 7,
        "unitPrice": "$56.00 / 1KG"
    },
    {
        "category": "meat-seafood-deli",
        "href": "https://www.woolworths.com.au/shop/productdetails/93235/jarlsberg-sliced-cheese",
        "imgName": "093235.jpg",
        "imgSrc": "https://cdn0.woolworths.media/content/wowproductimages/medium/093235.jpg",
        "name": "Jarlsberg Sliced Cheese per kg",
        "price": 22,
        "unitPrice": "$22.00 / 1KG"
    },
    {
        "category": "meat-seafood-deli",
        "href": "https://www.woolworths.com.au/shop/productdetails/481999/kick-ass-sriracha-cheddar",
        "imgName": "481999.jpg",
        "imgSrc": "https://cdn0.woolworths.media/content/wowproductimages/medium/481999.jpg",
        "name": "Kick Ass Sriracha Cheddar  150g",
        "price": 8,
        "unitPrice": "$53.33 / 1KG"
    },
    {
        "category": "meat-seafood-deli",
        "href": "https://www.woolworths.com.au/shop/productdetails/504914/chicken-breast-chunks",
        "imgName": "504914.jpg",
        "imgSrc": "https://cdn0.woolworths.media/content/wowproductimages/medium/504914.jpg",
        "name": "Chicken Breast Chunks  per kg",
        "price": 10,
        "unitPrice": "$10.00 / 1KG"
    },
    {
        "category": "meat-seafood-deli",
        "href": "https://www.woolworths.com.au/shop/productdetails/635861/meredith-dairy-goat-cheese-dill",
        "imgName": "635861.jpg",
        "imgSrc": "https://cdn0.woolworths.media/content/wowproductimages/medium/635861.jpg",
        "name": "Meredith Dairy Goat Cheese Dill 80g",
        "price": 6,
        "unitPrice": "$75.00 / 1KG"
    },
    {
        "category": "meat-seafood-deli",
        "href": "https://www.woolworths.com.au/shop/productdetails/546295/d-orsogna-prosciutto",
        "imgName": "546295.jpg",
        "imgSrc": "https://cdn0.woolworths.media/content/wowproductimages/medium/546295.jpg",
        "name": "D'orsogna Prosciutto  100g",
        "price": 6,
        "unitPrice": "$60.00 / 1KG"
    },
    {
        "category": "meat-seafood-deli",
        "href": "https://www.woolworths.com.au/shop/productdetails/521779/ixl-ginger-marmalade-jam",
        "imgName": "521779.jpg",
        "imgSrc": "https://cdn0.woolworths.media/content/wowproductimages/medium/521779.jpg",
        "name": "Ixl Ginger Marmalade Jam 480g",
        "price": 3.5,
        "unitPrice": "$0.73 / 100G"
    },
    {
        "category": "meat-seafood-deli",
        "href": "https://www.woolworths.com.au/shop/productdetails/655426/ob-finest-specialty-bites-parmesan-olive-basil",
        "imgName": "655426.jpg",
        "imgSrc": "https://cdn0.woolworths.media/content/wowproductimages/medium/655426.jpg",
        "name": "Ob Finest Specialty Bites Parmesan Olive & Basil 100g",
        "price": 5,
        "unitPrice": "$5.00 / 100G"
    },
    {
        "category": "meat-seafood-deli",
        "href": "https://www.woolworths.com.au/shop/productdetails/508206/paesonella-full-cream-ricotta-tub",
        "imgName": "508206.jpg",
        "imgSrc": "https://cdn0.woolworths.media/content/wowproductimages/medium/508206.jpg",
        "name": "Paesonella Full Cream Ricotta Tub 1kg",
        "price": 16,
        "unitPrice": "$16.00 / 1KG"
    },
    {
        "category": "meat-seafood-deli",
        "href": "https://www.woolworths.com.au/shop/productdetails/788998/port-salut-cheese",
        "imgName": "788998.jpg",
        "imgSrc": "https://cdn0.woolworths.media/content/wowproductimages/medium/788998.jpg",
        "name": "Port Salut Cheese  per kg",
        "price": 50,
        "unitPrice": "$50.00 / 1KG"
    },
    {
        "category": "meat-seafood-deli",
        "href": "https://www.woolworths.com.au/shop/productdetails/584926/fromager-d-affinois-red-chilli-pepper-cheese",
        "imgName": "584926.jpg",
        "imgSrc": "https://cdn0.woolworths.media/content/wowproductimages/medium/584926.jpg",
        "name": "Fromager D'affinois Red Chilli Pepper Cheese per kg",
        "price": 80,
        "unitPrice": "$80.00 / 1KG"
    },
    {
        "category": "meat-seafood-deli",
        "href": "https://www.woolworths.com.au/shop/productdetails/830142/helgas-gluten-free-wholemeal",
        "imgName": "830142.jpg",
        "imgSrc": "https://cdn0.woolworths.media/content/wowproductimages/medium/830142.jpg",
        "name": "Helgas Gluten Free Wholemeal 580g",
        "price": 6.99,
        "unitPrice": "$1.21 / 100G"
    },
    {
        "category": "meat-seafood-deli",
        "href": "https://www.woolworths.com.au/shop/productdetails/476701/woolworths-tuna-in-oil",
        "imgName": "476701.jpg",
        "imgSrc": "https://cdn0.woolworths.media/content/wowproductimages/medium/476701.jpg",
        "name": "Woolworths Tuna In Oil 95g",
        "price": 0.9,
        "unitPrice": "$9.47 / 1KG"
    },
    {
        "category": "meat-seafood-deli",
        "href": "https://www.woolworths.com.au/shop/productdetails/801089/delfi-greek-sheep-feta",
        "imgName": "801089.jpg",
        "imgSrc": "https://cdn0.woolworths.media/content/wowproductimages/medium/801089.jpg",
        "name": "Delfi Greek Sheep Feta 200g",
        "price": 5.99,
        "unitPrice": "$29.95 / 1KG"
    },
    {
        "category": "meat-seafood-deli",
        "href": "https://www.woolworths.com.au/shop/productdetails/347138/tasmanian-heritage-mild-blue-cheese",
        "imgName": "347138.jpg",
        "imgSrc": "https://cdn0.woolworths.media/content/wowproductimages/medium/347138.jpg",
        "name": "Tasmanian Heritage Mild Blue Cheese 120g",
        "price": 6,
        "unitPrice": "$50.00 / 1KG"
    },
    {
        "category": "meat-seafood-deli",
        "href": "https://www.woolworths.com.au/shop/productdetails/486007/latteria-sociala-parmigiano-reggiano-parmesan-cheese-18mths",
        "imgName": "486007.jpg",
        "imgSrc": "https://cdn0.woolworths.media/content/wowproductimages/medium/486007.jpg",
        "name": "Latteria Sociala Parmigiano Reggiano Parmesan Cheese 18mths 150g",
        "price": 8,
        "unitPrice": "$53.33 / 1KG"
    },
    {
        "category": "meat-seafood-deli",
        "href": "https://www.woolworths.com.au/shop/productdetails/627361/dodoni-greek-feta-light",
        "imgName": "627361.jpg",
        "imgSrc": "https://cdn0.woolworths.media/content/wowproductimages/medium/627361.jpg",
        "name": "Dodoni Greek Feta Light 180ml",
        "price": 6,
        "unitPrice": "$33.33 / 1KG"
    },
    {
        "category": "meat-seafood-deli",
        "href": "https://www.woolworths.com.au/shop/productdetails/324007/zanetti-firm-parmesan-cheese-grana-padano",
        "imgName": "324007.jpg",
        "imgSrc": "https://cdn0.woolworths.media/content/wowproductimages/medium/324007.jpg",
        "name": "Zanetti Firm Parmesan Cheese Grana Padano 200g",
        "price": 8.99,
        "unitPrice": "$44.95 / 1KG"
    },
    {
        "category": "meat-seafood-deli",
        "href": "https://www.woolworths.com.au/shop/productdetails/185281/lemnos-paneer-cheese",
        "imgName": "185281.jpg",
        "imgSrc": "https://cdn0.woolworths.media/content/wowproductimages/medium/185281.jpg",
        "name": "Lemnos Paneer Cheese 200g",
        "price": 6.53,
        "unitPrice": "$32.65 / 1KG"
    },
    {
        "category": "meat-seafood-deli",
        "href": "https://www.woolworths.com.au/shop/productdetails/331682/the-margaret-river-dairy-company-smoked-flavoured-club-cheddar-cheese",
        "imgName": "331682.jpg",
        "imgSrc": "https://cdn0.woolworths.media/content/wowproductimages/medium/331682.jpg",
        "name": "The Margaret River Dairy Company Smoked Flavoured Club Cheddar Cheese 150g",
        "price": 6.05,
        "unitPrice": "$40.33 / 1KG"
    },
    {
        "category": "meat-seafood-deli",
        "href": "https://www.woolworths.com.au/shop/productdetails/639493/igor-gorgonzola-piccante",
        "imgName": "639493.jpg",
        "imgSrc": "https://cdn0.woolworths.media/content/wowproductimages/medium/639493.jpg",
        "name": "Igor Gorgonzola Piccante  150g",
        "price": 7.25,
        "unitPrice": "$48.33 / 1KG"
    },
    {
        "category": "meat-seafood-deli",
        "href": "https://www.woolworths.com.au/shop/productdetails/331683/the-margaret-river-dairy-company-original-club-cheddar-cheese",
        "imgName": "331683.jpg",
        "imgSrc": "https://cdn0.woolworths.media/content/wowproductimages/medium/331683.jpg",
        "name": "The Margaret River Dairy Company Original Club Cheddar Cheese 150g",
        "price": 6.05,
        "unitPrice": "$40.33 / 1KG"
    },
    {
        "category": "meat-seafood-deli",
        "href": "https://www.woolworths.com.au/shop/productdetails/764903/msa-beef-rump-steak-1-2-pieces",
        "imgName": "764903.jpg",
        "imgSrc": "https://cdn0.woolworths.media/content/wowproductimages/medium/764903.jpg",
        "name": "Msa Beef Rump Steak 1-2 Pieces min. 550g"
    },
    {
        "category": "meat-seafood-deli",
        "href": "https://www.woolworths.com.au/shop/productdetails/758046/simmone-logue-chucky-beef-pies-chunky-beef",
        "imgName": "758046.jpg",
        "imgSrc": "https://cdn0.woolworths.media/content/wowproductimages/medium/758046.jpg",
        "name": "Simmone Logue Chucky Beef Pies Chunky Beef 12pk",
        "price": 15.8,
        "unitPrice": "$1.76 / 100G"
    },
    {
        "category": "meat-seafood-deli",
        "href": "https://www.woolworths.com.au/shop/productdetails/369761/singletons-black-wax-cheddar-cheese",
        "imgName": "369761.jpg",
        "imgSrc": "https://cdn0.woolworths.media/content/wowproductimages/medium/369761.jpg",
        "name": "Singletons Black Wax Cheddar Cheese per kg",
        "price": 53,
        "unitPrice": "$53.00 / 1KG"
    },
    {
        "category": "meat-seafood-deli",
        "href": "https://www.woolworths.com.au/shop/productdetails/331721/king-island-smoked-cheddar-cheese",
        "imgName": "331721.jpg",
        "imgSrc": "https://cdn0.woolworths.media/content/wowproductimages/medium/331721.jpg",
        "name": "King Island Smoked Cheddar Cheese 170g",
        "price": 8.79,
        "unitPrice": "$51.71 / 1KG"
    },
    {
        "category": "meat-seafood-deli",
        "href": "https://www.woolworths.com.au/shop/productdetails/330226/meredith-chevre-ash-cheese",
        "imgName": "330226.jpg",
        "imgSrc": "https://cdn0.woolworths.media/content/wowproductimages/medium/330226.jpg",
        "name": "Meredith Chevre Ash Cheese 150g",
        "price": 8.99,
        "unitPrice": "$59.93 / 1KG"
    },
    {
        "category": "meat-seafood-deli",
        "href": "https://www.woolworths.com.au/shop/productdetails/600802/luv-a-duck-korean-styled-bao-kit",
        "imgName": "600802.jpg",
        "imgSrc": "https://cdn0.woolworths.media/content/wowproductimages/medium/600802.jpg",
        "name": "Luv A Duck Korean Styled Bao Kit each",
        "price": 19.49,
        "unitPrice": "$19.49 / 1EA"
    },
    {
        "category": "meat-seafood-deli",
        "href": "https://www.woolworths.com.au/shop/productdetails/729889/tassal-smoked-salmon-salt-reduced",
        "imgName": "729889.jpg",
        "imgSrc": "https://cdn0.woolworths.media/content/wowproductimages/medium/729889.jpg",
        "name": "Tassal Smoked Salmon Salt Reduced 90g",
        "price": 7,
        "unitPrice": "$77.78 / 1KG"
    },
    {
        "category": "meat-seafood-deli",
        "href": "https://www.woolworths.com.au/shop/productdetails/193623/ingham-s-turkey-sliced-breast-swtherb-mustard",
        "imgName": "193623.jpg",
        "imgSrc": "https://cdn0.woolworths.media/content/wowproductimages/medium/193623.jpg",
        "name": "Ingham's Turkey Sliced Breast Swtherb Mustard per kg",
        "price": 30,
        "unitPrice": "$30.00 / 1KG"
    },
    {
        "category": "meat-seafood-deli",
        "href": "https://www.woolworths.com.au/shop/productdetails/756620/woolworths-hot-smoked-salmon-natural",
        "imgName": "756620.jpg",
        "imgSrc": "https://cdn0.woolworths.media/content/wowproductimages/medium/756620.jpg",
        "name": "Woolworths Hot Smoked Salmon Natural 150g",
        "price": 6.5,
        "unitPrice": "$43.33 / 1KG"
    },
    {
        "category": "meat-seafood-deli",
        "href": "https://www.woolworths.com.au/shop/productdetails/334763/primo-cabanossi-sliced",
        "imgName": "334763.jpg",
        "imgSrc": "https://cdn0.woolworths.media/content/wowproductimages/medium/334763.jpg",
        "name": "Primo Cabanossi Sliced 200g",
        "price": 4.5,
        "unitPrice": "$22.50 / 1KG"
    },
    {
        "category": "meat-seafood-deli",
        "href": "https://www.woolworths.com.au/shop/productdetails/758089/d-orsogna-deli-fresh-ham-double-smoked",
        "imgName": "758089.jpg",
        "imgSrc": "https://cdn0.woolworths.media/content/wowproductimages/medium/758089.jpg",
        "name": "D'orsogna Deli Fresh Ham Double Smoked 100g",
        "price": 3.5,
        "unitPrice": "$35.00 / 1KG"
    },
    {
        "category": "meat-seafood-deli",
        "href": "https://www.woolworths.com.au/shop/productdetails/33857/ingham-s-roll-chicken",
        "imgName": "033857.jpg",
        "imgSrc": "https://cdn0.woolworths.media/content/wowproductimages/medium/033857.jpg",
        "name": "Ingham's Roll Chicken 250g",
        "price": 3.5,
        "unitPrice": "$14.00 / 1KG"
    },
    {
        "category": "meat-seafood-deli",
        "href": "https://www.woolworths.com.au/shop/productdetails/218142/south-cape-classic-persian-fetta",
        "imgName": "218142.jpg",
        "imgSrc": "https://cdn0.woolworths.media/content/wowproductimages/medium/218142.jpg",
        "name": "South Cape Classic Persian Fetta 180g",
        "price": 9.3,
        "unitPrice": "$51.67 / 1KG"
    },
    {
        "category": "meat-seafood-deli",
        "href": "https://www.woolworths.com.au/shop/productdetails/345337/tassal-salmon-for-cooking",
        "imgName": "345337.jpg",
        "imgSrc": "https://cdn0.woolworths.media/content/wowproductimages/medium/345337.jpg",
        "name": "Tassal Salmon For Cooking 200g",
        "price": 6,
        "unitPrice": "$30.00 / 1KG"
    },
    {
        "category": "meat-seafood-deli",
        "href": "https://www.woolworths.com.au/shop/productdetails/729028/woolworths-tasty-cheese-slices",
        "imgName": "729028.jpg",
        "imgSrc": "https://cdn0.woolworths.media/content/wowproductimages/medium/729028.jpg",
        "name": "Woolworths Tasty Cheese Slices  750g",
        "price": 8.5,
        "unitPrice": "$11.33 / 1KG"
    },
    {
        "category": "meat-seafood-deli",
        "href": "https://www.woolworths.com.au/shop/productdetails/658583/don-all-natural-honey-sliced-leg-ham",
        "imgName": "658583.jpg",
        "imgSrc": "https://cdn0.woolworths.media/content/wowproductimages/medium/658583.jpg",
        "name": "Don All Natural Honey Sliced Leg Ham 100g",
        "price": 3.5,
        "unitPrice": "$35.00 / 1KG"
    },
    {
        "category": "meat-seafood-deli",
        "href": "https://www.woolworths.com.au/shop/productdetails/708231/geoff-jansz-marinated-danish-fetta-cheese",
        "imgName": "708231.jpg",
        "imgSrc": "https://cdn0.woolworths.media/content/wowproductimages/medium/708231.jpg",
        "name": "Geoff Jansz Marinated Danish Fetta Cheese 320g",
        "price": 7.5,
        "unitPrice": "$23.44 / 1KG"
    },
    {
        "category": "meat-seafood-deli",
        "href": "https://www.woolworths.com.au/shop/productdetails/715920/msa-australian-beef-roast-pepper",
        "imgName": "715920.jpg",
        "imgSrc": "https://cdn0.woolworths.media/content/wowproductimages/medium/715920.jpg",
        "name": "Msa Australian Beef Roast Pepper min. 770g",
        "price": 13.08,
        "unitPrice": "$16.99 / 1KG"
    },
    {
        "category": "meat-seafood-deli",
        "href": "https://www.woolworths.com.au/shop/productdetails/229325/macro-organic-chicken-wings",
        "imgName": "229325.jpg",
        "imgSrc": "https://cdn0.woolworths.media/content/wowproductimages/medium/229325.jpg",
        "name": "Macro Organic Chicken Wings min. 390g",
        "price": 2.93,
        "unitPrice": "$7.50 / 1KG"
    },
    {
        "category": "meat-seafood-deli",
        "href": "https://www.woolworths.com.au/shop/productdetails/375692/mamma-lucia-cherrie-bocconcini",
        "imgName": "375692.jpg",
        "imgSrc": "https://cdn0.woolworths.media/content/wowproductimages/medium/375692.jpg",
        "name": "Mamma Lucia Cherrie Bocconcini 180g"
    },
    {
        "category": "meat-seafood-deli",
        "href": "https://www.woolworths.com.au/shop/productdetails/360563/australian-chicken-mince",
        "imgName": "360563.jpg",
        "imgSrc": "https://cdn0.woolworths.media/content/wowproductimages/medium/360563.jpg",
        "name": "Australian Chicken Mince 500g",
        "price": 6,
        "unitPrice": "$12.00 / 1KG"
    },
    {
        "category": "meat-seafood-deli",
        "href": "https://www.woolworths.com.au/shop/productdetails/428204/woolworths-simply-heat-slow-cooked-beef-with-onion-gravy",
        "imgName": "428204.jpg",
        "imgSrc": "https://cdn0.woolworths.media/content/wowproductimages/medium/428204.jpg",
        "name": "Woolworths Simply Heat Slow Cooked Beef With Onion & Gravy 500g",
        "price": 10,
        "unitPrice": "$20.00 / 1KG"
    },
    {
        "category": "meat-seafood-deli",
        "href": "https://www.woolworths.com.au/shop/productdetails/485598/lemnos-cheese-fetta",
        "imgName": "485598.jpg",
        "imgSrc": "https://cdn0.woolworths.media/content/wowproductimages/medium/485598.jpg",
        "name": "Lemnos Cheese Fetta 2 pk 200g",
        "price": 6.49,
        "unitPrice": "$32.45 / 1KG"
    },
    {
        "category": "meat-seafood-deli",
        "href": "https://www.woolworths.com.au/shop/productdetails/312704/south-cape-mini-brie-cheese-wheel",
        "imgName": "312704.jpg",
        "imgSrc": "https://cdn0.woolworths.media/content/wowproductimages/medium/312704.jpg",
        "name": "South Cape Mini Brie Cheese Wheel 125g",
        "price": 5.3,
        "unitPrice": "$42.40 / 1KG"
    },
    {
        "category": "meat-seafood-deli",
        "href": "https://www.woolworths.com.au/shop/productdetails/434114/d-orsogna-100-natural-premium-unsmoked-sliced-ham",
        "imgName": "434114.jpg",
        "imgSrc": "https://cdn0.woolworths.media/content/wowproductimages/medium/434114.jpg",
        "name": "D'orsogna 100% Natural Premium Unsmoked Sliced Ham 200g",
        "price": 6,
        "unitPrice": "$30.00 / 1KG"
    },
    {
        "category": "meat-seafood-deli",
        "href": "https://www.woolworths.com.au/shop/productdetails/503035/woolworths-chicken-sausages-chives-thyme-rosemary",
        "imgName": "503035.jpg",
        "imgSrc": "https://cdn0.woolworths.media/content/wowproductimages/medium/503035.jpg",
        "name": "Woolworths Chicken Sausages Chives Thyme & Rosemary 500g",
        "price": 7.5,
        "unitPrice": "$15.00 / 1KG"
    },
    {
        "category": "meat-seafood-deli",
        "href": "https://www.woolworths.com.au/shop/productdetails/708656/woolworths-simply-beef-burrito",
        "imgName": "708656.jpg",
        "imgSrc": "https://cdn0.woolworths.media/content/wowproductimages/medium/708656.jpg",
        "name": "Woolworths Simply Beef Burrito 500g",
        "price": 7,
        "unitPrice": "$14.00 / 1KG"
    },
    {
        "category": "meat-seafood-deli",
        "href": "https://www.woolworths.com.au/shop/productdetails/187852/woolworths-pickled-pork-roast",
        "imgName": "187852.jpg",
        "imgSrc": "https://cdn0.woolworths.media/content/wowproductimages/medium/187852.jpg",
        "name": "Woolworths Pickled Pork Roast  min. 1.1kg",
        "price": 14.29,
        "unitPrice": "$12.99 / 1KG"
    },
    {
        "category": "meat-seafood-deli",
        "href": "https://www.woolworths.com.au/shop/productdetails/208978/veal-schnitzel-steak-heart-smart",
        "imgName": "208978.jpg",
        "imgSrc": "https://cdn0.woolworths.media/content/wowproductimages/medium/208978.jpg",
        "name": "Veal Schnitzel Steak Heart Smart min. 400g",
        "price": 9.6,
        "unitPrice": "$23.99 / 1KG"
    },
    {
        "category": "meat-seafood-deli",
        "href": "https://www.woolworths.com.au/shop/productdetails/23173/rspca-approved-chicken-wings-three-joint",
        "imgName": "023173.jpg",
        "imgSrc": "https://cdn0.woolworths.media/content/wowproductimages/medium/023173.jpg",
        "name": "Rspca Approved Chicken Wings Three Joint per kg",
        "price": 4,
        "unitPrice": "$4.00 / 1KG"
    },
    {
        "category": "meat-seafood-deli",
        "href": "https://www.woolworths.com.au/shop/productdetails/317090/steggles-pastry-chicken-enchilada-mexican",
        "imgName": "317090.jpg",
        "imgSrc": "https://cdn0.woolworths.media/content/wowproductimages/medium/317090.jpg",
        "name": "Steggles Pastry Chicken Enchilada Mexican 500g",
        "price": 8,
        "unitPrice": "$16.00 / 1KG"
    },
    {
        "category": "meat-seafood-deli",
        "href": "https://www.woolworths.com.au/shop/productdetails/351196/chicken-schnitzel-crumbed",
        "imgName": "351196.jpg",
        "imgSrc": "https://cdn0.woolworths.media/content/wowproductimages/medium/351196.jpg",
        "name": "Chicken Schnitzel Crumbed  each",
        "price": 2.5,
        "unitPrice": "$2.50 / 1EA"
    },
    {
        "category": "meat-seafood-deli",
        "href": "https://www.woolworths.com.au/shop/productdetails/380653/bruemar-pork-cutlets-with-a-mediterranean-glaze",
        "imgName": "380653.jpg",
        "imgSrc": "https://cdn0.woolworths.media/content/wowproductimages/medium/380653.jpg",
        "name": "Bruemar Pork Cutlets With A Mediterranean Glaze min. 440g",
        "price": 10.12,
        "unitPrice": "$22.99 / 1KG"
    },
    {
        "category": "meat-seafood-deli",
        "href": "https://www.woolworths.com.au/shop/productdetails/407058/decosti-cooked-prawns-peeled-with-cocktail-sauce",
        "imgName": "407058.jpg",
        "imgSrc": "https://cdn0.woolworths.media/content/wowproductimages/medium/407058.jpg",
        "name": "Decosti Cooked Prawns Peeled With Cocktail Sauce 260g",
        "price": 11,
        "unitPrice": "$42.31 / 1KG"
    },
    {
        "category": "meat-seafood-deli",
        "href": "https://www.woolworths.com.au/shop/productdetails/523932/top-table-wagyu-beef-sausage",
        "imgName": "523932.jpg",
        "imgSrc": "https://cdn0.woolworths.media/content/wowproductimages/medium/523932.jpg",
        "name": "Top Table Wagyu Beef Sausage  450g",
        "price": 8,
        "unitPrice": "$17.78 / 1KG"
    },
    {
        "category": "meat-seafood-deli",
        "href": "https://www.woolworths.com.au/shop/productdetails/607573/ingham-s-roast-in-a-bag-garlic-butter",
        "imgName": "607573.jpg",
        "imgSrc": "https://cdn0.woolworths.media/content/wowproductimages/medium/607573.jpg",
        "name": "Ingham's Roast In A Bag Garlic Butter min. 1.5kg",
        "price": 11.99,
        "unitPrice": "$7.99 / 1KG"
    },
    {
        "category": "meat-seafood-deli",
        "href": "https://www.woolworths.com.au/shop/productdetails/660438/four-brothers-beef-rump-steak",
        "imgName": "660438.jpg",
        "imgSrc": "https://cdn0.woolworths.media/content/wowproductimages/medium/660438.jpg",
        "name": "Four Brothers Beef Rump Steak  min. 1kg",
        "price": 16,
        "unitPrice": "$16.00 / 1KG"
    },
    {
        "category": "meat-seafood-deli",
        "href": "https://www.woolworths.com.au/shop/productdetails/666558/veal-pork-mince",
        "imgName": "666558.jpg",
        "imgSrc": "https://cdn0.woolworths.media/content/wowproductimages/medium/666558.jpg",
        "name": "Veal & Pork Mince  500g",
        "price": 6.5,
        "unitPrice": "$13.00 / 1KG"
    },
    {
        "category": "meat-seafood-deli",
        "href": "https://www.woolworths.com.au/shop/productdetails/712268/woolworths-simply-cook-chicken-kebabs-with-sweet-chilli-lime",
        "imgName": "712268.jpg",
        "imgSrc": "https://cdn0.woolworths.media/content/wowproductimages/medium/712268.jpg",
        "name": "Woolworths Simply Cook Chicken Kebabs With Sweet Chilli & Lime 375g",
        "price": 6.5,
        "unitPrice": "$17.33 / 1KG"
    },
    {
        "category": "meat-seafood-deli",
        "href": "https://www.woolworths.com.au/shop/productdetails/730060/woolworths-extra-tasty-cheese-slices",
        "imgName": "730060.jpg",
        "imgSrc": "https://cdn0.woolworths.media/content/wowproductimages/medium/730060.jpg",
        "name": "Woolworths Extra Tasty Cheese Slices 36pk 750g",
        "price": 8.5,
        "unitPrice": "$11.33 / 1KG"
    },
    {
        "category": "meat-seafood-deli",
        "href": "https://www.woolworths.com.au/shop/productdetails/752004/woolworths-australian-veal-mignon-with-mushroom-butter",
        "imgName": "752004.jpg",
        "imgSrc": "https://cdn0.woolworths.media/content/wowproductimages/medium/752004.jpg",
        "name": "Woolworths Australian Veal Mignon With Mushroom Butter min. 250g",
        "price": 5.25,
        "unitPrice": "$20.99 / 1KG"
    },
    {
        "category": "meat-seafood-deli",
        "href": "https://www.woolworths.com.au/shop/productdetails/759912/chicken-hearts",
        "imgName": "759912.jpg",
        "imgSrc": "https://cdn0.woolworths.media/content/wowproductimages/medium/759912.jpg",
        "name": "Chicken Hearts  500g",
        "price": 2.5,
        "unitPrice": "$5.00 / 1KG"
    },
    {
        "category": "meat-seafood-deli",
        "href": "https://www.woolworths.com.au/shop/productdetails/764500/pork-leg-roast-bone-in",
        "imgName": "764500.jpg",
        "imgSrc": "https://cdn0.woolworths.media/content/wowproductimages/medium/764500.jpg",
        "name": "Pork Leg Roast Bone In min. 2.6kg",
        "price": 18.2,
        "unitPrice": "$7.00 / 1KG"
    },
    {
        "category": "meat-seafood-deli",
        "href": "https://www.woolworths.com.au/shop/productdetails/769243/woolworths-chicken-kiev-garlic",
        "imgName": "769243.jpg",
        "imgSrc": "https://cdn0.woolworths.media/content/wowproductimages/medium/769243.jpg",
        "name": "Woolworths Chicken Kiev Garlic each"
    },
    {
        "category": "meat-seafood-deli",
        "href": "https://www.woolworths.com.au/shop/productdetails/770216/macro-free-range-breast-chicken-schnitzel",
        "imgName": "770216.jpg",
        "imgSrc": "https://cdn0.woolworths.media/content/wowproductimages/medium/770216.jpg",
        "name": "Macro Free Range Breast Chicken Schnitzel min. 500g",
        "price": 9,
        "unitPrice": "$17.99 / 1KG"
    },
    {
        "category": "meat-seafood-deli",
        "href": "https://www.woolworths.com.au/shop/productdetails/77038/rspca-approved-chicken-thigh-fillet",
        "imgName": "077038.jpg",
        "imgSrc": "https://cdn0.woolworths.media/content/wowproductimages/medium/077038.jpg",
        "name": "Rspca Approved Chicken Thigh Fillet per kg",
        "price": 10,
        "unitPrice": "$10.00 / 1KG"
    },
    {
        "category": "meat-seafood-deli",
        "href": "https://www.woolworths.com.au/shop/productdetails/799041/woolworths-lamb-eye-of-loin",
        "imgName": "799041.jpg",
        "imgSrc": "https://cdn0.woolworths.media/content/wowproductimages/medium/799041.jpg",
        "name": "Woolworths Lamb Eye Of Loin min. 250g",
        "price": 11,
        "unitPrice": "$43.99 / 1KG"
    },
    {
        "category": "meat-seafood-deli",
        "href": "https://www.woolworths.com.au/shop/productdetails/84045/australian-fresh-snapper-saddletail-fillets",
        "imgName": "084045.jpg",
        "imgSrc": "https://cdn0.woolworths.media/content/wowproductimages/medium/084045.jpg",
        "name": "Australian Fresh Snapper Saddletail Fillets per kg",
        "price": 32,
        "unitPrice": "$32.00 / 1KG"
    },
    {
        "category": "meat-seafood-deli",
        "href": "https://www.woolworths.com.au/shop/productdetails/888318/ingham-diced-chicken-breast",
        "imgName": "888318.jpg",
        "imgSrc": "https://cdn0.woolworths.media/content/wowproductimages/medium/888318.jpg",
        "name": "Ingham Diced Chicken Breast  min. 900g",
        "price": 10.8,
        "unitPrice": "$12.00 / 1KG"
    },
    {
        "category": "meat-seafood-deli",
        "href": "https://www.woolworths.com.au/shop/productdetails/99446/hawken-vegie-burger",
        "imgName": "099446.jpg",
        "imgSrc": "https://cdn0.woolworths.media/content/wowproductimages/medium/099446.jpg",
        "name": "Hawken Vegie Burger  each",
        "price": 1.99,
        "unitPrice": "$1.99 / 1EA"
    },
    {
        "category": "meat-seafood-deli",
        "href": "https://www.woolworths.com.au/shop/productdetails/209439/pork-fillet-steak-heart-smart",
        "imgName": "209439.jpg",
        "imgSrc": "https://cdn0.woolworths.media/content/wowproductimages/medium/209439.jpg",
        "name": "Pork Fillet Steak Heart Smart min. 350g",
        "price": 11.2,
        "unitPrice": "$31.99 / 1KG"
    },
    {
        "category": "meat-seafood-deli",
        "href": "https://www.woolworths.com.au/shop/productdetails/182723/jarlsberg-cheese-loaf-cheese-loaf",
        "imgName": "182723.jpg",
        "imgSrc": "https://cdn0.woolworths.media/content/wowproductimages/medium/182723.jpg",
        "name": "Jarlsberg Cheese Loaf Cheese Loaf each",
        "price": 22,
        "unitPrice": "$22.00 / 1KG"
    },
    {
        "category": "meat-seafood-deli",
        "href": "https://www.woolworths.com.au/shop/productdetails/221236/beef-offal-tail",
        "imgName": "221236.jpg",
        "imgSrc": "https://cdn0.woolworths.media/content/wowproductimages/medium/221236.jpg",
        "name": "Beef Offal Tail min. 600g",
        "price": 7.79,
        "unitPrice": "$12.99 / 1KG"
    },
    {
        "category": "meat-seafood-deli",
        "href": "https://www.woolworths.com.au/shop/productdetails/250449/woolworths-simply-roast-beef-marinated-in-a-classic-herb-mix",
        "imgName": "250449.jpg",
        "imgSrc": "https://cdn0.woolworths.media/content/wowproductimages/medium/250449.jpg",
        "name": "Woolworths Simply Roast Beef Marinated In A Classic Herb Mix min. 1.07kg",
        "price": 16.57,
        "unitPrice": "$15.49 / 1KG"
    },
    {
        "category": "meat-seafood-deli",
        "href": "https://www.woolworths.com.au/shop/productdetails/252570/kebia-bulgarian-fetta-cheese",
        "imgName": "252570.jpg",
        "imgSrc": "https://cdn0.woolworths.media/content/wowproductimages/medium/252570.jpg",
        "name": "Kebia Bulgarian Fetta Cheese 450g",
        "price": 8.99,
        "unitPrice": "$19.98 / 1KG"
    },
    {
        "category": "meat-seafood-deli",
        "href": "https://www.woolworths.com.au/shop/productdetails/311660/aussie-country-style-burger",
        "imgName": "311660.jpg",
        "imgSrc": "https://cdn0.woolworths.media/content/wowproductimages/medium/311660.jpg",
        "name": "Aussie Country Style Burger  500g",
        "price": 5,
        "unitPrice": "$10.00 / 1KG"
    },
    {
        "category": "meat-seafood-deli",
        "href": "https://www.woolworths.com.au/shop/productdetails/320195/mission-wraps-mini-original",
        "imgName": "320195.jpg",
        "imgSrc": "https://cdn0.woolworths.media/content/wowproductimages/medium/320195.jpg",
        "name": "Mission Wraps Mini Original 8pk 384g",
        "price": 4.79,
        "unitPrice": "$1.25 / 100G"
    },
    {
        "category": "meat-seafood-deli",
        "href": "https://www.woolworths.com.au/shop/productdetails/328044/primo-speck-portion",
        "imgName": "328044.jpg",
        "imgSrc": "https://cdn0.woolworths.media/content/wowproductimages/medium/328044.jpg",
        "name": "Primo Speck Portion min. 380g",
        "price": 9.19,
        "unitPrice": "$24.19 / 1KG"
    },
    {
        "category": "meat-seafood-deli",
        "href": "https://www.woolworths.com.au/shop/productdetails/346545/australian-pork-mince-heart-smart",
        "imgName": "346545.jpg",
        "imgSrc": "https://cdn0.woolworths.media/content/wowproductimages/medium/346545.jpg",
        "name": "Australian Pork Mince Heart Smart min. 500g",
        "price": 7,
        "unitPrice": "$14.00 / 1KG"
    },
    {
        "category": "meat-seafood-deli",
        "href": "https://www.woolworths.com.au/shop/productdetails/352931/bertocchi-premium-boneless-leg-ham-sliced",
        "imgName": "352931.jpg",
        "imgSrc": "https://cdn0.woolworths.media/content/wowproductimages/medium/352931.jpg",
        "name": "Bertocchi Premium Boneless Leg Ham Sliced per kg",
        "price": 24,
        "unitPrice": "$24.00 / 1KG"
    },
    {
        "category": "meat-seafood-deli",
        "href": "https://www.woolworths.com.au/shop/productdetails/345700/don-kransky-plain",
        "imgName": "345700.jpg",
        "imgSrc": "https://cdn0.woolworths.media/content/wowproductimages/medium/345700.jpg",
        "name": "Don Kransky Plain 300g",
        "price": 7.39,
        "unitPrice": "$24.63 / 1KG"
    },
    {
        "category": "meat-seafood-deli",
        "href": "https://www.woolworths.com.au/shop/productdetails/369960/frico-maasdam-shaved-cheese",
        "imgName": "369960.jpg",
        "imgSrc": "https://cdn0.woolworths.media/content/wowproductimages/medium/369960.jpg",
        "name": "Frico Maasdam Shaved Cheese per kg",
        "price": 19.98,
        "unitPrice": "$19.98 / 1KG"
    },
    {
        "category": "meat-seafood-deli",
        "href": "https://www.woolworths.com.au/shop/productdetails/445351/woolworths-crumbed-prawn-cutlets",
        "imgName": "445351.jpg",
        "imgSrc": "https://cdn0.woolworths.media/content/wowproductimages/medium/445351.jpg",
        "name": "Woolworths Crumbed Prawn Cutlets  500g",
        "price": 10,
        "unitPrice": "$20.00 / 1KG"
    },
    {
        "category": "meat-seafood-deli",
        "href": "https://www.woolworths.com.au/shop/productdetails/470962/sunpork-case-bacon-hock",
        "imgName": "470962.jpg",
        "imgSrc": "https://cdn0.woolworths.media/content/wowproductimages/medium/470962.jpg",
        "name": "Sunpork Case Bacon Hock  min. 550g",
        "price": 6.05,
        "unitPrice": "$11.00 / 1KG"
    },
    {
        "category": "meat-seafood-deli",
        "href": "https://www.woolworths.com.au/shop/productdetails/433191/chicken-schnitzel-parmi-crumbed",
        "imgName": "433191.jpg",
        "imgSrc": "https://cdn0.woolworths.media/content/wowproductimages/medium/433191.jpg",
        "name": "Chicken Schnitzel Parmi Crumbed each",
        "price": 2.5,
        "unitPrice": "$2.50 / 1EA"
    },
    {
        "category": "meat-seafood-deli",
        "href": "https://www.woolworths.com.au/shop/productdetails/453301/woolworths-natural-tasty-cheese-crackers-light",
        "imgName": "453301.jpg",
        "imgSrc": "https://cdn0.woolworths.media/content/wowproductimages/medium/453301.jpg",
        "name": "Woolworths Natural Tasty Cheese & Crackers Light 1pk 50g",
        "price": 1.6,
        "unitPrice": "$32.00 / 1KG"
    },
    {
        "category": "meat-seafood-deli",
        "href": "https://www.woolworths.com.au/shop/productdetails/642962/woolworths-flat-iron-steak",
        "imgName": "642962.jpg",
        "imgSrc": "https://cdn0.woolworths.media/content/wowproductimages/medium/642962.jpg",
        "name": "Woolworths Flat Iron Steak min. 250g",
        "price": 6.5,
        "unitPrice": "$26.00 / 1KG"
    },
    {
        "category": "meat-seafood-deli",
        "href": "https://www.woolworths.com.au/shop/productdetails/642963/woolworths-simply-bbq-south-american-style-beef-rump",
        "imgName": "642963.jpg",
        "imgSrc": "https://cdn0.woolworths.media/content/wowproductimages/medium/642963.jpg",
        "name": "Woolworths Simply Bbq South American Style Beef Rump min. 750g",
        "price": 12.75,
        "unitPrice": "$17.00 / 1KG"
    },
    {
        "category": "meat-seafood-deli",
        "href": "https://www.woolworths.com.au/shop/productdetails/634323/woolworths-simply-roast-thai-pork-pieces",
        "imgName": "634323.jpg",
        "imgSrc": "https://cdn0.woolworths.media/content/wowproductimages/medium/634323.jpg",
        "name": "Woolworths Simply Roast Thai Pork Pieces min. 700g",
        "price": 11.9,
        "unitPrice": "$17.00 / 1KG"
    },
    {
        "category": "meat-seafood-deli",
        "href": "https://www.woolworths.com.au/shop/productdetails/702460/luv-a-duck-fresh-fillets",
        "imgName": "702460.jpg",
        "imgSrc": "https://cdn0.woolworths.media/content/wowproductimages/medium/702460.jpg",
        "name": "Luv A Duck Fresh Fillets min. 380g",
        "price": 14.82,
        "unitPrice": "$38.99 / 1KG"
    },
    {
        "category": "meat-seafood-deli",
        "href": "https://www.woolworths.com.au/shop/productdetails/703321/ocean-blue-ocean-trout-natural",
        "imgName": "703321.jpg",
        "imgSrc": "https://cdn0.woolworths.media/content/wowproductimages/medium/703321.jpg",
        "name": "Ocean Blue Ocean Trout Natural 100g",
        "price": 6,
        "unitPrice": "$60.00 / 1KG"
    },
    {
        "category": "meat-seafood-deli",
        "href": "https://www.woolworths.com.au/shop/productdetails/708457/smoked-rainbow-trout-hot-smoked",
        "imgName": "708457.jpg",
        "imgSrc": "https://cdn0.woolworths.media/content/wowproductimages/medium/708457.jpg",
        "name": "Smoked Rainbow Trout Hot Smoked 350g",
        "price": 10,
        "unitPrice": "$28.57 / 1KG"
    },
    {
        "category": "meat-seafood-deli",
        "href": "https://www.woolworths.com.au/shop/productdetails/730850/don-salami-sliced-pepperoni",
        "imgName": "730850.jpg",
        "imgSrc": "https://cdn0.woolworths.media/content/wowproductimages/medium/730850.jpg",
        "name": "Don Salami Sliced Pepperoni 100g",
        "price": 4,
        "unitPrice": "$40.00 / 1KG"
    },
    {
        "category": "meat-seafood-deli",
        "href": "https://www.woolworths.com.au/shop/productdetails/751148/mon-ami-french-camembert-cheese",
        "imgName": "751148.jpg",
        "imgSrc": "https://cdn0.woolworths.media/content/wowproductimages/medium/751148.jpg",
        "name": "Mon Ami French Camembert Cheese 200g",
        "price": 5.78,
        "unitPrice": "$28.90 / 1KG"
    },
    {
        "category": "meat-seafood-deli",
        "href": "https://www.woolworths.com.au/shop/productdetails/865128/beak-sons-gourmet-chicken-with-mushroom-sausages",
        "imgName": "865128.jpg",
        "imgSrc": "https://cdn0.woolworths.media/content/wowproductimages/medium/865128.jpg",
        "name": "Beak & Sons Gourmet Chicken With Mushroom Sausages 500g",
        "price": 7.5,
        "unitPrice": "$15.00 / 1KG"
    },
    {
        "category": "meat-seafood-deli",
        "href": "https://www.woolworths.com.au/shop/productdetails/865155/beak-sons-gourmet-pork-sausages",
        "imgName": "865155.jpg",
        "imgSrc": "https://cdn0.woolworths.media/content/wowproductimages/medium/865155.jpg",
        "name": "Beak & Sons Gourmet Pork Sausages 500g",
        "price": 7.5,
        "unitPrice": "$15.00 / 1KG"
    },
    {
        "category": "meat-seafood-deli",
        "href": "https://www.woolworths.com.au/shop/productdetails/937558/primo-diced-bacon",
        "imgName": "937558.jpg",
        "imgSrc": "https://cdn0.woolworths.media/content/wowproductimages/medium/937558.jpg",
        "name": "Primo Diced Bacon  per kg",
        "price": 13,
        "unitPrice": "$13.00 / 1KG"
    },
    {
        "category": "meat-seafood-deli",
        "href": "https://www.woolworths.com.au/shop/productdetails/657081/farm-food-butchers-peppered-beef-steakettes",
        "imgName": "657081.jpg",
        "imgSrc": "https://cdn0.woolworths.media/content/wowproductimages/medium/657081.jpg",
        "name": "Farm Food Butchers Peppered Beef Steakettes 400g",
        "price": 7,
        "unitPrice": "$17.50 / 1KG"
    },
    {
        "category": "meat-seafood-deli",
        "href": "https://www.woolworths.com.au/shop/productdetails/662909/woolworths-greek-salad",
        "imgName": "662909.jpg",
        "imgSrc": "https://cdn0.woolworths.media/content/wowproductimages/medium/662909.jpg",
        "name": "Woolworths Greek Salad per kg",
        "price": 11,
        "unitPrice": "$11.00 / 1KG"
    },
    {
        "category": "meat-seafood-deli",
        "href": "https://www.woolworths.com.au/shop/productdetails/658539/don-premium-double-smoked-pan-size-bacon",
        "imgName": "658539.jpg",
        "imgSrc": "https://cdn0.woolworths.media/content/wowproductimages/medium/658539.jpg",
        "name": "Don Premium Double Smoked Pan Size Bacon 200g",
        "price": 5,
        "unitPrice": "$25.00 / 1KG"
    },
    {
        "category": "meat-seafood-deli",
        "href": "https://www.woolworths.com.au/shop/productdetails/476704/woolworths-tuna-tomato-basil",
        "imgName": "476704.jpg",
        "imgSrc": "https://cdn0.woolworths.media/content/wowproductimages/medium/476704.jpg",
        "name": "Woolworths Tuna Tomato & Basil 95g",
        "price": 0.9,
        "unitPrice": "$9.47 / 1KG"
    },
    {
        "category": "meat-seafood-deli",
        "href": "https://www.woolworths.com.au/shop/productdetails/659994/primo-premium-selections-pepper-crusted-roast-pork",
        "imgName": "659994.jpg",
        "imgSrc": "https://cdn0.woolworths.media/content/wowproductimages/medium/659994.jpg",
        "name": "Primo Premium Selections Pepper Crusted Roast Pork 80g",
        "price": 4,
        "unitPrice": "$50.00 / 1KG"
    },
    {
        "category": "meat-seafood-deli",
        "href": "https://www.woolworths.com.au/shop/productdetails/521772/ixl-raspberry-jam",
        "imgName": "521772.jpg",
        "imgSrc": "https://cdn0.woolworths.media/content/wowproductimages/medium/521772.jpg",
        "name": "Ixl Raspberry Jam 480g",
        "price": 3.5,
        "unitPrice": "$0.73 / 100G"
    },
    {
        "category": "meat-seafood-deli",
        "href": "https://www.woolworths.com.au/shop/productdetails/636941/riverina-haloumi-with-chilli",
        "imgName": "636941.jpg",
        "imgSrc": "https://cdn0.woolworths.media/content/wowproductimages/medium/636941.jpg",
        "name": "Riverina Haloumi With Chilli 180g",
        "price": 6,
        "unitPrice": "$33.33 / 1KG"
    },
    {
        "category": "meat-seafood-deli",
        "href": "https://www.woolworths.com.au/shop/productdetails/521767/ixl-apricot-jam",
        "imgName": "521767.jpg",
        "imgSrc": "https://cdn0.woolworths.media/content/wowproductimages/medium/521767.jpg",
        "name": "Ixl Apricot Jam  480g",
        "price": 3.5,
        "unitPrice": "$0.73 / 100G"
    },
    {
        "category": "meat-seafood-deli",
        "href": "https://www.woolworths.com.au/shop/productdetails/662920/woolworths-chicken-cous-cous-salad",
        "imgName": "662920.jpg",
        "imgSrc": "https://cdn0.woolworths.media/content/wowproductimages/medium/662920.jpg",
        "name": "Woolworths Chicken Cous Cous Salad per kg",
        "price": 11,
        "unitPrice": "$11.00 / 1KG"
    },
    {
        "category": "meat-seafood-deli",
        "href": "https://www.woolworths.com.au/shop/productdetails/573380/le-dauphin-double-creme-cheese",
        "imgName": "573380.jpg",
        "imgSrc": "https://cdn0.woolworths.media/content/wowproductimages/medium/573380.jpg",
        "name": "Le Dauphin Double Creme Cheese 200g",
        "price": 24.99,
        "unitPrice": "$124.95 / 1KG"
    },
    {
        "category": "meat-seafood-deli",
        "href": "https://www.woolworths.com.au/shop/productdetails/627228/dodoni-greek-barrel-aged-feta",
        "imgName": "627228.jpg",
        "imgSrc": "https://cdn0.woolworths.media/content/wowproductimages/medium/627228.jpg",
        "name": "Dodoni Greek Barrel Aged Feta 200g",
        "price": 8,
        "unitPrice": "$40.00 / 1KG"
    },
    {
        "category": "meat-seafood-deli",
        "href": "https://www.woolworths.com.au/shop/productdetails/635870/meredith-dairy-goat-cheese-chives-and-garlic",
        "imgName": "635870.jpg",
        "imgSrc": "https://cdn0.woolworths.media/content/wowproductimages/medium/635870.jpg",
        "name": "Meredith Dairy Goat Cheese Chives And Garlic 80g",
        "price": 6,
        "unitPrice": "$75.00 / 1KG"
    },
    {
        "category": "meat-seafood-deli",
        "href": "https://www.woolworths.com.au/shop/productdetails/476705/woolworths-tuna-mexican-style",
        "imgName": "476705.jpg",
        "imgSrc": "https://cdn0.woolworths.media/content/wowproductimages/medium/476705.jpg",
        "name": "Woolworths Tuna Mexican Style 95g",
        "price": 0.9,
        "unitPrice": "$9.47 / 1KG"
    },
    {
        "category": "meat-seafood-deli",
        "href": "https://www.woolworths.com.au/shop/productdetails/627363/dodoni-cubed-marinated-feta",
        "imgName": "627363.jpg",
        "imgSrc": "https://cdn0.woolworths.media/content/wowproductimages/medium/627363.jpg",
        "name": "Dodoni Cubed Marinated Feta 350g",
        "price": 8,
        "unitPrice": "$22.86 / 1KG"
    },
    {
        "category": "meat-seafood-deli",
        "href": "https://www.woolworths.com.au/shop/productdetails/140267/scottish-kippers",
        "imgName": "140267.jpg",
        "imgSrc": "https://cdn0.woolworths.media/content/wowproductimages/medium/140267.jpg",
        "name": "Scottish Kippers  335g",
        "price": 7.5,
        "unitPrice": "$22.39 / 1KG"
    },
    {
        "category": "meat-seafood-deli",
        "href": "https://www.woolworths.com.au/shop/productdetails/782347/just-caught-fish-wedge-crumbed",
        "imgName": "782347.jpg",
        "imgSrc": "https://cdn0.woolworths.media/content/wowproductimages/medium/782347.jpg",
        "name": "Just Caught Fish Wedge Crumbed  1kg",
        "price": 10,
        "unitPrice": "$10.00 / 1KG"
    },
    {
        "category": "meat-seafood-deli",
        "href": "https://www.woolworths.com.au/shop/productdetails/306316/king-island-cheese-blue-triple-cream-black-label",
        "imgName": "306316.jpg",
        "imgSrc": "https://cdn0.woolworths.media/content/wowproductimages/medium/306316.jpg",
        "name": "King Island Cheese Blue Triple Cream Black Label 1kg",
        "price": 60,
        "unitPrice": "$60.00 / 1KG"
    },
    {
        "category": "meat-seafood-deli",
        "href": "https://www.woolworths.com.au/shop/productdetails/638694/zanetti-grana-padano-riserva-wedge",
        "imgName": "638694.jpg",
        "imgSrc": "https://cdn0.woolworths.media/content/wowproductimages/medium/638694.jpg",
        "name": "Zanetti Grana Padano Riserva Wedge 200g",
        "price": 11,
        "unitPrice": "$55.00 / 1KG"
    },
    {
        "category": "meat-seafood-deli",
        "href": "https://www.woolworths.com.au/shop/productdetails/593307/thawed-marinara-mix-local-imported-ingredients",
        "imgName": "593307.jpg",
        "imgSrc": "https://cdn0.woolworths.media/content/wowproductimages/medium/593307.jpg",
        "name": "Thawed Marinara Mix Local & Imported Ingredients per kg",
        "price": 13,
        "unitPrice": "$13.00 / 1KG"
    },
    {
        "category": "meat-seafood-deli",
        "href": "https://www.woolworths.com.au/shop/productdetails/521777/ixl-breakfast-marmalade",
        "imgName": "521777.jpg",
        "imgSrc": "https://cdn0.woolworths.media/content/wowproductimages/medium/521777.jpg",
        "name": "Ixl Breakfast Marmalade  480g",
        "price": 3.5,
        "unitPrice": "$0.73 / 100G"
    },
    {
        "category": "meat-seafood-deli",
        "href": "https://www.woolworths.com.au/shop/productdetails/729202/mayfair-twiggy-salami-hot-spicy",
        "imgName": "729202.jpg",
        "imgSrc": "https://cdn0.woolworths.media/content/wowproductimages/medium/729202.jpg",
        "name": "Mayfair Twiggy Salami Hot & Spicy per kg",
        "price": 30
    },
    {
        "category": "meat-seafood-deli",
        "href": "https://www.woolworths.com.au/shop/productdetails/638913/yarra-valley-salted-honey-cow-cheese",
        "imgName": "638913.jpg",
        "imgSrc": "https://cdn0.woolworths.media/content/wowproductimages/medium/638913.jpg",
        "name": "Yarra Valley Salted Honey Cow Cheese 120g",
        "price": 5,
        "unitPrice": "$41.67 / 1KG"
    },
    {
        "category": "meat-seafood-deli",
        "href": "https://www.woolworths.com.au/shop/productdetails/790930/jarlsberg-thinly-sliced-cheese",
        "imgName": "790930.jpg",
        "imgSrc": "https://cdn0.woolworths.media/content/wowproductimages/medium/790930.jpg",
        "name": "Jarlsberg Thinly Sliced Cheese per kg",
        "price": 25,
        "unitPrice": "$25.00 / 1KG"
    },
    {
        "category": "meat-seafood-deli",
        "href": "https://www.woolworths.com.au/shop/productdetails/635869/island-berries-blood-orange-paste",
        "imgName": "635869.jpg",
        "imgSrc": "https://cdn0.woolworths.media/content/wowproductimages/medium/635869.jpg",
        "name": "Island Berries Blood Orange Paste 60g",
        "price": 3.9,
        "unitPrice": "$65.00 / 1KG"
    },
    {
        "category": "meat-seafood-deli",
        "href": "https://www.woolworths.com.au/shop/productdetails/636762/d-orsogna-gourmet-traditional-hot-dogs",
        "imgName": "636762.jpg",
        "imgSrc": "https://cdn0.woolworths.media/content/wowproductimages/medium/636762.jpg",
        "name": "D'orsogna Gourmet Traditional Hot Dogs  per kg",
        "price": 12,
        "unitPrice": "$12.00 / 1KG"
    },
    {
        "category": "meat-seafood-deli",
        "href": "https://www.woolworths.com.au/shop/productdetails/347142/south-cape-havarti-cheese",
        "imgName": "347142.jpg",
        "imgSrc": "https://cdn0.woolworths.media/content/wowproductimages/medium/347142.jpg",
        "name": "South Cape Havarti Cheese 200g",
        "price": 6.3,
        "unitPrice": "$31.50 / 1KG"
    },
    {
        "category": "meat-seafood-deli",
        "href": "https://www.woolworths.com.au/shop/productdetails/636940/riverina-haloumi-with-basil",
        "imgName": "636940.jpg",
        "imgSrc": "https://cdn0.woolworths.media/content/wowproductimages/medium/636940.jpg",
        "name": "Riverina Haloumi With Basil 180g",
        "price": 6,
        "unitPrice": "$33.33 / 1KG"
    },
    {
        "category": "meat-seafood-deli",
        "href": "https://www.woolworths.com.au/shop/productdetails/323977/ashgrove-premium-vintage-cheddar-cheese",
        "imgName": "323977.jpg",
        "imgSrc": "https://cdn0.woolworths.media/content/wowproductimages/medium/323977.jpg",
        "name": "Ashgrove Premium Vintage Cheddar Cheese 140g",
        "price": 5.25,
        "unitPrice": "$37.50 / 1KG"
    },
    {
        "category": "meat-seafood-deli",
        "href": "https://www.woolworths.com.au/shop/productdetails/329525/paesonella-fresh-ricotta",
        "imgName": "default.png",
        "imgSrc": "https://cdn0.woolworths.media/content/wowproductimages/large/default.png",
        "name": "Paesonella Fresh Ricotta  250g",
        "price": 7,
        "unitPrice": "$28.00 / 1KG"
    },
    {
        "category": "meat-seafood-deli",
        "href": "https://www.woolworths.com.au/shop/productdetails/369731/woolworths-fresh-parmesan-grana-padano-cheese-wheel",
        "imgName": "369731.jpg",
        "imgSrc": "https://cdn0.woolworths.media/content/wowproductimages/medium/369731.jpg",
        "name": "Woolworths Fresh Parmesan Grana Padano Cheese Wheel per kg",
        "price": 45,
        "unitPrice": "$45.00 / 1KG"
    },
    {
        "category": "meat-seafood-deli",
        "href": "https://www.woolworths.com.au/shop/productdetails/764568/msa-beef-fillet-steak-3-4-pieces",
        "imgName": "764568.jpg",
        "imgSrc": "https://cdn0.woolworths.media/content/wowproductimages/medium/764568.jpg",
        "name": "Msa Beef Fillet Steak 3-4 Pieces min. 400g",
        "price": 17.2,
        "unitPrice": "$42.99 / 1KG"
    },
    {
        "category": "meat-seafood-deli",
        "href": "https://www.woolworths.com.au/shop/productdetails/793406/woolworths-classic-coleslaw",
        "imgName": "793406.jpg",
        "imgSrc": "https://cdn0.woolworths.media/content/wowproductimages/medium/793406.jpg",
        "name": "Woolworths Classic Coleslaw 110g",
        "price": 2,
        "unitPrice": "$1.82 / 100G"
    },
    {
        "category": "meat-seafood-deli",
        "href": "https://www.woolworths.com.au/shop/productdetails/764971/msa-beef-blade-boneless-steak-1-2-pieces",
        "imgName": "764971.jpg",
        "imgSrc": "https://cdn0.woolworths.media/content/wowproductimages/medium/764971.jpg",
        "name": "Msa Beef Blade Boneless Steak 1-2 Pieces min. 550g",
        "price": 8.79,
        "unitPrice": "$15.99 / 1KG"
    },
    {
        "category": "meat-seafood-deli",
        "href": "https://www.woolworths.com.au/shop/productdetails/764938/msa-beef-porterhouse-steak-small-1-2-pieces",
        "imgName": "764938.jpg",
        "imgSrc": "https://cdn0.woolworths.media/content/wowproductimages/medium/764938.jpg",
        "name": "Msa Beef Porterhouse Steak Small 1 - 2 Pieces min. 300g",
        "price": 9.6,
        "unitPrice": "$32.00 / 1KG"
    },
    {
        "category": "meat-seafood-deli",
        "href": "https://www.woolworths.com.au/shop/productdetails/353954/south-cape-aged-parmesan-cheese",
        "imgName": "353954.jpg",
        "imgSrc": "https://cdn0.woolworths.media/content/wowproductimages/medium/353954.jpg",
        "name": "South Cape Aged Parmesan Cheese 185g",
        "price": 9.25,
        "unitPrice": "$50.00 / 1KG"
    },
    {
        "category": "meat-seafood-deli",
        "href": "https://www.woolworths.com.au/shop/productdetails/527279/capilano-beeotic-prebiotic-honey-squeeze-bottle",
        "imgName": "527279.jpg",
        "imgSrc": "https://cdn0.woolworths.media/content/wowproductimages/medium/527279.jpg",
        "name": "Capilano Beeotic Prebiotic Honey Squeeze Bottle 240ml",
        "price": 10,
        "unitPrice": "$4.17 / 100ML"
    },
    {
        "category": "meat-seafood-deli",
        "href": "https://www.woolworths.com.au/shop/productdetails/635868/island-berries-pear-pistachio-paste",
        "imgName": "635868.jpg",
        "imgSrc": "https://cdn0.woolworths.media/content/wowproductimages/medium/635868.jpg",
        "name": "Island Berries Pear & Pistachio Paste 60g",
        "price": 3.9,
        "unitPrice": "$65.00 / 1KG"
    },
    {
        "category": "meat-seafood-deli",
        "href": "https://www.woolworths.com.au/shop/productdetails/328005/primo-chorizo-2-pack",
        "imgName": "328005.jpg",
        "imgSrc": "https://cdn0.woolworths.media/content/wowproductimages/medium/328005.jpg",
        "name": "Primo Chorizo 2 Pack 250g",
        "price": 7.2,
        "unitPrice": "$28.80 / 1KG"
    },
    {
        "category": "meat-seafood-deli",
        "href": "https://www.woolworths.com.au/shop/productdetails/777323/mon-pere-cheese-brie",
        "imgName": "777323.jpg",
        "imgSrc": "https://cdn0.woolworths.media/content/wowproductimages/medium/777323.jpg",
        "name": "Mon Pere Cheese Brie 1kg",
        "price": 45,
        "unitPrice": "$45.00 / 1KG"
    },
    {
        "category": "meat-seafood-deli",
        "href": "https://www.woolworths.com.au/shop/productdetails/710998/south-cape-white-wine-matched-selection",
        "imgName": "710998.jpg",
        "imgSrc": "https://cdn0.woolworths.media/content/wowproductimages/medium/710998.jpg",
        "name": "South Cape White Wine Matched Selection 320g",
        "price": 13,
        "unitPrice": "$40.63 / 1KG"
    },
    {
        "category": "meat-seafood-deli",
        "href": "https://www.woolworths.com.au/shop/productdetails/244255/south-cape-vintage-cheddar-cheese",
        "imgName": "244255.jpg",
        "imgSrc": "https://cdn0.woolworths.media/content/wowproductimages/medium/244255.jpg",
        "name": "South Cape Vintage Cheddar Cheese 250g",
        "price": 6.3,
        "unitPrice": "$25.20 / 1KG"
    },
    {
        "category": "meat-seafood-deli",
        "href": "https://www.woolworths.com.au/shop/productdetails/542773/kr-castlemaine-australian-short-cut-bacon",
        "imgName": "542773.jpg",
        "imgSrc": "https://cdn0.woolworths.media/content/wowproductimages/medium/542773.jpg",
        "name": "Kr Castlemaine Australian Short Cut Bacon 200g",
        "price": 7,
        "unitPrice": "$35.00 / 1KG"
    },
    {
        "category": "meat-seafood-deli",
        "href": "https://www.woolworths.com.au/shop/productdetails/635867/island-berries-quince-paste",
        "imgName": "635867.jpg",
        "imgSrc": "https://cdn0.woolworths.media/content/wowproductimages/medium/635867.jpg",
        "name": "Island Berries Quince Paste 60g",
        "price": 3.9,
        "unitPrice": "$65.00 / 1KG"
    },
    {
        "category": "meat-seafood-deli",
        "href": "https://www.woolworths.com.au/shop/productdetails/308584/barossa-fine-foods-schulz-bacon-sliced",
        "imgName": "308584.jpg",
        "imgSrc": "https://cdn0.woolworths.media/content/wowproductimages/medium/308584.jpg",
        "name": "Barossa Fine Foods Schulz Bacon Sliced 250g",
        "price": 7.98,
        "unitPrice": "$31.92 / 1KG"
    },
    {
        "category": "meat-seafood-deli",
        "href": "https://www.woolworths.com.au/shop/productdetails/369595/king-island-triple-cream-seal-bay-cheese",
        "imgName": "369595.jpg",
        "imgSrc": "https://cdn0.woolworths.media/content/wowproductimages/medium/369595.jpg",
        "name": "King Island Triple Cream Seal Bay Cheese per kg",
        "price": 55,
        "unitPrice": "$55.00 / 1KG"
    },
    {
        "category": "meat-seafood-deli",
        "href": "https://www.woolworths.com.au/shop/productdetails/658682/tegel-meal-maker-shredded-roast-chicken",
        "imgName": "658682.jpg",
        "imgSrc": "https://cdn0.woolworths.media/content/wowproductimages/medium/658682.jpg",
        "name": "Tegel Meal Maker Shredded Roast Chicken 280g",
        "price": 8.5,
        "unitPrice": "$3.04 / 100G"
    },
    {
        "category": "meat-seafood-deli",
        "href": "https://www.woolworths.com.au/shop/productdetails/266794/homebrand-bacon-middle-cut-rashers",
        "imgName": "266794.jpg",
        "imgSrc": "https://cdn0.woolworths.media/content/wowproductimages/medium/266794.jpg",
        "name": "Homebrand Bacon Middle Cut Rashers 250g",
        "price": 3.1,
        "unitPrice": "$12.40 / 1KG"
    },
    {
        "category": "meat-seafood-deli",
        "href": "https://www.woolworths.com.au/shop/productdetails/744022/d-orsogna-deli-fresh-spicy-chorizo-salami",
        "imgName": "744022.jpg",
        "imgSrc": "https://cdn0.woolworths.media/content/wowproductimages/medium/744022.jpg",
        "name": "D'orsogna Deli Fresh Spicy Chorizo Salami 80g"
    },
    {
        "category": "meat-seafood-deli",
        "href": "https://www.woolworths.com.au/shop/productdetails/49890/hans-hot-dogs-american",
        "imgName": "049890.jpg",
        "imgSrc": "https://cdn0.woolworths.media/content/wowproductimages/medium/049890.jpg",
        "name": "Hans Hot Dogs American 375g",
        "price": 6,
        "unitPrice": "$16.00 / 1KG"
    },
    {
        "category": "meat-seafood-deli",
        "href": "https://www.woolworths.com.au/shop/productdetails/251571/la-casa-del-formaggio-mozzarella-ball",
        "imgName": "251571.jpg",
        "imgSrc": "https://cdn0.woolworths.media/content/wowproductimages/medium/251571.jpg",
        "name": "La Casa Del Formaggio Mozzarella Ball  450g",
        "price": 7.5,
        "unitPrice": "$16.67 / 1KG"
    },
    {
        "category": "meat-seafood-deli",
        "href": "https://www.woolworths.com.au/shop/productdetails/218144/hans-liverwurst-traditional",
        "imgName": "218144.jpg",
        "imgSrc": "https://cdn0.woolworths.media/content/wowproductimages/medium/218144.jpg",
        "name": "Hans Liverwurst Traditional 100g",
        "price": 2.19,
        "unitPrice": "$21.90 / 1KG"
    },
    {
        "category": "meat-seafood-deli",
        "href": "https://www.woolworths.com.au/shop/productdetails/315064/msa-australian-beef-rib-steak-bone-in",
        "imgName": "315064.jpg",
        "imgSrc": "https://cdn0.woolworths.media/content/wowproductimages/medium/315064.jpg",
        "name": "Msa Australian Beef Rib Steak Bone In min. 500g",
        "price": 14,
        "unitPrice": "$27.99 / 1KG"
    },
    {
        "category": "meat-seafood-deli",
        "href": "https://www.woolworths.com.au/shop/productdetails/369610/tasmanian-heritage-red-square-cheese",
        "imgName": "369610.jpg",
        "imgSrc": "https://cdn0.woolworths.media/content/wowproductimages/medium/369610.jpg",
        "name": "Tasmanian Heritage Red Square Cheese per kg",
        "price": 55,
        "unitPrice": "$55.00 / 1KG"
    },
    {
        "category": "meat-seafood-deli",
        "href": "https://www.woolworths.com.au/shop/productdetails/661860/steggles-chicken-giblets",
        "imgName": "661860.jpg",
        "imgSrc": "https://cdn0.woolworths.media/content/wowproductimages/medium/661860.jpg",
        "name": "Steggles Chicken Giblets  1kg",
        "price": 4.5,
        "unitPrice": "$4.50 / 1KG"
    },
    {
        "category": "meat-seafood-deli",
        "href": "https://www.woolworths.com.au/shop/productdetails/800525/yarra-valley-goat-s-cheese",
        "imgName": "800525.jpg",
        "imgSrc": "https://cdn0.woolworths.media/content/wowproductimages/medium/800525.jpg",
        "name": "Yarra Valley Goat's Cheese 120g",
        "price": 6.99,
        "unitPrice": "$58.25 / 1KG"
    },
    {
        "category": "meat-seafood-deli",
        "href": "https://www.woolworths.com.au/shop/productdetails/369089/julianne-kitchen-pate-chicken-with-orange-jelly",
        "imgName": "369089.jpg",
        "imgSrc": "https://cdn0.woolworths.media/content/wowproductimages/medium/369089.jpg",
        "name": "Julianne Kitchen Pate Chicken With Orange Jelly 140g",
        "price": 8.98,
        "unitPrice": "$6.41 / 100G"
    },
    {
        "category": "meat-seafood-deli",
        "href": "https://www.woolworths.com.au/shop/productdetails/39863/australian-fresh-prawns-crystal-bay-cooked-medium",
        "imgName": "039863.jpg",
        "imgSrc": "https://cdn0.woolworths.media/content/wowproductimages/medium/039863.jpg",
        "name": "Australian Fresh Prawns Crystal Bay Cooked Medium per kg",
        "price": 28,
        "unitPrice": "$28.00 / 1KG"
    },
    {
        "category": "meat-seafood-deli",
        "href": "https://www.woolworths.com.au/shop/productdetails/762303/woolworths-regular-chicken-breast-schnitzel",
        "imgName": "762303.jpg",
        "imgSrc": "https://cdn0.woolworths.media/content/wowproductimages/medium/762303.jpg",
        "name": "Woolworths Regular Chicken Breast Schnitzel each",
        "price": 3.5,
        "unitPrice": "$3.50 / 1EA"
    },
    {
        "category": "meat-seafood-deli",
        "href": "https://www.woolworths.com.au/shop/productdetails/476502/woolworths-simply-heat-slow-cooked-lamb-shanks",
        "imgName": "476502.jpg",
        "imgSrc": "https://cdn0.woolworths.media/content/wowproductimages/medium/476502.jpg",
        "name": "Woolworths Simply Heat Slow Cooked Lamb Shanks  min. 950g",
        "price": 15.19,
        "unitPrice": "$15.99 / 1KG"
    },
    {
        "category": "meat-seafood-deli",
        "href": "https://www.woolworths.com.au/shop/productdetails/578164/woolworths-simply-heat-lamb-shoulder-with-garlic-rosemary",
        "imgName": "578164.jpg",
        "imgSrc": "https://cdn0.woolworths.media/content/wowproductimages/medium/578164.jpg",
        "name": "Woolworths Simply Heat Lamb Shoulder With Garlic & Rosemary min 830g",
        "price": 18.25,
        "unitPrice": "$21.99 / 1KG"
    },
    {
        "category": "meat-seafood-deli",
        "href": "https://www.woolworths.com.au/shop/productdetails/323959/frico-dutch-smoked-cheese",
        "imgName": "323959.jpg",
        "imgSrc": "https://cdn0.woolworths.media/content/wowproductimages/medium/323959.jpg",
        "name": "Frico Dutch Smoked Cheese 150g",
        "price": 5.99,
        "unitPrice": "$39.93 / 1KG"
    },
    {
        "category": "meat-seafood-deli",
        "href": "https://www.woolworths.com.au/shop/productdetails/744023/d-orsogna-deli-fresh-mild-salami",
        "imgName": "744023.jpg",
        "imgSrc": "https://cdn0.woolworths.media/content/wowproductimages/medium/744023.jpg",
        "name": "D'orsogna Deli Fresh Mild Salami  80g",
        "price": 3.5,
        "unitPrice": "$43.75 / 1KG"
    },
    {
        "category": "meat-seafood-deli",
        "href": "https://www.woolworths.com.au/shop/productdetails/828142/ixl-strawberry-spread-with-stevia",
        "imgName": "828142.jpg",
        "imgSrc": "https://cdn0.woolworths.media/content/wowproductimages/medium/828142.jpg",
        "name": "Ixl Strawberry Spread With Stevia 210g",
        "price": 3,
        "unitPrice": "$1.43 / 100G"
    },
    {
        "category": "meat-seafood-deli",
        "href": "https://www.woolworths.com.au/shop/productdetails/782818/created-with-jamie-soup-cauliflower-cheese",
        "imgName": "782818.jpg",
        "imgSrc": "https://cdn0.woolworths.media/content/wowproductimages/medium/782818.jpg",
        "name": "Created With Jamie Soup Cauliflower & Cheese 300g",
        "price": 4,
        "unitPrice": "$1.33 / 100G"
    },
    {
        "category": "meat-seafood-deli",
        "href": "https://www.woolworths.com.au/shop/productdetails/184649/macro-chicken-thigh-fillets-free-range",
        "imgName": "184649.jpg",
        "imgSrc": "https://cdn0.woolworths.media/content/wowproductimages/medium/184649.jpg",
        "name": "Macro Chicken Thigh Fillets Free Range min. 580g",
        "price": 9.27,
        "unitPrice": "$15.99 / 1KG"
    },
    {
        "category": "meat-seafood-deli",
        "href": "https://www.woolworths.com.au/shop/productdetails/187175/woolworths-beef-chevapi",
        "imgName": "187175.jpg",
        "imgSrc": "https://cdn0.woolworths.media/content/wowproductimages/medium/187175.jpg",
        "name": "Woolworths Beef Chevapi 500g",
        "price": 7,
        "unitPrice": "$14.00 / 1KG"
    },
    {
        "category": "meat-seafood-deli",
        "href": "https://www.woolworths.com.au/shop/productdetails/209438/pork-loin-medallion-steak-heart-smart",
        "imgName": "209438.jpg",
        "imgSrc": "https://cdn0.woolworths.media/content/wowproductimages/medium/209438.jpg",
        "name": "Pork Loin Medallion Steak Heart Smart min. 350g",
        "price": 8.4,
        "unitPrice": "$23.99 / 1KG"
    },
    {
        "category": "meat-seafood-deli",
        "href": "https://www.woolworths.com.au/shop/productdetails/217404/primo-kransky-cheese",
        "imgName": "217404.jpg",
        "imgSrc": "https://cdn0.woolworths.media/content/wowproductimages/medium/217404.jpg",
        "name": "Primo Kransky Cheese per kg",
        "price": 16,
        "unitPrice": "$16.00 / 1KG"
    },
    {
        "category": "meat-seafood-deli",
        "href": "https://www.woolworths.com.au/shop/productdetails/23208/rspca-approved-chicken-legs-drumsticks",
        "imgName": "023208.jpg",
        "imgSrc": "https://cdn0.woolworths.media/content/wowproductimages/medium/023208.jpg",
        "name": "Rspca Approved Chicken Legs Drumsticks per kg",
        "price": 3.5,
        "unitPrice": "$3.50 / 1KG"
    },
    {
        "category": "meat-seafood-deli",
        "href": "https://www.woolworths.com.au/shop/productdetails/254443/pork-scotch-bone-in",
        "imgName": "254443.jpg",
        "imgSrc": "https://cdn0.woolworths.media/content/wowproductimages/medium/254443.jpg",
        "name": "Pork Scotch Bone In min. 730g",
        "price": 9.49,
        "unitPrice": "$13.00 / 1KG"
    },
    {
        "category": "meat-seafood-deli",
        "href": "https://www.woolworths.com.au/shop/productdetails/348857/woolworths-aussie-pork-sausages-chipolatas",
        "imgName": "348857.jpg",
        "imgSrc": "https://cdn0.woolworths.media/content/wowproductimages/medium/348857.jpg",
        "name": "Woolworths Aussie Pork Sausages Chipolatas 680g",
        "price": 5,
        "unitPrice": "$7.35 / 1KG"
    },
    {
        "category": "meat-seafood-deli",
        "href": "https://www.woolworths.com.au/shop/productdetails/361522/woolworths-corned-beef",
        "imgName": "361522.jpg",
        "imgSrc": "https://cdn0.woolworths.media/content/wowproductimages/medium/361522.jpg",
        "name": "Woolworths Corned Beef  per kg",
        "price": 18,
        "unitPrice": "$18.00 / 1KG"
    },
    {
        "category": "meat-seafood-deli",
        "href": "https://www.woolworths.com.au/shop/productdetails/437583/miguel-maestre-jamon-serrano",
        "imgName": "437583.jpg",
        "imgSrc": "https://cdn0.woolworths.media/content/wowproductimages/medium/437583.jpg",
        "name": "Miguel Maestre Jamon Serrano  100g",
        "price": 7.79,
        "unitPrice": "$77.90 / 1KG"
    },
    {
        "category": "meat-seafood-deli",
        "href": "https://www.woolworths.com.au/shop/productdetails/487779/steggles-chicken-drumsticks",
        "imgName": "487779.jpg",
        "imgSrc": "https://cdn0.woolworths.media/content/wowproductimages/medium/487779.jpg",
        "name": "Steggles Chicken Drumsticks min. 2.2kg",
        "price": 7.7,
        "unitPrice": "$3.50 / 1KG"
    },
    {
        "category": "meat-seafood-deli",
        "href": "https://www.woolworths.com.au/shop/productdetails/524763/corn-beef-large",
        "imgName": "524763.jpg",
        "imgSrc": "https://cdn0.woolworths.media/content/wowproductimages/medium/524763.jpg",
        "name": "Corn Beef Large  min. 2.5kg",
        "price": 22.5,
        "unitPrice": "$9.00 / 1KG"
    },
    {
        "category": "meat-seafood-deli",
        "href": "https://www.woolworths.com.au/shop/productdetails/582607/lamb-mince",
        "imgName": "582607.jpg",
        "imgSrc": "https://cdn0.woolworths.media/content/wowproductimages/medium/582607.jpg",
        "name": "Lamb Mince  500g",
        "price": 6.5,
        "unitPrice": "$13.00 / 1KG"
    },
    {
        "category": "meat-seafood-deli",
        "href": "https://www.woolworths.com.au/shop/productdetails/646535/bruemar-pork-scotch-steak-with-a-peking-glace",
        "imgName": "646535.jpg",
        "imgSrc": "https://cdn0.woolworths.media/content/wowproductimages/medium/646535.jpg",
        "name": "Bruemar Pork Scotch Steak With A Peking Glace min. 420g",
        "price": 8.4,
        "unitPrice": "$20.00 / 1KG"
    },
    {
        "category": "meat-seafood-deli",
        "href": "https://www.woolworths.com.au/shop/productdetails/649096/d-orsogna-english-style-shaved-ham",
        "imgName": "649096.jpg",
        "imgSrc": "https://cdn0.woolworths.media/content/wowproductimages/medium/649096.jpg",
        "name": "D'orsogna English Style Shaved Ham 100g",
        "price": 1.8,
        "unitPrice": "$18.00 / 1KG"
    },
    {
        "category": "meat-seafood-deli",
        "href": "https://www.woolworths.com.au/shop/productdetails/650537/woolworths-specially-seasoned-lamb-burger-garlic-and-rosemary",
        "imgName": "650537.jpg",
        "imgSrc": "https://cdn0.woolworths.media/content/wowproductimages/medium/650537.jpg",
        "name": "Woolworths Specially Seasoned Lamb Burger Garlic And Rosemary 320g",
        "price": 7.5,
        "unitPrice": "$23.44 / 1KG"
    },
    {
        "category": "meat-seafood-deli",
        "href": "https://www.woolworths.com.au/shop/productdetails/660745/inghams-turkey-thigh-roast",
        "imgName": "660745.jpg",
        "imgSrc": "https://cdn0.woolworths.media/content/wowproductimages/medium/660745.jpg",
        "name": "Inghams Turkey Thigh Roast min. 800g",
        "price": 8.8,
        "unitPrice": "$11.00 / 1KG"
    },
    {
        "category": "meat-seafood-deli",
        "href": "https://www.woolworths.com.au/shop/productdetails/764962/msa-gravy-beef-slow-cook-3-4-pieces",
        "imgName": "764962.jpg",
        "imgSrc": "https://cdn0.woolworths.media/content/wowproductimages/medium/764962.jpg",
        "name": "Msa Gravy Beef Slow Cook 3-4 Pieces min. 600g",
        "price": 9.59,
        "unitPrice": "$15.99 / 1KG"
    },
    {
        "category": "meat-seafood-deli",
        "href": "https://www.woolworths.com.au/shop/productdetails/77500/primo-berliner-sliced",
        "imgName": "077500.jpg",
        "imgSrc": "https://cdn0.woolworths.media/content/wowproductimages/medium/077500.jpg",
        "name": "Primo Berliner Sliced per kg",
        "price": 15.5,
        "unitPrice": "$15.50 / 1KG"
    },
    {
        "category": "meat-seafood-deli",
        "href": "https://www.woolworths.com.au/shop/productdetails/3122/dodoni-greek-fetta-cheese",
        "imgName": "003122.jpg",
        "imgSrc": "https://cdn0.woolworths.media/content/wowproductimages/medium/003122.jpg",
        "name": "Dodoni Greek Fetta Cheese per kg",
        "price": 29,
        "unitPrice": "$29.00 / 1KG"
    },
    {
        "category": "meat-seafood-deli",
        "href": "https://www.woolworths.com.au/shop/productdetails/64393/boursin-herb-garlic-cheese",
        "imgName": "064393.jpg",
        "imgSrc": "https://cdn0.woolworths.media/content/wowproductimages/medium/064393.jpg",
        "name": "Boursin Herb & Garlic Cheese 80g",
        "price": 6.49,
        "unitPrice": "$81.13 / 1KG"
    },
    {
        "category": "meat-seafood-deli",
        "href": "https://www.woolworths.com.au/shop/productdetails/48688/hans-pepperoni-hot-rocket",
        "imgName": "048688.jpg",
        "imgSrc": "https://cdn0.woolworths.media/content/wowproductimages/medium/048688.jpg",
        "name": "Hans Pepperoni Hot Rocket 15g",
        "price": 0.95,
        "unitPrice": "$63.33 / 1KG"
    },
    {
        "category": "meat-seafood-deli",
        "href": "https://www.woolworths.com.au/shop/productdetails/46479/fresh-australian-barramundi-fillets-fillets",
        "imgName": "046479.jpg",
        "imgSrc": "https://cdn0.woolworths.media/content/wowproductimages/medium/046479.jpg",
        "name": "Fresh Australian Barramundi Fillets Fillets per kg",
        "price": 30,
        "unitPrice": "$30.00 / 1KG"
    },
    {
        "category": "meat-seafood-deli",
        "href": "https://www.woolworths.com.au/shop/productdetails/119522/chicken-tenderloins",
        "imgName": "119522.jpg",
        "imgSrc": "https://cdn0.woolworths.media/content/wowproductimages/medium/119522.jpg",
        "name": "Chicken Tenderloins  min. 500g",
        "price": 9.5,
        "unitPrice": "$18.99 / 1KG"
    },
    {
        "category": "meat-seafood-deli",
        "href": "https://www.woolworths.com.au/shop/productdetails/133011/k-roo-kangaroo-fillets",
        "imgName": "133011.jpg",
        "imgSrc": "https://cdn0.woolworths.media/content/wowproductimages/medium/133011.jpg",
        "name": "K Roo Kangaroo Fillets min. 500g",
        "price": 11.5,
        "unitPrice": "$22.99 / 1KG"
    },
    {
        "category": "meat-seafood-deli",
        "href": "https://www.woolworths.com.au/shop/productdetails/97588/don-strasburg-roll",
        "imgName": "097588.jpg",
        "imgSrc": "https://cdn0.woolworths.media/content/wowproductimages/medium/097588.jpg",
        "name": "Don Strasburg Roll  500g",
        "price": 5.8,
        "unitPrice": "$11.60 / 1KG"
    },
    {
        "category": "meat-seafood-deli",
        "href": "https://www.woolworths.com.au/shop/productdetails/250457/simply-roast-in-onion-garlic-and-red-wine",
        "imgName": "250457.jpg",
        "imgSrc": "https://cdn0.woolworths.media/content/wowproductimages/medium/250457.jpg",
        "name": "Simply Roast In Onion Garlic And Red Wine min. 1.2kg",
        "price": 18.59,
        "unitPrice": "$15.49 / 1KG"
    },
    {
        "category": "meat-seafood-deli",
        "href": "https://www.woolworths.com.au/shop/productdetails/321551/macro-organic-beef-mince-heart-smart",
        "imgName": "321551.jpg",
        "imgSrc": "https://cdn0.woolworths.media/content/wowproductimages/medium/321551.jpg",
        "name": "Macro Organic Beef Mince Heart Smart 450g",
        "price": 10.8,
        "unitPrice": "$24.00 / 1KG"
    },
    {
        "category": "meat-seafood-deli",
        "href": "https://www.woolworths.com.au/shop/productdetails/312546/paris-creek-organic-nuage-blanc-brie",
        "imgName": "312546.jpg",
        "imgSrc": "https://cdn0.woolworths.media/content/wowproductimages/medium/312546.jpg",
        "name": "Paris Creek Organic Nuage Blanc Brie  280g",
        "price": 10.49,
        "unitPrice": "$37.46 / 1KG"
    },
    {
        "category": "meat-seafood-deli",
        "href": "https://www.woolworths.com.au/shop/productdetails/346569/just-caught-whiting-fillets-crumbed",
        "imgName": "346569.jpg",
        "imgSrc": "https://cdn0.woolworths.media/content/wowproductimages/medium/346569.jpg",
        "name": "Just Caught Whiting Fillets Crumbed 1kg",
        "price": 11,
        "unitPrice": "$11.00 / 1KG"
    },
    {
        "category": "meat-seafood-deli",
        "href": "https://www.woolworths.com.au/shop/productdetails/354116/rspca-approved-chicken-maryland-supreme",
        "imgName": "354116.jpg",
        "imgSrc": "https://cdn0.woolworths.media/content/wowproductimages/medium/354116.jpg",
        "name": "Rspca Approved Chicken Maryland Supreme min 250g",
        "price": 5.5,
        "unitPrice": "$5.50 / 1KG"
    },
    {
        "category": "meat-seafood-deli",
        "href": "https://www.woolworths.com.au/shop/productdetails/380649/bruemar-pork-mignon-steak-with-a-garlic-herb-butter-core",
        "imgName": "380649.jpg",
        "imgSrc": "https://cdn0.woolworths.media/content/wowproductimages/medium/380649.jpg",
        "name": "Bruemar Pork Mignon Steak With A Garlic & Herb Butter Core min. 390g",
        "price": 9.75,
        "unitPrice": "$24.99 / 1KG"
    },
    {
        "category": "meat-seafood-deli",
        "href": "https://www.woolworths.com.au/shop/productdetails/407559/woolworths-select-beef-pastrami-smoked",
        "imgName": "407559.jpg",
        "imgSrc": "https://cdn0.woolworths.media/content/wowproductimages/medium/407559.jpg",
        "name": "Woolworths Select Beef Pastrami Smoked 1kg",
        "price": 25,
        "unitPrice": "$25.00 / 1KG"
    },
    {
        "category": "meat-seafood-deli",
        "href": "https://www.woolworths.com.au/shop/productdetails/517492/luv-a-duck-legs",
        "imgName": "517492.jpg",
        "imgSrc": "https://cdn0.woolworths.media/content/wowproductimages/medium/517492.jpg",
        "name": "Luv A Duck Legs  500g",
        "price": 14,
        "unitPrice": "$28.00 / 1KG"
    },
    {
        "category": "meat-seafood-deli",
        "href": "https://www.woolworths.com.au/shop/productdetails/503140/woolworths-simply-stir-fry-thai-style-beef",
        "imgName": "503140.jpg",
        "imgSrc": "https://cdn0.woolworths.media/content/wowproductimages/medium/503140.jpg",
        "name": "Woolworths Simply Stir Fry Thai Style Beef  each",
        "price": 10,
        "unitPrice": "$20.00 / 1KG"
    },
    {
        "category": "meat-seafood-deli",
        "href": "https://www.woolworths.com.au/shop/productdetails/375694/mamma-lucia-traditional-bocconcini",
        "imgName": "375694.jpg",
        "imgSrc": "https://cdn0.woolworths.media/content/wowproductimages/medium/375694.jpg",
        "name": "Mamma Lucia Traditional Bocconcini 180g",
        "price": 5.25,
        "unitPrice": "$29.17 / 1KG"
    },
    {
        "category": "meat-seafood-deli",
        "href": "https://www.woolworths.com.au/shop/productdetails/453300/woolworths-natural-tasty-cheese-crackers",
        "imgName": "453300.jpg",
        "imgSrc": "https://cdn0.woolworths.media/content/wowproductimages/medium/453300.jpg",
        "name": "Woolworths Natural Tasty Cheese & Crackers 1pk 50g",
        "price": 1.6,
        "unitPrice": "$32.00 / 1KG"
    },
    {
        "category": "meat-seafood-deli",
        "href": "https://www.woolworths.com.au/shop/productdetails/528281/cleaver-s-organic-lamb-butterfly-shoulder-greek-seasoned",
        "imgName": "528281.jpg",
        "imgSrc": "https://cdn0.woolworths.media/content/wowproductimages/medium/528281.jpg",
        "name": "Cleaver's Organic Lamb Butterfly Shoulder Greek Seasoned min. 900g",
        "price": 22.49,
        "unitPrice": "$24.99 / 1KG"
    },
    {
        "category": "meat-seafood-deli",
        "href": "https://www.woolworths.com.au/shop/productdetails/659237/cleavers-organic-lamb-leg-chop",
        "imgName": "659237.jpg",
        "imgSrc": "https://cdn0.woolworths.media/content/wowproductimages/medium/659237.jpg",
        "name": "Cleavers Organic Lamb Leg Chop  min. 200g",
        "price": 4.8,
        "unitPrice": "$23.99 / 1KG"
    },
    {
        "category": "meat-seafood-deli",
        "href": "https://www.woolworths.com.au/shop/productdetails/634322/woolworths-simply-roast-pork-chimichurri-style",
        "imgName": "634322.jpg",
        "imgSrc": "https://cdn0.woolworths.media/content/wowproductimages/medium/634322.jpg",
        "name": "Woolworths Simply Roast Pork Chimichurri Style min. 700g",
        "price": 11.9,
        "unitPrice": "$17.00 / 1KG"
    },
    {
        "category": "meat-seafood-deli",
        "href": "https://www.woolworths.com.au/shop/productdetails/636060/tuckers-fruit-paste-caramelised-fig",
        "imgName": "636060.jpg",
        "imgSrc": "https://cdn0.woolworths.media/content/wowproductimages/medium/636060.jpg",
        "name": "Tuckers Fruit Paste Caramelised Fig 100g",
        "price": 4.99,
        "unitPrice": "$49.90 / 1KG"
    },
    {
        "category": "meat-seafood-deli",
        "href": "https://www.woolworths.com.au/shop/productdetails/587808/beef-fillet-portions",
        "imgName": "587808.jpg",
        "imgSrc": "https://cdn0.woolworths.media/content/wowproductimages/medium/587808.jpg",
        "name": "Beef Fillet Portions  min. 130g",
        "price": 5.2,
        "unitPrice": "$40.00 / 1KG"
    },
    {
        "category": "meat-seafood-deli",
        "href": "https://www.woolworths.com.au/shop/productdetails/629454/woolworths-simply-roast-chicken-wings-hickory-bbq",
        "imgName": "629454.jpg",
        "imgSrc": "https://cdn0.woolworths.media/content/wowproductimages/medium/629454.jpg",
        "name": "Woolworths Simply Roast Chicken Wings Hickory Bbq min. 1.3kg",
        "price": 9.1,
        "unitPrice": "$7.00 / 1KG"
    },
    {
        "category": "meat-seafood-deli",
        "href": "https://www.woolworths.com.au/shop/productdetails/659932/woolworths-chinese-bbq-pork",
        "imgName": "659932.jpg",
        "imgSrc": "https://cdn0.woolworths.media/content/wowproductimages/medium/659932.jpg",
        "name": "Woolworths Chinese Bbq Pork per kg",
        "price": 20,
        "unitPrice": "$20.00 / 1KG"
    },
    {
        "category": "meat-seafood-deli",
        "href": "https://www.woolworths.com.au/shop/productdetails/661827/steggles-chicken-livers",
        "imgName": "661827.jpg",
        "imgSrc": "https://cdn0.woolworths.media/content/wowproductimages/medium/661827.jpg",
        "name": "Steggles Chicken Livers  1kg",
        "price": 4.5,
        "unitPrice": "$4.50 / 1KG"
    },
    {
        "category": "meat-seafood-deli",
        "href": "https://www.woolworths.com.au/shop/productdetails/764099/woolworths-hot-smoked-salmon-pepper",
        "imgName": "764099.jpg",
        "imgSrc": "https://cdn0.woolworths.media/content/wowproductimages/medium/764099.jpg",
        "name": "Woolworths Hot Smoked Salmon Pepper 150g",
        "price": 6.5,
        "unitPrice": "$43.33 / 1KG"
    },
    {
        "category": "meat-seafood-deli",
        "href": "https://www.woolworths.com.au/shop/productdetails/744635/australian-prawn-meat-raw",
        "imgName": "744635.jpg",
        "imgSrc": "https://cdn0.woolworths.media/content/wowproductimages/medium/744635.jpg",
        "name": "Australian Prawn Meat Raw 300g",
        "price": 12,
        "unitPrice": "$40.00 / 1KG"
    },
    {
        "category": "meat-seafood-deli",
        "href": "https://www.woolworths.com.au/shop/productdetails/788529/grasslands-grassfed-scotch-fillet-steak",
        "imgName": "788529.jpg",
        "imgSrc": "https://cdn0.woolworths.media/content/wowproductimages/medium/788529.jpg",
        "name": "Grasslands Grassfed Scotch Fillet Steak min. 250g",
        "price": 10,
        "unitPrice": "$40.00 / 1KG"
    },
    {
        "category": "meat-seafood-deli",
        "href": "https://www.woolworths.com.au/shop/productdetails/765665/woolworths-rare-roast-beef-sliced",
        "imgName": "765665.jpg",
        "imgSrc": "https://cdn0.woolworths.media/content/wowproductimages/medium/765665.jpg",
        "name": "Woolworths Rare Roast Beef Sliced per kg",
        "price": 28,
        "unitPrice": "$28.00 / 1KG"
    },
    {
        "category": "meat-seafood-deli",
        "href": "https://www.woolworths.com.au/shop/productdetails/951320/galbani-bocconcini-mini",
        "imgName": "951320.jpg",
        "imgSrc": "https://cdn0.woolworths.media/content/wowproductimages/medium/951320.jpg",
        "name": "Galbani Bocconcini Mini 180g",
        "price": 4.99,
        "unitPrice": "$27.72 / 1KG"
    }
]