[
    {
        "category": "pantry",
        "href": "https://www.woolworths.com.au/shop/productdetails/574876/hoyts-italian-herb-mix",
        "imgName": "574876.jpg",
        "imgSrc": "https://cdn0.woolworths.media/content/wowproductimages/medium/574876.jpg",
        "name": "Hoyts Italian Herb Mix  140g",
        "price": 5.49,
        "unitPrice": "$0.39 / 10G"
    },
    {
        "category": "pantry",
        "href": "https://www.woolworths.com.au/shop/productdetails/586792/cheetos-cheese-bacon-balls",
        "imgName": "586792.jpg",
        "imgSrc": "https://cdn0.woolworths.media/content/wowproductimages/medium/586792.jpg",
        "name": "Cheetos Cheese & Bacon Balls  100g",
        "price": 2,
        "unitPrice": "$2.00 / 100G"
    },
    {
        "category": "pantry",
        "href": "https://www.woolworths.com.au/shop/productdetails/661757/olina-s-artisan-cracker-raisin-and-pumpkin-seeds",
        "imgName": "661757.jpg",
        "imgSrc": "https://cdn0.woolworths.media/content/wowproductimages/medium/661757.jpg",
        "name": "Olina's Artisan Cracker Raisin And Pumpkin Seeds 100g",
        "price": 4,
        "unitPrice": "$4.00 / 100G"
    },
    {
        "category": "pantry",
        "href": "https://www.woolworths.com.au/shop/productdetails/638233/trident-pho-beef-rice-noodles",
        "imgName": "638233.jpg",
        "imgSrc": "https://cdn0.woolworths.media/content/wowproductimages/medium/638233.jpg",
        "name": "Trident Pho Beef Rice Noodles 50g",
        "price": 2,
        "unitPrice": "$4.00 / 100G"
    },
    {
        "category": "pantry",
        "href": "https://www.woolworths.com.au/shop/productdetails/580636/pataks-mango-chicken-simmer-sauce",
        "imgName": "580636.jpg",
        "imgSrc": "https://cdn0.woolworths.media/content/wowproductimages/medium/580636.jpg",
        "name": "Pataks Mango Chicken Simmer Sauce 450g",
        "price": 4.5,
        "unitPrice": "$1.00 / 100G"
    },
    {
        "category": "pantry",
        "href": "https://www.woolworths.com.au/shop/productdetails/608620/macro-organic-toasted-coconut-flakes-with-sea-salt",
        "imgName": "608620.jpg",
        "imgSrc": "https://cdn0.woolworths.media/content/wowproductimages/medium/608620.jpg",
        "name": "Macro Organic Toasted Coconut Flakes With Sea Salt 140g",
        "price": 5,
        "unitPrice": "$3.57 / 100G"
    },
    {
        "category": "pantry",
        "href": "https://www.woolworths.com.au/shop/productdetails/580989/woolworths-bananas",
        "imgName": "580989.jpg",
        "imgSrc": "https://cdn0.woolworths.media/content/wowproductimages/medium/580989.jpg",
        "name": "Woolworths Bananas  170g",
        "price": 1,
        "unitPrice": "$0.59 / 100G"
    },
    {
        "category": "pantry",
        "href": "https://www.woolworths.com.au/shop/productdetails/574748/saxa-pink-himalayan-cooking-salt",
        "imgName": "574748.jpg",
        "imgSrc": "https://cdn0.woolworths.media/content/wowproductimages/medium/574748.jpg",
        "name": "Saxa Pink Himalayan Cooking Salt 750g",
        "price": 2.99,
        "unitPrice": "$0.04 / 10G"
    },
    {
        "category": "pantry",
        "href": "https://www.woolworths.com.au/shop/productdetails/658732/grinders-double-espresso-capsules",
        "imgName": "658732.jpg",
        "imgSrc": "https://cdn0.woolworths.media/content/wowproductimages/medium/658732.jpg",
        "name": "Grinders Double Espresso Capsules 10pk",
        "price": 6.5,
        "unitPrice": "$0.65 / 1EA"
    },
    {
        "category": "pantry",
        "href": "https://www.woolworths.com.au/shop/productdetails/218916/woolworths-select-mixed-vegetable-peas-corn-sweet-baby",
        "imgName": "218916.jpg",
        "imgSrc": "https://cdn0.woolworths.media/content/wowproductimages/medium/218916.jpg",
        "name": "Woolworths Select Mixed Vegetable Peas & Corn Sweet Baby 420g",
        "price": 1.15,
        "unitPrice": "$2.74 / 1KG"
    },
    {
        "category": "pantry",
        "href": "https://www.woolworths.com.au/shop/productdetails/661639/betty-crocker-vanilla-gluten-free-frosting",
        "imgName": "661639.jpg",
        "imgSrc": "https://cdn0.woolworths.media/content/wowproductimages/medium/661639.jpg",
        "name": "Betty Crocker Vanilla Gluten Free Frosting 400g",
        "price": 4,
        "unitPrice": "$1.00 / 100G"
    },
    {
        "category": "pantry",
        "href": "https://www.woolworths.com.au/shop/productdetails/606763/dinner-winner-pasta-beef",
        "imgName": "606763.jpg",
        "imgSrc": "https://cdn0.woolworths.media/content/wowproductimages/medium/606763.jpg",
        "name": "Dinner Winner Pasta Beef 153g",
        "price": 3.5,
        "unitPrice": "$2.29 / 100G"
    },
    {
        "category": "pantry",
        "href": "https://www.woolworths.com.au/shop/productdetails/591705/spc-apple-puree",
        "imgName": "591705.jpg",
        "imgSrc": "https://cdn0.woolworths.media/content/wowproductimages/medium/591705.jpg",
        "name": "Spc Apple Puree 4pk 480g",
        "price": 4.6,
        "unitPrice": "$9.58 / 1KG"
    },
    {
        "category": "pantry",
        "href": "https://www.woolworths.com.au/shop/productdetails/634893/hellmann-s-real-mayonnaise",
        "imgName": "634893.jpg",
        "imgSrc": "https://cdn0.woolworths.media/content/wowproductimages/medium/634893.jpg",
        "name": "Hellmann's Real Mayonnaise  800g",
        "price": 11,
        "unitPrice": "$1.38 / 100G"
    },
    {
        "category": "pantry",
        "href": "https://www.woolworths.com.au/shop/productdetails/521391/choice-chicken-noodle-cup",
        "imgName": "521391.jpg",
        "imgSrc": "https://cdn0.woolworths.media/content/wowproductimages/medium/521391.jpg",
        "name": "Choice Chicken Noodle Cup 70g",
        "price": 0.72,
        "unitPrice": "$1.03 / 100G"
    },
    {
        "category": "pantry",
        "href": "https://www.woolworths.com.au/shop/productdetails/579598/chandlers-australian-honey",
        "imgName": "579598.jpg",
        "imgSrc": "https://cdn0.woolworths.media/content/wowproductimages/medium/579598.jpg",
        "name": "Chandlers Australian Honey 1kg",
        "price": 12.49,
        "unitPrice": "$1.25 / 100G"
    },
    {
        "category": "pantry",
        "href": "https://www.woolworths.com.au/shop/productdetails/360891/rowntrees-fruit-pastilles",
        "imgName": "default.png",
        "imgSrc": "https://cdn0.woolworths.media/content/wowproductimages/large/default.png",
        "name": "Rowntrees Fruit Pastilles  52g",
        "price": 2,
        "unitPrice": "$3.81 / 100G"
    },
    {
        "category": "pantry",
        "href": "https://www.woolworths.com.au/shop/productdetails/574075/dollar-sweets-silver-cashous",
        "imgName": "574075.jpg",
        "imgSrc": "https://cdn0.woolworths.media/content/wowproductimages/medium/574075.jpg",
        "name": "Dollar Sweets Silver Cashous  130g",
        "price": 6,
        "unitPrice": "$4.62 / 100G"
    },
    {
        "category": "pantry",
        "href": "https://www.woolworths.com.au/shop/productdetails/652672/one-night-in-mexico-smokey-chipotle-taco-sauce",
        "imgName": "652672.jpg",
        "imgSrc": "https://cdn0.woolworths.media/content/wowproductimages/medium/652672.jpg",
        "name": "One Night In Mexico Smokey Chipotle Taco Sauce 250ml",
        "price": 4,
        "unitPrice": "$1.60 / 100ML"
    },
    {
        "category": "pantry",
        "href": "https://www.woolworths.com.au/shop/productdetails/502381/essentials-passata",
        "imgName": "502381.jpg",
        "imgSrc": "https://cdn0.woolworths.media/content/wowproductimages/medium/502381.jpg",
        "name": "Essentials Passata  680g",
        "price": 1.6,
        "unitPrice": "$0.24 / 100G"
    },
    {
        "category": "pantry",
        "href": "https://www.woolworths.com.au/shop/productdetails/948509/gourmet-garden-paste-coriander",
        "imgName": "948509.jpg",
        "imgSrc": "https://cdn0.woolworths.media/content/wowproductimages/medium/948509.jpg",
        "name": "Gourmet Garden Paste Coriander 80g",
        "price": 3.5,
        "unitPrice": "$0.44 / 10G"
    },
    {
        "category": "pantry",
        "href": "https://www.woolworths.com.au/shop/productdetails/587191/woolworths-sweet-salty-microwave-popcorn",
        "imgName": "587191.jpg",
        "imgSrc": "https://cdn0.woolworths.media/content/wowproductimages/medium/587191.jpg",
        "name": "Woolworths Sweet & Salty Microwave Popcorn 100g",
        "price": 0.95,
        "unitPrice": "$9.50 / 1KG"
    },
    {
        "category": "pantry",
        "href": "https://www.woolworths.com.au/shop/productdetails/76191/chang-s-fried-noodles",
        "imgName": "076191.jpg",
        "imgSrc": "https://cdn0.woolworths.media/content/wowproductimages/medium/076191.jpg",
        "name": "Chang's Fried Noodles  100g",
        "price": 1.3,
        "unitPrice": "$1.30 / 100G"
    },
    {
        "category": "pantry",
        "href": "https://www.woolworths.com.au/shop/productdetails/573505/woolworths-salted-mixed-nut",
        "imgName": "573505.jpg",
        "imgSrc": "https://cdn0.woolworths.media/content/wowproductimages/medium/573505.jpg",
        "name": "Woolworths Salted Mixed Nut  375g",
        "price": 3,
        "unitPrice": "$8.00 / 1KG"
    },
    {
        "category": "pantry",
        "href": "https://www.woolworths.com.au/shop/productdetails/771216/macro-organic-lentils",
        "imgName": "771216.jpg",
        "imgSrc": "https://cdn0.woolworths.media/content/wowproductimages/medium/771216.jpg",
        "name": "Macro Organic Lentils  425g",
        "price": 1.3,
        "unitPrice": "$3.06 / 1KG"
    },
    {
        "category": "pantry",
        "href": "https://www.woolworths.com.au/shop/productdetails/580631/pataks-light-butter-chicken-simmer-sauce",
        "imgName": "580631.jpg",
        "imgSrc": "https://cdn0.woolworths.media/content/wowproductimages/medium/580631.jpg",
        "name": "Pataks Light Butter Chicken Simmer Sauce 450g",
        "price": 4.5,
        "unitPrice": "$1.00 / 100G"
    },
    {
        "category": "pantry",
        "href": "https://www.woolworths.com.au/shop/productdetails/791179/woolworths-select-mushrooms-in-butter-sauce",
        "imgName": "791179.jpg",
        "imgSrc": "https://cdn0.woolworths.media/content/wowproductimages/medium/791179.jpg",
        "name": "Woolworths Select Mushrooms In Butter Sauce 400g",
        "price": 2,
        "unitPrice": "$5.00 / 1KG"
    },
    {
        "category": "pantry",
        "href": "https://www.woolworths.com.au/shop/productdetails/574072/dollar-sweets-chocolate-sprinkles",
        "imgName": "574072.jpg",
        "imgSrc": "https://cdn0.woolworths.media/content/wowproductimages/medium/574072.jpg",
        "name": "Dollar Sweets Chocolate Sprinkles  125g",
        "price": 6,
        "unitPrice": "$4.80 / 100G"
    },
    {
        "category": "pantry",
        "href": "https://www.woolworths.com.au/shop/productdetails/922983/pacific-organics-coconut-sugar",
        "imgName": "922983.jpg",
        "imgSrc": "https://cdn0.woolworths.media/content/wowproductimages/medium/922983.jpg",
        "name": "Pacific Organics Coconut Sugar  250g",
        "price": 4.99,
        "unitPrice": "$2.00 / 100G"
    },
    {
        "category": "pantry",
        "href": "https://www.woolworths.com.au/shop/productdetails/652673/one-night-in-mexico-spicy-jalapeno-taco-sauce",
        "imgName": "652673.jpg",
        "imgSrc": "https://cdn0.woolworths.media/content/wowproductimages/medium/652673.jpg",
        "name": "One Night In Mexico Spicy Jalapeno Taco Sauce 250ml",
        "price": 4,
        "unitPrice": "$1.60 / 100ML"
    },
    {
        "category": "pantry",
        "href": "https://www.woolworths.com.au/shop/productdetails/652683/one-night-in-mexico-flame-grilled-bbq-taco-sauce",
        "imgName": "652683.jpg",
        "imgSrc": "https://cdn0.woolworths.media/content/wowproductimages/medium/652683.jpg",
        "name": "One Night In Mexico Flame Grilled Bbq Taco Sauce 250ml",
        "price": 4,
        "unitPrice": "$1.60 / 100ML"
    },
    {
        "category": "pantry",
        "href": "https://www.woolworths.com.au/shop/productdetails/665985/nature-valley-nut-butter-peanut",
        "imgName": "665985.jpg",
        "imgSrc": "https://cdn0.woolworths.media/content/wowproductimages/medium/665985.jpg",
        "name": "Nature Valley Nut Butter Peanut 152g",
        "price": 5.3,
        "unitPrice": "$3.49 / 100G"
    },
    {
        "category": "pantry",
        "href": "https://www.woolworths.com.au/shop/productdetails/577913/tic-tac-mixers-pineapple-crunch",
        "imgName": "577913.jpg",
        "imgSrc": "https://cdn0.woolworths.media/content/wowproductimages/medium/577913.jpg",
        "name": "Tic Tac Mixers Pineapple Crunch 24g",
        "price": 1.7,
        "unitPrice": "$7.08 / 100G"
    },
    {
        "category": "pantry",
        "href": "https://www.woolworths.com.au/shop/productdetails/662989/sirena-sicilian-style-tuna-pasta",
        "imgName": "662989.jpg",
        "imgSrc": "https://cdn0.woolworths.media/content/wowproductimages/medium/662989.jpg",
        "name": "Sirena Sicilian Style Tuna & Pasta 170g",
        "price": 4,
        "unitPrice": "$23.53 / 1KG"
    },
    {
        "category": "pantry",
        "href": "https://www.woolworths.com.au/shop/productdetails/484311/always-fresh-artisan-collection-black-olives-pitted",
        "imgName": "484311.jpg",
        "imgSrc": "https://cdn0.woolworths.media/content/wowproductimages/medium/484311.jpg",
        "name": "Always Fresh Artisan Collection Black Olives Pitted 220g",
        "price": 3.3,
        "unitPrice": "$1.50 / 100G"
    },
    {
        "category": "pantry",
        "href": "https://www.woolworths.com.au/shop/productdetails/605941/uncle-tobys-o-g-warm-crunchy-granola-honey-almond-chai-spice",
        "imgName": "605941.jpg",
        "imgSrc": "https://cdn0.woolworths.media/content/wowproductimages/medium/605941.jpg",
        "name": "Uncle Tobys O&g Warm & Crunchy Granola Honey Almond & Chai Spice 450g",
        "price": 5.99,
        "unitPrice": "$1.33 / 100G"
    },
    {
        "category": "pantry",
        "href": "https://www.woolworths.com.au/shop/productdetails/497648/woolworths-strawberry-creme-wafers",
        "imgName": "497648.jpg",
        "imgSrc": "https://cdn0.woolworths.media/content/wowproductimages/medium/497648.jpg",
        "name": "Woolworths Strawberry Creme Wafers 125g",
        "price": 0.57,
        "unitPrice": "$0.46 / 100G"
    },
    {
        "category": "pantry",
        "href": "https://www.woolworths.com.au/shop/productdetails/605123/sanitarium-weet-bix-go-minis-berry-blitz",
        "imgName": "605123.jpg",
        "imgSrc": "https://cdn0.woolworths.media/content/wowproductimages/medium/605123.jpg",
        "name": "Sanitarium Weet-bix Go Minis Berry Blitz 7x30g",
        "price": 5,
        "unitPrice": "$2.38 / 100G"
    },
    {
        "category": "pantry",
        "href": "https://www.woolworths.com.au/shop/productdetails/524430/woolworths-green-stuffed-olives",
        "imgName": "524430.jpg",
        "imgSrc": "https://cdn0.woolworths.media/content/wowproductimages/medium/524430.jpg",
        "name": "Woolworths Green Stuffed Olives 450g",
        "price": 1.95,
        "unitPrice": "$0.43 / 100G"
    },
    {
        "category": "pantry",
        "href": "https://www.woolworths.com.au/shop/productdetails/631396/macro-balanced-bites-mix",
        "imgName": "631396.jpg",
        "imgSrc": "https://cdn0.woolworths.media/content/wowproductimages/medium/631396.jpg",
        "name": "Macro Balanced Bites Mix 30g",
        "price": 1,
        "unitPrice": "$3.33 / 100G"
    },
    {
        "category": "pantry",
        "href": "https://www.woolworths.com.au/shop/productdetails/782569/britivic-club-rock-shandy-soft-drink",
        "imgName": "default.png",
        "imgSrc": "https://cdn0.woolworths.media/content/wowproductimages/large/default.png",
        "name": "Britivic Club Rock Shandy Soft Drink 330ml",
        "price": 2.4,
        "unitPrice": "$0.73 / 100ML"
    },
    {
        "category": "pantry",
        "href": "https://www.woolworths.com.au/shop/productdetails/841348/dole-premium-tropical-pineapple-chunks-in-juice",
        "imgName": "841348.jpg",
        "imgSrc": "https://cdn0.woolworths.media/content/wowproductimages/medium/841348.jpg",
        "name": "Dole Premium Tropical Pineapple Chunks In Juice 227g",
        "price": 1.5,
        "unitPrice": "$6.61 / 1KG"
    },
    {
        "category": "pantry",
        "href": "https://www.woolworths.com.au/shop/productdetails/622940/marion-s-kitchen-vietnamese-noodle-salad-kit",
        "imgName": "622940.jpg",
        "imgSrc": "https://cdn0.woolworths.media/content/wowproductimages/medium/622940.jpg",
        "name": "Marion's Kitchen Vietnamese Noodle Salad Kit 300g",
        "price": 7.3,
        "unitPrice": "$2.43 / 100G"
    },
    {
        "category": "pantry",
        "href": "https://www.woolworths.com.au/shop/productdetails/619811/always-fresh-pizza-olives",
        "imgName": "619811.jpg",
        "imgSrc": "https://cdn0.woolworths.media/content/wowproductimages/medium/619811.jpg",
        "name": "Always Fresh Pizza Olives  50g",
        "price": 2,
        "unitPrice": "$4.00 / 100G"
    },
    {
        "category": "pantry",
        "href": "https://www.woolworths.com.au/shop/productdetails/638232/shelbys-cashew-blueberry-coconut-bar",
        "imgName": "638232.jpg",
        "imgSrc": "https://cdn0.woolworths.media/content/wowproductimages/medium/638232.jpg",
        "name": "Shelbys Cashew Blueberry & Coconut Bar 40g",
        "price": 3,
        "unitPrice": "$7.50 / 100G"
    },
    {
        "category": "pantry",
        "href": "https://www.woolworths.com.au/shop/productdetails/250995/woolworths-select-chilli-ground",
        "imgName": "250995.jpg",
        "imgSrc": "https://cdn0.woolworths.media/content/wowproductimages/medium/250995.jpg",
        "name": "Woolworths Select Chilli Ground 30g",
        "price": 2.2,
        "unitPrice": "$0.73 / 10G"
    },
    {
        "category": "pantry",
        "href": "https://www.woolworths.com.au/shop/productdetails/209030/kellogg-s-nutri-grain",
        "imgName": "209030.jpg",
        "imgSrc": "https://cdn0.woolworths.media/content/wowproductimages/medium/209030.jpg",
        "name": "Kellogg's Nutri-grain  805g",
        "price": 7.4,
        "special": 6,
        "unitPrice": "$0.75 / 100G"
    },
    {
        "category": "pantry",
        "href": "https://www.woolworths.com.au/shop/productdetails/580680/pataks-rogan-josh-simmer-sauce",
        "imgName": "580680.jpg",
        "imgSrc": "https://cdn0.woolworths.media/content/wowproductimages/medium/580680.jpg",
        "name": "Pataks Rogan Josh Simmer Sauce 450g",
        "price": 4.5,
        "unitPrice": "$1.00 / 100G"
    },
    {
        "category": "pantry",
        "href": "https://www.woolworths.com.au/shop/productdetails/665503/carman-s-lemon-coconut-oat-slice",
        "imgName": "665503.jpg",
        "imgSrc": "https://cdn0.woolworths.media/content/wowproductimages/medium/665503.jpg",
        "name": "Carman's Lemon Coconut Oat Slice 210g",
        "price": 5.6,
        "unitPrice": "$2.67 / 100G"
    },
    {
        "category": "pantry",
        "href": "https://www.woolworths.com.au/shop/productdetails/850636/john-west-thai-red-curry-flavour-tuna-brown-rice-quinoa",
        "imgName": "850636.jpg",
        "imgSrc": "https://cdn0.woolworths.media/content/wowproductimages/medium/850636.jpg",
        "name": "John West Thai Red Curry Flavour Tuna Brown Rice & Quinoa 200g",
        "price": 4.5,
        "unitPrice": "$22.50 / 1KG"
    },
    {
        "category": "pantry",
        "href": "https://www.woolworths.com.au/shop/productdetails/933629/map-clean-bean-cleaning-system",
        "imgName": "933629.jpg",
        "imgSrc": "https://cdn0.woolworths.media/content/wowproductimages/medium/933629.jpg",
        "name": "Map Clean Bean Cleaning System  each",
        "price": 7,
        "unitPrice": "$24.14 / 100G"
    },
    {
        "category": "pantry",
        "href": "https://www.woolworths.com.au/shop/productdetails/662422/dr-oetker-easy-white-chocolate",
        "imgName": "662422.jpg",
        "imgSrc": "https://cdn0.woolworths.media/content/wowproductimages/medium/662422.jpg",
        "name": "Dr. Oetker Easy White Chocolate 150g",
        "price": 4,
        "unitPrice": "$2.67 / 100G"
    },
    {
        "category": "pantry",
        "href": "https://www.woolworths.com.au/shop/productdetails/520728/woolworths-sundried-tomato-strips",
        "imgName": "520728.jpg",
        "imgSrc": "https://cdn0.woolworths.media/content/wowproductimages/medium/520728.jpg",
        "name": "Woolworths Sundried Tomato Strips 270g",
        "price": 3.39,
        "unitPrice": "$1.26 / 100G"
    },
    {
        "category": "pantry",
        "href": "https://www.woolworths.com.au/shop/productdetails/573472/macro-lentil-corn-chips-tzatziki-gluten-free",
        "imgName": "573472.jpg",
        "imgSrc": "https://cdn0.woolworths.media/content/wowproductimages/medium/573472.jpg",
        "name": "Macro Lentil Corn Chips Tzatziki Gluten Free 175g",
        "price": 4,
        "unitPrice": "$2.29 / 100G"
    },
    {
        "category": "pantry",
        "href": "https://www.woolworths.com.au/shop/productdetails/90893/lowan-cereal-flake-whole-grain-rice",
        "imgName": "090893.jpg",
        "imgSrc": "https://cdn0.woolworths.media/content/wowproductimages/medium/090893.jpg",
        "name": "Lowan Cereal Flake Whole Grain Rice 500g",
        "price": 3.69,
        "unitPrice": "$0.74 / 100G"
    },
    {
        "category": "pantry",
        "href": "https://www.woolworths.com.au/shop/productdetails/609551/changs-hoisin-sauce",
        "imgName": "609551.jpg",
        "imgSrc": "https://cdn0.woolworths.media/content/wowproductimages/medium/609551.jpg",
        "name": "Changs Hoisin Sauce  280ml",
        "price": 4,
        "unitPrice": "$1.43 / 100ML"
    },
    {
        "category": "pantry",
        "href": "https://www.woolworths.com.au/shop/productdetails/657432/heinz-baked-beans-ham-sauce",
        "imgName": "657432.jpg",
        "imgSrc": "https://cdn0.woolworths.media/content/wowproductimages/medium/657432.jpg",
        "name": "Heinz Baked Beans Ham Sauce 555g",
        "price": 3,
        "unitPrice": "$0.54 / 100G"
    },
    {
        "category": "pantry",
        "href": "https://www.woolworths.com.au/shop/productdetails/924081/connect-foods-organic-cacao-nibs",
        "imgName": "924081.jpg",
        "imgSrc": "https://cdn0.woolworths.media/content/wowproductimages/medium/924081.jpg",
        "name": "Connect Foods Organic Cacao Nibs  200g",
        "price": 9.99,
        "unitPrice": "$5.00 / 100G"
    },
    {
        "category": "pantry",
        "href": "https://www.woolworths.com.au/shop/productdetails/922979/pacific-organics-coconut-syrup",
        "imgName": "922979.jpg",
        "imgSrc": "https://cdn0.woolworths.media/content/wowproductimages/medium/922979.jpg",
        "name": "Pacific Organics Coconut Syrup  200g",
        "price": 6.39,
        "unitPrice": "$3.20 / 100G"
    },
    {
        "category": "pantry",
        "href": "https://www.woolworths.com.au/shop/productdetails/619816/fehlbergs-jalapenos-chilli-mix",
        "imgName": "619816.jpg",
        "imgSrc": "https://cdn0.woolworths.media/content/wowproductimages/medium/619816.jpg",
        "name": "Fehlbergs Jalapenos & Chilli Mix  470g",
        "price": 3.39,
        "unitPrice": "$0.72 / 100G"
    },
    {
        "category": "pantry",
        "href": "https://www.woolworths.com.au/shop/productdetails/635965/connect-foods-organic-tumeric",
        "imgName": "635965.jpg",
        "imgSrc": "https://cdn0.woolworths.media/content/wowproductimages/medium/635965.jpg",
        "name": "Connect Foods Organic Tumeric 200g",
        "price": 10,
        "unitPrice": "$5.00 / 100G"
    },
    {
        "category": "pantry",
        "href": "https://www.woolworths.com.au/shop/productdetails/428894/mother-earth-peanut-butter-lsa",
        "imgName": "428894.jpg",
        "imgSrc": "https://cdn0.woolworths.media/content/wowproductimages/medium/428894.jpg",
        "name": "Mother Earth Peanut Butter Lsa 380g",
        "price": 5.5,
        "unitPrice": "$1.45 / 100G"
    },
    {
        "category": "pantry",
        "href": "https://www.woolworths.com.au/shop/productdetails/440026/wrigley-s-extra-gum-lemon-lime",
        "imgName": "440026.jpg",
        "imgSrc": "https://cdn0.woolworths.media/content/wowproductimages/medium/440026.jpg",
        "name": "Wrigley's Extra Gum Lemon Lime 64g bottle",
        "price": 4,
        "unitPrice": "$6.25 / 100G"
    },
    {
        "category": "pantry",
        "href": "https://www.woolworths.com.au/shop/productdetails/640387/well-naturally-no-sugar-added-choc-coconut-bar",
        "imgName": "640387.jpg",
        "imgSrc": "https://cdn0.woolworths.media/content/wowproductimages/medium/640387.jpg",
        "name": "Well Naturally No Sugar Added Choc Coconut Bar 45g",
        "price": 2.85,
        "unitPrice": "$6.33 / 100G"
    },
    {
        "category": "pantry",
        "href": "https://www.woolworths.com.au/shop/productdetails/580914/pataks-spice-creation-creation-tikka-massala",
        "imgName": "580914.jpg",
        "imgSrc": "https://cdn0.woolworths.media/content/wowproductimages/medium/580914.jpg",
        "name": "Pataks Spice Creation Creation Tikka Massala 360g",
        "price": 5,
        "unitPrice": "$1.39 / 100G"
    },
    {
        "category": "pantry",
        "href": "https://www.woolworths.com.au/shop/productdetails/900348/nut-oven-roasted-premium-mix",
        "imgName": "900348.jpg",
        "imgSrc": "https://cdn0.woolworths.media/content/wowproductimages/medium/900348.jpg",
        "name": "Nut Oven Roasted Premium Mix  400g",
        "price": 15,
        "unitPrice": "$37.50 / 1KG"
    },
    {
        "category": "pantry",
        "href": "https://www.woolworths.com.au/shop/productdetails/201415/sanitarium-weet-bix-hi-bran-honey",
        "imgName": "201415.jpg",
        "imgSrc": "https://cdn0.woolworths.media/content/wowproductimages/medium/201415.jpg",
        "name": "Sanitarium Weet-bix Hi-bran & Honey 750g",
        "price": 5.33,
        "unitPrice": "$0.71 / 100G"
    },
    {
        "category": "pantry",
        "href": "https://www.woolworths.com.au/shop/productdetails/592119/woolworths-fruity-frogs",
        "imgName": "592119.jpg",
        "imgSrc": "https://cdn0.woolworths.media/content/wowproductimages/medium/592119.jpg",
        "name": "Woolworths Fruity Frogs  225g",
        "price": 2,
        "unitPrice": "$0.89 / 100G"
    },
    {
        "category": "pantry",
        "href": "https://www.woolworths.com.au/shop/productdetails/5669/aeroplane-jelly-lite-lime",
        "imgName": "005669.jpg",
        "imgSrc": "https://cdn0.woolworths.media/content/wowproductimages/medium/005669.jpg",
        "name": "Aeroplane Jelly Lite Lime 2x9g",
        "price": 1.9,
        "unitPrice": "$10.56 / 100G"
    },
    {
        "category": "pantry",
        "href": "https://www.woolworths.com.au/shop/productdetails/209986/masterfoods-fennel-seed-whole",
        "imgName": "209986.jpg",
        "imgSrc": "https://cdn0.woolworths.media/content/wowproductimages/medium/209986.jpg",
        "name": "Masterfoods Fennel Seed Whole 26g",
        "price": 3.25,
        "unitPrice": "$1.25 / 10G"
    },
    {
        "category": "pantry",
        "href": "https://www.woolworths.com.au/shop/productdetails/591716/mccormick-slow-cookers-greek-lamb",
        "imgName": "591716.jpg",
        "imgSrc": "https://cdn0.woolworths.media/content/wowproductimages/medium/591716.jpg",
        "name": "Mccormick Slow Cookers Greek Lamb 40g",
        "price": 1.69,
        "unitPrice": "$4.23 / 100G"
    },
    {
        "category": "pantry",
        "href": "https://www.woolworths.com.au/shop/productdetails/94706/essentials-white-vinegar",
        "imgName": "094706.jpg",
        "imgSrc": "https://cdn0.woolworths.media/content/wowproductimages/medium/094706.jpg",
        "name": "Essentials White Vinegar 2l",
        "price": 1.2,
        "unitPrice": "$0.06 / 100ML"
    },
    {
        "category": "pantry",
        "href": "https://www.woolworths.com.au/shop/productdetails/565831/woolworths-apple-slices-pie-fruit",
        "imgName": "565831.jpg",
        "imgSrc": "https://cdn0.woolworths.media/content/wowproductimages/medium/565831.jpg",
        "name": "Woolworths Apple Slices Pie Fruit 770g",
        "price": 3.5,
        "unitPrice": "$4.55 / 1KG"
    },
    {
        "category": "pantry",
        "href": "https://www.woolworths.com.au/shop/productdetails/92154/masterfoods-garlic-pepper",
        "imgName": "092154.jpg",
        "imgSrc": "https://cdn0.woolworths.media/content/wowproductimages/medium/092154.jpg",
        "name": "Masterfoods Garlic Pepper 50g",
        "price": 3.4,
        "unitPrice": "$0.68 / 10G"
    },
    {
        "category": "pantry",
        "href": "https://www.woolworths.com.au/shop/productdetails/657399/san-remo-gluten-free-spirals",
        "imgName": "657399.jpg",
        "imgSrc": "https://cdn0.woolworths.media/content/wowproductimages/medium/657399.jpg",
        "name": "San Remo Gluten Free Spirals 350g",
        "price": 3.99,
        "unitPrice": "$1.14 / 100G"
    },
    {
        "category": "pantry",
        "href": "https://www.woolworths.com.au/shop/productdetails/948505/gourmet-garden-paste-basil",
        "imgName": "948505.jpg",
        "imgSrc": "https://cdn0.woolworths.media/content/wowproductimages/medium/948505.jpg",
        "name": "Gourmet Garden Paste Basil 80g",
        "price": 3.5,
        "unitPrice": "$4.38 / 100G"
    },
    {
        "category": "pantry",
        "href": "https://www.woolworths.com.au/shop/productdetails/732537/beerenberg-relish-balsamic-beetroot",
        "imgName": "732537.jpg",
        "imgSrc": "https://cdn0.woolworths.media/content/wowproductimages/medium/732537.jpg",
        "name": "Beerenberg Relish Balsamic Beetroot 280g",
        "price": 5,
        "unitPrice": "$17.86 / 1KG"
    },
    {
        "category": "pantry",
        "href": "https://www.woolworths.com.au/shop/productdetails/663651/safcol-tuna-greek-salad-dressing-pouch",
        "imgName": "663651.jpg",
        "imgSrc": "https://cdn0.woolworths.media/content/wowproductimages/medium/663651.jpg",
        "name": "Safcol Tuna Greek Salad Dressing Pouch 120g",
        "price": 2.5,
        "unitPrice": "$20.83 / 1KG"
    },
    {
        "category": "pantry",
        "href": "https://www.woolworths.com.au/shop/productdetails/227571/greens-pudding-traditional-sticky-date",
        "imgName": "227571.jpg",
        "imgSrc": "https://cdn0.woolworths.media/content/wowproductimages/medium/227571.jpg",
        "name": "Greens Pudding Traditional Sticky Date 260g",
        "price": 2.8,
        "unitPrice": "$1.08 / 100G"
    },
    {
        "category": "pantry",
        "href": "https://www.woolworths.com.au/shop/productdetails/588065/woolworths-rocky-road-nut-mix",
        "imgName": "588065.jpg",
        "imgSrc": "https://cdn0.woolworths.media/content/wowproductimages/medium/588065.jpg",
        "name": "Woolworths Rocky Road Nut Mix 150g",
        "price": 6,
        "unitPrice": "$4.00 / 100G"
    },
    {
        "category": "pantry",
        "href": "https://www.woolworths.com.au/shop/productdetails/547388/topwil-organic-coconut-milk",
        "imgName": "547388.jpg",
        "imgSrc": "https://cdn0.woolworths.media/content/wowproductimages/medium/547388.jpg",
        "name": "Topwil Organic Coconut Milk  400ml",
        "price": 2.5,
        "unitPrice": "$0.63 / 100ML"
    },
    {
        "category": "pantry",
        "href": "https://www.woolworths.com.au/shop/productdetails/340411/john-west-tuna-tempter-chunky-springwater",
        "imgName": "340411.jpg",
        "imgSrc": "https://cdn0.woolworths.media/content/wowproductimages/medium/340411.jpg",
        "name": "John West Tuna Tempter Chunky Springwater 95g",
        "price": 2,
        "unitPrice": "$21.05 / 1KG"
    },
    {
        "category": "pantry",
        "href": "https://www.woolworths.com.au/shop/productdetails/619458/san-remo-pasta-pulse-spaghetti",
        "imgName": "619458.jpg",
        "imgSrc": "https://cdn0.woolworths.media/content/wowproductimages/medium/619458.jpg",
        "name": "San Remo Pasta Pulse Spaghetti 250g",
        "price": 3.99,
        "unitPrice": "$1.60 / 100G"
    },
    {
        "category": "pantry",
        "href": "https://www.woolworths.com.au/shop/productdetails/630625/uncle-tobys-chewy-lamington-muesli-bars-limited-edition-aussie-faves",
        "imgName": "630625.jpg",
        "imgSrc": "https://cdn0.woolworths.media/content/wowproductimages/medium/630625.jpg",
        "name": "Uncle Tobys Chewy Lamington Muesli Bars Limited Edition Aussie Faves 185g",
        "price": 4,
        "unitPrice": "$2.16 / 100G"
    },
    {
        "category": "pantry",
        "href": "https://www.woolworths.com.au/shop/productdetails/664154/john-west-mackerel-fillets-in-mexican-sauce",
        "imgName": "664154.jpg",
        "imgSrc": "https://cdn0.woolworths.media/content/wowproductimages/medium/664154.jpg",
        "name": "John West Mackerel Fillets In Mexican Sauce 125g",
        "price": 3,
        "unitPrice": "$24.00 / 1KG"
    },
    {
        "category": "pantry",
        "href": "https://www.woolworths.com.au/shop/productdetails/665502/carman-s-dark-choc-orange-hazelnut-bar",
        "imgName": "665502.jpg",
        "imgSrc": "https://cdn0.woolworths.media/content/wowproductimages/medium/665502.jpg",
        "name": "Carman's Dark Choc Orange Hazelnut Bar 210g",
        "price": 5.6,
        "unitPrice": "$2.67 / 100G"
    },
    {
        "category": "pantry",
        "href": "https://www.woolworths.com.au/shop/productdetails/665673/be-natural-nut-butter-bars-choc-vanilla-swirl",
        "imgName": "665673.jpg",
        "imgSrc": "https://cdn0.woolworths.media/content/wowproductimages/medium/665673.jpg",
        "name": "Be Natural Nut Butter Bars Choc Vanilla Swirl 135g 5pk",
        "price": 5,
        "unitPrice": "$3.70 / 100G"
    },
    {
        "category": "pantry",
        "href": "https://www.woolworths.com.au/shop/productdetails/665674/be-natural-nut-butter-bars-berry-bliss",
        "imgName": "665674.jpg",
        "imgSrc": "https://cdn0.woolworths.media/content/wowproductimages/medium/665674.jpg",
        "name": "Be Natural Nut Butter Bars Berry Bliss 135g 5pk",
        "price": 5,
        "unitPrice": "$3.70 / 100G"
    },
    {
        "category": "pantry",
        "href": "https://www.woolworths.com.au/shop/productdetails/521595/rowntrees-jelly-tots",
        "imgName": "521595.jpg",
        "imgSrc": "https://cdn0.woolworths.media/content/wowproductimages/medium/521595.jpg",
        "name": "Rowntrees Jelly Tots  150g",
        "price": 5.3,
        "unitPrice": "$3.53 / 100G"
    },
    {
        "category": "pantry",
        "href": "https://www.woolworths.com.au/shop/productdetails/591694/mccormick-slow-cookers-garlic-herb-lamb-shanks",
        "imgName": "591694.jpg",
        "imgSrc": "https://cdn0.woolworths.media/content/wowproductimages/medium/591694.jpg",
        "name": "Mccormick Slow Cookers Garlic & Herb Lamb Shanks 40g",
        "price": 1.69,
        "unitPrice": "$4.23 / 100G"
    },
    {
        "category": "pantry",
        "href": "https://www.woolworths.com.au/shop/productdetails/742407/dick-smith-tomato-sauce-ozesauce",
        "imgName": "742407.jpg",
        "imgSrc": "https://cdn0.woolworths.media/content/wowproductimages/medium/742407.jpg",
        "name": "Dick Smith Tomato Sauce Ozesauce 500ml",
        "price": 3,
        "unitPrice": "$0.60 / 100ML"
    },
    {
        "category": "pantry",
        "href": "https://www.woolworths.com.au/shop/productdetails/226413/leggo-s-pizza-sauce-sachets",
        "imgName": "226413.jpg",
        "imgSrc": "https://cdn0.woolworths.media/content/wowproductimages/medium/226413.jpg",
        "name": "Leggo's Pizza Sauce Sachets 4x50g",
        "price": 2,
        "unitPrice": "$1.00 / 100G"
    },
    {
        "category": "pantry",
        "href": "https://www.woolworths.com.au/shop/productdetails/259593/leggo-s-tomato-paste-pizza-grlc-onion-herb-squeeze",
        "imgName": "259593.jpg",
        "imgSrc": "https://cdn0.woolworths.media/content/wowproductimages/medium/259593.jpg",
        "name": "Leggo's Tomato Paste Pizza Grlc Onion Herb Squeeze 400g",
        "price": 3.49,
        "unitPrice": "$0.87 / 100G"
    },
    {
        "category": "pantry",
        "href": "https://www.woolworths.com.au/shop/productdetails/652071/sugarless-low-calorie-sweetener-tablets",
        "imgName": "652071.jpg",
        "imgSrc": "https://cdn0.woolworths.media/content/wowproductimages/medium/652071.jpg",
        "name": "Sugarless Low Calorie Sweetener Tablets 36g",
        "price": 5,
        "unitPrice": "$13.89 / 100G"
    },
    {
        "category": "pantry",
        "href": "https://www.woolworths.com.au/shop/productdetails/41859/twinings-earl-grey-loose-leaf-tea",
        "imgName": "041859.jpg",
        "imgSrc": "https://cdn0.woolworths.media/content/wowproductimages/medium/041859.jpg",
        "name": "Twinings Earl Grey Loose Leaf Tea 125g",
        "price": 7,
        "unitPrice": "$5.60 / 100G"
    },
    {
        "category": "pantry",
        "href": "https://www.woolworths.com.au/shop/productdetails/205497/betty-crocker-cinnamon-crumble-muffin-mix",
        "imgName": "205497.jpg",
        "imgSrc": "https://cdn0.woolworths.media/content/wowproductimages/medium/205497.jpg",
        "name": "Betty Crocker Cinnamon Crumble Muffin Mix 500g",
        "price": 5.2,
        "unitPrice": "$1.04 / 100G"
    },
    {
        "category": "pantry",
        "href": "https://www.woolworths.com.au/shop/productdetails/591700/mccormick-slow-cookers-beef-mushroom",
        "imgName": "591700.jpg",
        "imgSrc": "https://cdn0.woolworths.media/content/wowproductimages/medium/591700.jpg",
        "name": "Mccormick Slow Cookers Beef & Mushroom 40g",
        "price": 1.69,
        "unitPrice": "$4.23 / 100G"
    },
    {
        "category": "pantry",
        "href": "https://www.woolworths.com.au/shop/productdetails/540885/three-threes-peppered-pickled-onions",
        "imgName": "540885.jpg",
        "imgSrc": "https://cdn0.woolworths.media/content/wowproductimages/medium/540885.jpg",
        "name": "Three Threes Peppered Pickled Onions  500g",
        "price": 4,
        "unitPrice": "$8.00 / 1KG"
    },
    {
        "category": "pantry",
        "href": "https://www.woolworths.com.au/shop/productdetails/774862/macro-organic-quick-oats",
        "imgName": "774862.jpg",
        "imgSrc": "https://cdn0.woolworths.media/content/wowproductimages/medium/774862.jpg",
        "name": "Macro Organic Quick Oats 10pk 340g",
        "price": 4,
        "unitPrice": "$1.18 / 100G"
    },
    {
        "category": "pantry",
        "href": "https://www.woolworths.com.au/shop/productdetails/830564/mcvities-go-ahead-crispy-slices-sultana-raspberry-5x3pk-",
        "imgName": "830564.jpg",
        "imgSrc": "https://cdn0.woolworths.media/content/wowproductimages/medium/830564.jpg",
        "name": "Mcvities Go Ahead Crispy Slices Sultana & Raspberry (5x3pk) 218g",
        "price": 3.7,
        "unitPrice": "$1.70 / 100G"
    },
    {
        "category": "pantry",
        "href": "https://www.woolworths.com.au/shop/productdetails/272192/koala-white-rice-long-grain",
        "imgName": "272192.jpg",
        "imgSrc": "https://cdn0.woolworths.media/content/wowproductimages/medium/272192.jpg",
        "name": "Koala White Rice Long Grain 1kg",
        "price": 2.49,
        "unitPrice": "$0.25 / 100G"
    },
    {
        "category": "pantry",
        "href": "https://www.woolworths.com.au/shop/productdetails/21830/arnott-s-salada-97-fat-free",
        "imgName": "021830.jpg",
        "imgSrc": "https://cdn0.woolworths.media/content/wowproductimages/medium/021830.jpg",
        "name": "Arnott's Salada 97% Fat Free 250g",
        "price": 3,
        "unitPrice": "$1.20 / 100G"
    },
    {
        "category": "pantry",
        "href": "https://www.woolworths.com.au/shop/productdetails/481169/hikari-red-miso-paste",
        "imgName": "481169.jpg",
        "imgSrc": "https://cdn0.woolworths.media/content/wowproductimages/medium/481169.jpg",
        "name": "Hikari Red Miso Paste  400g",
        "price": 4.2,
        "unitPrice": "$1.05 / 100G"
    },
    {
        "category": "pantry",
        "href": "https://www.woolworths.com.au/shop/productdetails/251011/woolworths-select-fennel-seed-whole",
        "imgName": "251011.jpg",
        "imgSrc": "https://cdn0.woolworths.media/content/wowproductimages/medium/251011.jpg",
        "name": "Woolworths Select Fennel Seed Whole 26g",
        "price": 2.4,
        "unitPrice": "$0.92 / 10G"
    },
    {
        "category": "pantry",
        "href": "https://www.woolworths.com.au/shop/productdetails/637610/golden-days-almonds-coated-with-cacao",
        "imgName": "637610.jpg",
        "imgSrc": "https://cdn0.woolworths.media/content/wowproductimages/medium/637610.jpg",
        "name": "Golden Days Almonds Coated With Cacao 100g",
        "price": 7,
        "unitPrice": "$7.00 / 100G"
    },
    {
        "category": "pantry",
        "href": "https://www.woolworths.com.au/shop/productdetails/592098/woolworths-jellies-humbugs",
        "imgName": "592098.jpg",
        "imgSrc": "https://cdn0.woolworths.media/content/wowproductimages/medium/592098.jpg",
        "name": "Woolworths Jellies Humbugs 225g",
        "price": 2,
        "unitPrice": "$0.89 / 100G"
    },
    {
        "category": "pantry",
        "href": "https://www.woolworths.com.au/shop/productdetails/624119/cafe-royal-coffee-pods-ristretto-intenso",
        "imgName": "624119.jpg",
        "imgSrc": "https://cdn0.woolworths.media/content/wowproductimages/medium/624119.jpg",
        "name": "Cafe Royal Coffee Pods Ristretto Intenso 10pk",
        "price": 6.5,
        "unitPrice": "$0.65 / 1EA"
    },
    {
        "category": "pantry",
        "href": "https://www.woolworths.com.au/shop/productdetails/637695/cadbury-oreos-chocolate-coated",
        "imgName": "637695.jpg",
        "imgSrc": "https://cdn0.woolworths.media/content/wowproductimages/medium/637695.jpg",
        "name": "Cadbury Oreos Chocolate Coated 204g",
        "price": 3.8,
        "unitPrice": "$1.86 / 100G"
    },
    {
        "category": "pantry",
        "href": "https://www.woolworths.com.au/shop/productdetails/147567/pataks-pappadums-cook-to-eat-plain",
        "imgName": "147567.jpg",
        "imgSrc": "https://cdn0.woolworths.media/content/wowproductimages/medium/147567.jpg",
        "name": "Pataks Pappadums Cook To Eat Plain 100g",
        "price": 3,
        "unitPrice": "$3.00 / 100G"
    },
    {
        "category": "pantry",
        "href": "https://www.woolworths.com.au/shop/productdetails/567599/woolworths-wasabi-peas",
        "imgName": "567599.jpg",
        "imgSrc": "https://cdn0.woolworths.media/content/wowproductimages/medium/567599.jpg",
        "name": "Woolworths Wasabi Peas  175g",
        "price": 2.5,
        "unitPrice": "$14.29 / 1KG"
    },
    {
        "category": "pantry",
        "href": "https://www.woolworths.com.au/shop/productdetails/319550/woolworths-select-coffee-sachets-cappucino",
        "imgName": "319550.jpg",
        "imgSrc": "https://cdn0.woolworths.media/content/wowproductimages/medium/319550.jpg",
        "name": "Woolworths Select Coffee Sachets Cappucino 10pk",
        "price": 3.5,
        "unitPrice": "$2.65 / 100G"
    },
    {
        "category": "pantry",
        "href": "https://www.woolworths.com.au/shop/productdetails/32714/oxo-chicken-stock-cubes",
        "imgName": "032714.jpg",
        "imgSrc": "https://cdn0.woolworths.media/content/wowproductimages/medium/032714.jpg",
        "name": "Oxo Chicken Stock Cubes 71g",
        "price": 2.2,
        "unitPrice": "$0.31 / 10G"
    },
    {
        "category": "pantry",
        "href": "https://www.woolworths.com.au/shop/productdetails/32510/masterfoods-cayenne-pepper",
        "imgName": "032510.jpg",
        "imgSrc": "https://cdn0.woolworths.media/content/wowproductimages/medium/032510.jpg",
        "name": "Masterfoods Cayenne Pepper  30g",
        "price": 3.5,
        "unitPrice": "$1.17 / 10G"
    },
    {
        "category": "pantry",
        "href": "https://www.woolworths.com.au/shop/productdetails/35205/masterfoods-seasoning-lemon-pepper",
        "imgName": "035205.jpg",
        "imgSrc": "https://cdn0.woolworths.media/content/wowproductimages/medium/035205.jpg",
        "name": "Masterfoods Seasoning Lemon & Pepper 52g",
        "price": 3.4,
        "unitPrice": "$0.65 / 10G"
    },
    {
        "category": "pantry",
        "href": "https://www.woolworths.com.au/shop/productdetails/594618/spc-diced-mango-in-juice",
        "imgName": "594618.jpg",
        "imgSrc": "https://cdn0.woolworths.media/content/wowproductimages/medium/594618.jpg",
        "name": "Spc Diced Mango In Juice  8x120g",
        "price": 7.2,
        "unitPrice": "$7.50 / 1KG"
    },
    {
        "category": "pantry",
        "href": "https://www.woolworths.com.au/shop/productdetails/608177/ranchero-sour-cream-chipotle-seasoning",
        "imgName": "608177.jpg",
        "imgSrc": "https://cdn0.woolworths.media/content/wowproductimages/medium/608177.jpg",
        "name": "Ranchero Sour Cream Chipotle Seasoning 30g",
        "price": 2,
        "unitPrice": "$6.67 / 100G"
    },
    {
        "category": "pantry",
        "href": "https://www.woolworths.com.au/shop/productdetails/711605/edgell-baby-beets-baby-beets",
        "imgName": "711605.jpg",
        "imgSrc": "https://cdn0.woolworths.media/content/wowproductimages/medium/711605.jpg",
        "name": "Edgell Baby Beets Baby Beets 425g",
        "price": 1.75,
        "unitPrice": "$4.12 / 1KG"
    },
    {
        "category": "pantry",
        "href": "https://www.woolworths.com.au/shop/productdetails/450978/woolworths-vanilla-cake-tray-bake-kit",
        "imgName": "450978.jpg",
        "imgSrc": "https://cdn0.woolworths.media/content/wowproductimages/medium/450978.jpg",
        "name": "Woolworths Vanilla Cake Tray Bake Kit 535g",
        "price": 3.5,
        "unitPrice": "$0.65 / 100G"
    },
    {
        "category": "pantry",
        "href": "https://www.woolworths.com.au/shop/productdetails/574087/arnott-s-bites-mint-slice",
        "imgName": "574087.jpg",
        "imgSrc": "https://cdn0.woolworths.media/content/wowproductimages/medium/574087.jpg",
        "name": "Arnott's Bites Mint Slice 170g",
        "price": 4.4,
        "unitPrice": "$2.59 / 100G"
    },
    {
        "category": "pantry",
        "href": "https://www.woolworths.com.au/shop/productdetails/900004/sanitarium-weet-bix-go-breakfast-biscuits-wild-berry-burst",
        "imgName": "900004.jpg",
        "imgSrc": "https://cdn0.woolworths.media/content/wowproductimages/medium/900004.jpg",
        "name": "Sanitarium Weet-bix Go Breakfast Biscuits Wild Berry Burst 250g",
        "price": 4.49,
        "unitPrice": "$1.80 / 100G"
    },
    {
        "category": "pantry",
        "href": "https://www.woolworths.com.au/shop/productdetails/38181/angas-park-peaches-dried",
        "imgName": "038181.jpg",
        "imgSrc": "https://cdn0.woolworths.media/content/wowproductimages/medium/038181.jpg",
        "name": "Angas Park Peaches Dried 200g",
        "price": 5.3,
        "unitPrice": "$26.50 / 1KG"
    },
    {
        "category": "pantry",
        "href": "https://www.woolworths.com.au/shop/productdetails/117241/vegeta-chicken-stock-powder",
        "imgName": "117241.jpg",
        "imgSrc": "https://cdn0.woolworths.media/content/wowproductimages/medium/117241.jpg",
        "name": "Vegeta Chicken Stock Powder 200g",
        "price": 3.7,
        "unitPrice": "$0.19 / 10G"
    },
    {
        "category": "pantry",
        "href": "https://www.woolworths.com.au/shop/productdetails/37736/csr-brown-sugar-dark",
        "imgName": "037736.jpg",
        "imgSrc": "https://cdn0.woolworths.media/content/wowproductimages/medium/037736.jpg",
        "name": "Csr Brown Sugar Dark 1kg",
        "price": 4.9,
        "unitPrice": "$0.49 / 100G"
    },
    {
        "category": "pantry",
        "href": "https://www.woolworths.com.au/shop/productdetails/43114/aristocrat-onions-cocktail-white",
        "imgName": "043114.jpg",
        "imgSrc": "https://cdn0.woolworths.media/content/wowproductimages/medium/043114.jpg",
        "name": "Aristocrat Onions Cocktail White 150g",
        "price": 2,
        "unitPrice": "$13.33 / 1KG"
    },
    {
        "category": "pantry",
        "href": "https://www.woolworths.com.au/shop/productdetails/938819/collective-king-coconut-water",
        "imgName": "938819.jpg",
        "imgSrc": "https://cdn0.woolworths.media/content/wowproductimages/medium/938819.jpg",
        "name": "Collective King Coconut Water  1l",
        "price": 6,
        "unitPrice": "$6.00 / 1L"
    },
    {
        "category": "pantry",
        "href": "https://www.woolworths.com.au/shop/productdetails/9016/zafarelli-elicoidali-pasta-no-57",
        "imgName": "009016.jpg",
        "imgSrc": "https://cdn0.woolworths.media/content/wowproductimages/medium/009016.jpg",
        "name": "Zafarelli Elicoidali Pasta No 57 500g",
        "price": 1.94,
        "unitPrice": "$0.39 / 100G"
    },
    {
        "category": "pantry",
        "href": "https://www.woolworths.com.au/shop/productdetails/492073/woolworths-champignons-pieces-stems",
        "imgName": "492073.jpg",
        "imgSrc": "https://cdn0.woolworths.media/content/wowproductimages/medium/492073.jpg",
        "name": "Woolworths Champignons Pieces & Stems 400g",
        "price": 1.4,
        "unitPrice": "$3.50 / 1KG"
    },
    {
        "category": "pantry",
        "href": "https://www.woolworths.com.au/shop/productdetails/112080/csr-white-sugar-cubes",
        "imgName": "112080.jpg",
        "imgSrc": "https://cdn0.woolworths.media/content/wowproductimages/medium/112080.jpg",
        "name": "Csr White Sugar Cubes 450g",
        "price": 4.5,
        "unitPrice": "$1.00 / 100G"
    },
    {
        "category": "pantry",
        "href": "https://www.woolworths.com.au/shop/productdetails/45226/campbell-s-canned-soup-chicken-noodle",
        "imgName": "045226.jpg",
        "imgSrc": "https://cdn0.woolworths.media/content/wowproductimages/medium/045226.jpg",
        "name": "Campbell's Canned Soup Chicken Noodle 400g",
        "price": 1.86,
        "unitPrice": "$0.47 / 100G"
    },
    {
        "category": "pantry",
        "href": "https://www.woolworths.com.au/shop/productdetails/71400/spiral-miso-soup-rice-miso-paste",
        "imgName": "071400.jpg",
        "imgSrc": "https://cdn0.woolworths.media/content/wowproductimages/medium/071400.jpg",
        "name": "Spiral Miso Soup Rice Miso Paste 400g",
        "price": 7.5,
        "unitPrice": "$1.88 / 100G"
    },
    {
        "category": "pantry",
        "href": "https://www.woolworths.com.au/shop/productdetails/521392/choice-oriental-noodle-cup",
        "imgName": "521392.jpg",
        "imgSrc": "https://cdn0.woolworths.media/content/wowproductimages/medium/521392.jpg",
        "name": "Choice Oriental Noodle Cup 70g",
        "price": 0.72,
        "unitPrice": "$1.03 / 100G"
    },
    {
        "category": "pantry",
        "href": "https://www.woolworths.com.au/shop/productdetails/637746/ocean-spray-craisins-milk-chocolate",
        "imgName": "637746.jpg",
        "imgSrc": "https://cdn0.woolworths.media/content/wowproductimages/medium/637746.jpg",
        "name": "Ocean Spray Craisins Milk Chocolate 85g",
        "price": 2.99,
        "unitPrice": "$3.52 / 100G"
    },
    {
        "category": "pantry",
        "href": "https://www.woolworths.com.au/shop/productdetails/429224/john-west-fiery-jalapeno-tuna",
        "imgName": "429224.jpg",
        "imgSrc": "https://cdn0.woolworths.media/content/wowproductimages/medium/429224.jpg",
        "name": "John West Fiery Jalapeno Tuna 95g",
        "price": 2,
        "unitPrice": "$21.05 / 1KG"
    },
    {
        "category": "pantry",
        "href": "https://www.woolworths.com.au/shop/productdetails/182697/arnott-s-snack-right-sultana",
        "imgName": "182697.jpg",
        "imgSrc": "https://cdn0.woolworths.media/content/wowproductimages/medium/182697.jpg",
        "name": "Arnott's Snack Right Sultana 250g",
        "price": 4.2,
        "unitPrice": "$1.68 / 100G"
    },
    {
        "category": "pantry",
        "href": "https://www.woolworths.com.au/shop/productdetails/578629/peckish-rice-crackers-double-up-sour-cream",
        "imgName": "578629.jpg",
        "imgSrc": "https://cdn0.woolworths.media/content/wowproductimages/medium/578629.jpg",
        "name": "Peckish Rice Crackers Double Up Sour Cream 200g",
        "price": 3.5,
        "unitPrice": "$1.75 / 100G"
    },
    {
        "category": "pantry",
        "href": "https://www.woolworths.com.au/shop/productdetails/493528/aunt-betty-s-creamy-rice-dessert-apple-cinnamon",
        "imgName": "493528.jpg",
        "imgSrc": "https://cdn0.woolworths.media/content/wowproductimages/medium/493528.jpg",
        "name": "Aunt Betty's Creamy Rice Dessert Apple & Cinnamon 240g",
        "price": 3,
        "unitPrice": "$1.25 / 100G"
    },
    {
        "category": "pantry",
        "href": "https://www.woolworths.com.au/shop/productdetails/574747/gravox-finishing-sauce-wholegrain-mustard-honey",
        "imgName": "574747.jpg",
        "imgSrc": "https://cdn0.woolworths.media/content/wowproductimages/medium/574747.jpg",
        "name": "Gravox Finishing Sauce Wholegrain Mustard & Honey 165g",
        "price": 2,
        "unitPrice": "$1.21 / 100G"
    },
    {
        "category": "pantry",
        "href": "https://www.woolworths.com.au/shop/productdetails/858637/homebrand-wheat-germ",
        "imgName": "858637.jpg",
        "imgSrc": "https://cdn0.woolworths.media/content/wowproductimages/medium/858637.jpg",
        "name": "Homebrand Wheat Germ  500g",
        "price": 3,
        "unitPrice": "$0.60 / 100G"
    },
    {
        "category": "pantry",
        "href": "https://www.woolworths.com.au/shop/productdetails/334861/macro-organic-nuts-almonds",
        "imgName": "334861.jpg",
        "imgSrc": "https://cdn0.woolworths.media/content/wowproductimages/medium/334861.jpg",
        "name": "Macro Organic Nuts Almonds 500g",
        "price": 18,
        "unitPrice": "$36.00 / 1KG"
    },
    {
        "category": "pantry",
        "href": "https://www.woolworths.com.au/shop/productdetails/99542/campbell-s-country-ladle-canned-soup-pea-ham",
        "imgName": "099542.jpg",
        "imgSrc": "https://cdn0.woolworths.media/content/wowproductimages/medium/099542.jpg",
        "name": "Campbell's Country Ladle Canned Soup Pea & Ham 500g",
        "price": 3.29,
        "unitPrice": "$0.66 / 100G"
    },
    {
        "category": "pantry",
        "href": "https://www.woolworths.com.au/shop/productdetails/378981/spiral-sushi-vinegar-organic",
        "imgName": "378981.jpg",
        "imgSrc": "https://cdn0.woolworths.media/content/wowproductimages/medium/378981.jpg",
        "name": "Spiral Sushi Vinegar Organic 250ml",
        "price": 6,
        "unitPrice": "$2.40 / 100ML"
    },
    {
        "category": "pantry",
        "href": "https://www.woolworths.com.au/shop/productdetails/94634/hoyts-cloves-whole",
        "imgName": "094634.jpg",
        "imgSrc": "https://cdn0.woolworths.media/content/wowproductimages/medium/094634.jpg",
        "name": "Hoyts Cloves Whole 15g",
        "price": 1.8,
        "unitPrice": "$1.20 / 10G"
    },
    {
        "category": "pantry",
        "href": "https://www.woolworths.com.au/shop/productdetails/68881/spiral-brown-rice-miso-paste",
        "imgName": "068881.jpg",
        "imgSrc": "https://cdn0.woolworths.media/content/wowproductimages/medium/068881.jpg",
        "name": "Spiral Brown Rice Miso Paste 400g",
        "price": 6.5,
        "unitPrice": "$1.63 / 100G"
    },
    {
        "category": "pantry",
        "href": "https://www.woolworths.com.au/shop/productdetails/36375/always-fresh-cucumbers-polish-ogor",
        "imgName": "036375.jpg",
        "imgSrc": "https://cdn0.woolworths.media/content/wowproductimages/medium/036375.jpg",
        "name": "Always Fresh Cucumbers Polish Ogor 680g",
        "price": 3.6,
        "unitPrice": "$5.29 / 1KG"
    },
    {
        "category": "pantry",
        "href": "https://www.woolworths.com.au/shop/productdetails/662622/dr-oetker-party-pal-icing-decorations",
        "imgName": "662622.jpg",
        "imgSrc": "https://cdn0.woolworths.media/content/wowproductimages/medium/662622.jpg",
        "name": "Dr. Oetker Party Pal Icing Decorations 12pk 13g",
        "price": 3.5,
        "unitPrice": "$26.92 / 100G"
    },
    {
        "category": "pantry",
        "href": "https://www.woolworths.com.au/shop/productdetails/466088/angas-park-medjool-dates",
        "imgName": "466088.jpg",
        "imgSrc": "https://cdn0.woolworths.media/content/wowproductimages/medium/466088.jpg",
        "name": "Angas Park Medjool Dates  200g",
        "price": 6.99,
        "unitPrice": "$34.95 / 1KG"
    },
    {
        "category": "pantry",
        "href": "https://www.woolworths.com.au/shop/productdetails/329219/sunbeam-seed-mix",
        "imgName": "329219.jpg",
        "imgSrc": "https://cdn0.woolworths.media/content/wowproductimages/medium/329219.jpg",
        "name": "Sunbeam Seed Mix  165g",
        "price": 3,
        "unitPrice": "$18.18 / 1KG"
    },
    {
        "category": "pantry",
        "href": "https://www.woolworths.com.au/shop/productdetails/607579/heinz-bbq-chilli-sauce",
        "imgName": "607579.jpg",
        "imgSrc": "https://cdn0.woolworths.media/content/wowproductimages/medium/607579.jpg",
        "name": "Heinz Bbq Chilli Sauce 400ml",
        "price": 3,
        "unitPrice": "$0.75 / 100ML"
    },
    {
        "category": "pantry",
        "href": "https://www.woolworths.com.au/shop/productdetails/757924/masterfoods-barbecue-sauce-rib-limited-edition",
        "imgName": "757924.jpg",
        "imgSrc": "https://cdn0.woolworths.media/content/wowproductimages/medium/757924.jpg",
        "name": "Masterfoods Barbecue Sauce Rib Limited Edition 500ml",
        "price": 3.15,
        "unitPrice": "$0.63 / 100ML"
    },
    {
        "category": "pantry",
        "href": "https://www.woolworths.com.au/shop/productdetails/449941/dr-oetker-edible-decorations-giant-chocolate-stars",
        "imgName": "449941.jpg",
        "imgSrc": "https://cdn0.woolworths.media/content/wowproductimages/medium/449941.jpg",
        "name": "Dr Oetker Edible Decorations Giant Chocolate Stars 20g",
        "price": 4,
        "unitPrice": "$20.00 / 100G"
    },
    {
        "category": "pantry",
        "href": "https://www.woolworths.com.au/shop/productdetails/322478/csr-smart-white-sugar-blend",
        "imgName": "322478.jpg",
        "imgSrc": "https://cdn0.woolworths.media/content/wowproductimages/medium/322478.jpg",
        "name": "Csr Smart White Sugar Blend 500g",
        "price": 3.1,
        "unitPrice": "$0.62 / 100G"
    },
    {
        "category": "pantry",
        "href": "https://www.woolworths.com.au/shop/productdetails/651881/whole-earth-sweetener-baking-blend",
        "imgName": "651881.jpg",
        "imgSrc": "https://cdn0.woolworths.media/content/wowproductimages/medium/651881.jpg",
        "name": "Whole Earth Sweetener Baking Blend 500g",
        "price": 6.5,
        "unitPrice": "$1.30 / 100G"
    },
    {
        "category": "pantry",
        "href": "https://www.woolworths.com.au/shop/productdetails/541543/john-west-street-asian-tuna-thai-nam-jim-st",
        "imgName": "541543.jpg",
        "imgSrc": "https://cdn0.woolworths.media/content/wowproductimages/medium/541543.jpg",
        "name": "John West Street Asian Tuna Thai Nam Jim St 95g",
        "price": 2,
        "unitPrice": "$21.05 / 1KG"
    },
    {
        "category": "pantry",
        "href": "https://www.woolworths.com.au/shop/productdetails/320429/campbells-fully-loaded-soup-peppered-steak-gravy",
        "imgName": "320429.jpg",
        "imgSrc": "https://cdn0.woolworths.media/content/wowproductimages/medium/320429.jpg",
        "name": "Campbells Fully Loaded Soup Peppered Steak & Gravy 505g",
        "price": 3.79,
        "unitPrice": "$0.75 / 100G"
    },
    {
        "category": "pantry",
        "href": "https://www.woolworths.com.au/shop/productdetails/454007/dole-pear-slices-in-juice",
        "imgName": "454007.jpg",
        "imgSrc": "https://cdn0.woolworths.media/content/wowproductimages/medium/454007.jpg",
        "name": "Dole Pear Slices In Juice  810g",
        "price": 3,
        "unitPrice": "$3.70 / 1KG"
    },
    {
        "category": "pantry",
        "href": "https://www.woolworths.com.au/shop/productdetails/610520/spc-bean-pot-pickled-jalapeno",
        "imgName": "610520.jpg",
        "imgSrc": "https://cdn0.woolworths.media/content/wowproductimages/medium/610520.jpg",
        "name": "Spc Bean Pot Pickled Jalapeno 175g",
        "price": 1.5,
        "unitPrice": "$0.86 / 100G"
    },
    {
        "category": "pantry",
        "href": "https://www.woolworths.com.au/shop/productdetails/345112/obento-japanese-noodles-soba",
        "imgName": "345112.jpg",
        "imgSrc": "https://cdn0.woolworths.media/content/wowproductimages/medium/345112.jpg",
        "name": "Obento Japanese Noodles Soba 180g",
        "price": 1.4,
        "unitPrice": "$0.78 / 100G"
    },
    {
        "category": "pantry",
        "href": "https://www.woolworths.com.au/shop/productdetails/657421/heinz-baked-beans-tomato-sauce",
        "imgName": "657421.jpg",
        "imgSrc": "https://cdn0.woolworths.media/content/wowproductimages/medium/657421.jpg",
        "name": "Heinz Baked Beans Tomato Sauce 555g",
        "price": 3,
        "unitPrice": "$0.54 / 100G"
    },
    {
        "category": "pantry",
        "href": "https://www.woolworths.com.au/shop/productdetails/502951/bertolli-extra-virgin-olive-oil-originale",
        "imgName": "502951.jpg",
        "imgSrc": "https://cdn0.woolworths.media/content/wowproductimages/medium/502951.jpg",
        "name": "Bertolli Extra Virgin Olive Oil Originale 750ml",
        "price": 13,
        "unitPrice": "$1.73 / 100ML"
    },
    {
        "category": "pantry",
        "href": "https://www.woolworths.com.au/shop/productdetails/320436/campbells-fully-loaded-soup-beef-stroganoff",
        "imgName": "320436.jpg",
        "imgSrc": "https://cdn0.woolworths.media/content/wowproductimages/medium/320436.jpg",
        "name": "Campbells Fully Loaded Soup Beef Stroganoff 505g",
        "price": 3.79,
        "unitPrice": "$0.75 / 100G"
    },
    {
        "category": "pantry",
        "href": "https://www.woolworths.com.au/shop/productdetails/574761/saxa-pink-himalayan-table-salt",
        "imgName": "574761.jpg",
        "imgSrc": "https://cdn0.woolworths.media/content/wowproductimages/medium/574761.jpg",
        "name": "Saxa Pink Himalayan Table Salt 125g",
        "price": 2.99,
        "unitPrice": "$0.24 / 10G"
    },
    {
        "category": "pantry",
        "href": "https://www.woolworths.com.au/shop/productdetails/700110/maggi-fusian-soy-mild-spice-instant-noodles",
        "imgName": "700110.jpg",
        "imgSrc": "https://cdn0.woolworths.media/content/wowproductimages/medium/700110.jpg",
        "name": "Maggi Fusian Soy & Mild Spice Instant Noodles 5pk 360g",
        "price": 3.95,
        "unitPrice": "$1.10 / 100G"
    },
    {
        "category": "pantry",
        "href": "https://www.woolworths.com.au/shop/productdetails/626822/five-tastes-stir-fry-shots-lemongrass-kaffir-lime",
        "imgName": "626822.jpg",
        "imgSrc": "https://cdn0.woolworths.media/content/wowproductimages/medium/626822.jpg",
        "name": "Five Tastes Stir Fry Shots Lemongrass & Kaffir Lime 4x45g",
        "price": 4,
        "unitPrice": "$2.22 / 100G"
    },
    {
        "category": "pantry",
        "href": "https://www.woolworths.com.au/shop/productdetails/52783/spiral-tamari-sauce-organic",
        "imgName": "052783.jpg",
        "imgSrc": "https://cdn0.woolworths.media/content/wowproductimages/medium/052783.jpg",
        "name": "Spiral Tamari Sauce Organic 250ml",
        "price": 7.5,
        "unitPrice": "$3.00 / 100ML"
    },
    {
        "category": "pantry",
        "href": "https://www.woolworths.com.au/shop/productdetails/586824/campbell-s-manu-classic-french-onion-soup",
        "imgName": "586824.jpg",
        "imgSrc": "https://cdn0.woolworths.media/content/wowproductimages/medium/586824.jpg",
        "name": "Campbell's Manu Classic French Onion Soup 405g",
        "price": 3.29,
        "unitPrice": "$0.81 / 100G"
    },
    {
        "category": "pantry",
        "href": "https://www.woolworths.com.au/shop/productdetails/70897/kikkoman-nationally-brewed-soy-sauce-less-salt",
        "imgName": "070897.jpg",
        "imgSrc": "https://cdn0.woolworths.media/content/wowproductimages/medium/070897.jpg",
        "name": "Kikkoman Nationally Brewed Soy Sauce Less Salt 250ml",
        "price": 5.5,
        "unitPrice": "$2.20 / 100ML"
    },
    {
        "category": "pantry",
        "href": "https://www.woolworths.com.au/shop/productdetails/923168/gullon-no-added-sugar-breakfast-biscuits-yoghurt",
        "imgName": "923168.jpg",
        "imgSrc": "https://cdn0.woolworths.media/content/wowproductimages/medium/923168.jpg",
        "name": "Gullon No Added Sugar Breakfast Biscuits Yoghurt 220g",
        "price": 3.99,
        "unitPrice": "$1.81 / 100G"
    },
    {
        "category": "pantry",
        "href": "https://www.woolworths.com.au/shop/productdetails/720192/pf-biltong-traditional-south-african-mini-sticks",
        "imgName": "720192.jpg",
        "imgSrc": "https://cdn0.woolworths.media/content/wowproductimages/medium/720192.jpg",
        "name": "Pf Biltong Traditional South African Mini Sticks 30g",
        "price": 3.75,
        "unitPrice": "$12.50 / 100G"
    },
    {
        "category": "pantry",
        "href": "https://www.woolworths.com.au/shop/productdetails/34021/harvest-sausages-vegetables",
        "imgName": "034021.jpg",
        "imgSrc": "https://cdn0.woolworths.media/content/wowproductimages/medium/034021.jpg",
        "name": "Harvest Sausages Vegetables 425g",
        "price": 4,
        "unitPrice": "$9.41 / 1KG"
    },
    {
        "category": "pantry",
        "href": "https://www.woolworths.com.au/shop/productdetails/58926/tcc-coconut-milk-lite",
        "imgName": "058926.jpg",
        "imgSrc": "https://cdn0.woolworths.media/content/wowproductimages/medium/058926.jpg",
        "name": "Tcc Coconut Milk Lite 400ml",
        "price": 1.7,
        "unitPrice": "$0.43 / 100ML"
    },
    {
        "category": "pantry",
        "href": "https://www.woolworths.com.au/shop/productdetails/591710/mccormick-slow-cooker-chicken-korma",
        "imgName": "591710.jpg",
        "imgSrc": "https://cdn0.woolworths.media/content/wowproductimages/medium/591710.jpg",
        "name": "Mccormick Slow Cooker Chicken Korma 40g",
        "price": 1.69,
        "unitPrice": "$4.23 / 100G"
    },
    {
        "category": "pantry",
        "href": "https://www.woolworths.com.au/shop/productdetails/638036/kisko-nice-n-juicy-freeze-pops",
        "imgName": "638036.jpg",
        "imgSrc": "https://cdn0.woolworths.media/content/wowproductimages/medium/638036.jpg",
        "name": "Kisko Nice 'n Juicy Freeze Pops 45x66ml",
        "price": 8,
        "unitPrice": "$0.27 / 100ML"
    },
    {
        "category": "pantry",
        "href": "https://www.woolworths.com.au/shop/productdetails/52995/spiral-mirin-sweet-seasoning",
        "imgName": "052995.jpg",
        "imgSrc": "https://cdn0.woolworths.media/content/wowproductimages/medium/052995.jpg",
        "name": "Spiral Mirin Sweet Seasoning 250ml",
        "price": 6,
        "unitPrice": "$2.40 / 100ML"
    },
    {
        "category": "pantry",
        "href": "https://www.woolworths.com.au/shop/productdetails/476619/i-quit-sugar-gluten-free-brownie-mix-raw-cacao",
        "imgName": "476619.jpg",
        "imgSrc": "https://cdn0.woolworths.media/content/wowproductimages/medium/476619.jpg",
        "name": "I Quit Sugar Gluten Free Brownie Mix Raw Cacao 300g",
        "price": 8.99,
        "unitPrice": "$3.00 / 100G"
    },
    {
        "category": "pantry",
        "href": "https://www.woolworths.com.au/shop/productdetails/492074/woolworths-champignon-whole",
        "imgName": "492074.jpg",
        "imgSrc": "https://cdn0.woolworths.media/content/wowproductimages/medium/492074.jpg",
        "name": "Woolworths Champignon Whole  190g",
        "price": 0.85,
        "unitPrice": "$4.47 / 1KG"
    },
    {
        "category": "pantry",
        "href": "https://www.woolworths.com.au/shop/productdetails/33948/kikkoman-marinade-teriyaki",
        "imgName": "033948.jpg",
        "imgSrc": "https://cdn0.woolworths.media/content/wowproductimages/medium/033948.jpg",
        "name": "Kikkoman Marinade Teriyaki 250ml",
        "price": 3.2,
        "unitPrice": "$1.28 / 100ML"
    },
    {
        "category": "pantry",
        "href": "https://www.woolworths.com.au/shop/productdetails/39336/lee-kum-kee-sauce-hoi-sin",
        "imgName": "039336.jpg",
        "imgSrc": "https://cdn0.woolworths.media/content/wowproductimages/medium/039336.jpg",
        "name": "Lee Kum Kee Sauce Hoi Sin 240g",
        "price": 3.55,
        "unitPrice": "$1.48 / 100G"
    },
    {
        "category": "pantry",
        "href": "https://www.woolworths.com.au/shop/productdetails/615975/woolworths-trail-mix",
        "imgName": "615975.jpg",
        "imgSrc": "https://cdn0.woolworths.media/content/wowproductimages/medium/615975.jpg",
        "name": "Woolworths Trail Mix  6x30g",
        "price": 4,
        "unitPrice": "$22.22 / 1KG"
    },
    {
        "category": "pantry",
        "href": "https://www.woolworths.com.au/shop/productdetails/608987/masterfoods-tomato-sauce",
        "imgName": "608987.jpg",
        "imgSrc": "https://cdn0.woolworths.media/content/wowproductimages/medium/608987.jpg",
        "name": "Masterfoods Tomato Sauce  2l",
        "price": 7,
        "unitPrice": "$0.35 / 100ML"
    },
    {
        "category": "pantry",
        "href": "https://www.woolworths.com.au/shop/productdetails/549132/john-west-sardines-sea-salt-rosemary",
        "imgName": "549132.jpg",
        "imgSrc": "https://cdn0.woolworths.media/content/wowproductimages/medium/549132.jpg",
        "name": "John West Sardines Sea Salt & Rosemary 110g",
        "price": 2.7,
        "unitPrice": "$24.55 / 1KG"
    },
    {
        "category": "pantry",
        "href": "https://www.woolworths.com.au/shop/productdetails/93114/masterfoods-seasoning-moroccan",
        "imgName": "093114.jpg",
        "imgSrc": "https://cdn0.woolworths.media/content/wowproductimages/medium/093114.jpg",
        "name": "Masterfoods Seasoning Moroccan 47g",
        "price": 3.7,
        "unitPrice": "$0.79 / 10G"
    },
    {
        "category": "pantry",
        "href": "https://www.woolworths.com.au/shop/productdetails/296914/woolworths-sweet-chilli-sauce",
        "imgName": "296914.jpg",
        "imgSrc": "https://cdn0.woolworths.media/content/wowproductimages/medium/296914.jpg",
        "name": "Woolworths Sweet Chilli Sauce  280ml",
        "price": 1.87,
        "unitPrice": "$0.67 / 100ML"
    },
    {
        "category": "pantry",
        "href": "https://www.woolworths.com.au/shop/productdetails/76240/chang-s-sesame-oil",
        "imgName": "076240.jpg",
        "imgSrc": "https://cdn0.woolworths.media/content/wowproductimages/medium/076240.jpg",
        "name": "Chang's Sesame Oil 150ml",
        "price": 3.65,
        "unitPrice": "$2.43 / 100ML"
    },
    {
        "category": "pantry",
        "href": "https://www.woolworths.com.au/shop/productdetails/535605/woolworths-wholemeal-plain-flour",
        "imgName": "535605.jpg",
        "imgSrc": "https://cdn0.woolworths.media/content/wowproductimages/medium/535605.jpg",
        "name": "Woolworths Wholemeal Plain Flour 1kg",
        "price": 2,
        "unitPrice": "$2.00 / 1KG"
    },
    {
        "category": "pantry",
        "href": "https://www.woolworths.com.au/shop/productdetails/50431/masterfoods-seasoning-tuscan",
        "imgName": "050431.jpg",
        "imgSrc": "https://cdn0.woolworths.media/content/wowproductimages/medium/050431.jpg",
        "name": "Masterfoods Seasoning Tuscan 40g",
        "price": 3.75,
        "unitPrice": "$0.94 / 10G"
    },
    {
        "category": "pantry",
        "href": "https://www.woolworths.com.au/shop/productdetails/47553/three-threes-pickles-mustard-spreadable",
        "imgName": "047553.jpg",
        "imgSrc": "https://cdn0.woolworths.media/content/wowproductimages/medium/047553.jpg",
        "name": "Three Threes Pickles Mustard Spreadable 390g",
        "price": 1.9,
        "unitPrice": "$4.87 / 1KG"
    },
    {
        "category": "pantry",
        "href": "https://www.woolworths.com.au/shop/productdetails/941645/arnott-s-shapes-light-crispy-sour-cream-chives",
        "imgName": "941645.jpg",
        "imgSrc": "https://cdn0.woolworths.media/content/wowproductimages/medium/941645.jpg",
        "name": "Arnott's Shapes Light & Crispy Sour Cream & Chives 120g",
        "price": 3,
        "unitPrice": "$2.50 / 100G"
    },
    {
        "category": "pantry",
        "href": "https://www.woolworths.com.au/shop/productdetails/23031/masterfoods-coriander-leaves",
        "imgName": "023031.jpg",
        "imgSrc": "https://cdn0.woolworths.media/content/wowproductimages/medium/023031.jpg",
        "name": "Masterfoods Coriander Leaves 5g",
        "price": 3.5,
        "unitPrice": "$7.00 / 10G"
    },
    {
        "category": "pantry",
        "href": "https://www.woolworths.com.au/shop/productdetails/92589/john-west-tuna-tempters-zesty-vinaigrette",
        "imgName": "092589.jpg",
        "imgSrc": "https://cdn0.woolworths.media/content/wowproductimages/medium/092589.jpg",
        "name": "John West Tuna Tempters Zesty Vinaigrette 95g",
        "price": 2,
        "unitPrice": "$21.05 / 1KG"
    },
    {
        "category": "pantry",
        "href": "https://www.woolworths.com.au/shop/productdetails/267557/sunrice-jasmine-rice",
        "imgName": "267557.jpg",
        "imgSrc": "https://cdn0.woolworths.media/content/wowproductimages/medium/267557.jpg",
        "name": "Sunrice Jasmine Rice  1kg",
        "price": 3.2,
        "unitPrice": "$0.32 / 100G"
    },
    {
        "category": "pantry",
        "href": "https://www.woolworths.com.au/shop/productdetails/36034/arnott-s-fruit-roll-slices-spicy",
        "imgName": "036034.jpg",
        "imgSrc": "https://cdn0.woolworths.media/content/wowproductimages/medium/036034.jpg",
        "name": "Arnott's Fruit Roll Slices Spicy 250g",
        "price": 4.2,
        "unitPrice": "$1.68 / 100G"
    },
    {
        "category": "pantry",
        "href": "https://www.woolworths.com.au/shop/productdetails/347112/greens-cake-mix-banana",
        "imgName": "347112.jpg",
        "imgSrc": "https://cdn0.woolworths.media/content/wowproductimages/medium/347112.jpg",
        "name": "Greens Cake Mix Banana 430g",
        "price": 2.75,
        "unitPrice": "$0.64 / 100G"
    },
    {
        "category": "pantry",
        "href": "https://www.woolworths.com.au/shop/productdetails/646336/mcvities-digestives-nibbles-double-chocolate",
        "imgName": "646336.jpg",
        "imgSrc": "https://cdn0.woolworths.media/content/wowproductimages/medium/646336.jpg",
        "name": "Mcvities Digestives Nibbles Double Chocolate 120g",
        "price": 3.7,
        "unitPrice": "$3.08 / 100G"
    },
    {
        "category": "pantry",
        "href": "https://www.woolworths.com.au/shop/productdetails/147757/beechworth-pure-honey",
        "imgName": "147757.jpg",
        "imgSrc": "https://cdn0.woolworths.media/content/wowproductimages/medium/147757.jpg",
        "name": "Beechworth Pure Honey 500g",
        "price": 7.1,
        "unitPrice": "$1.42 / 100G"
    },
    {
        "category": "pantry",
        "href": "https://www.woolworths.com.au/shop/productdetails/505355/massel-7-s-cubes-gluten-free-vegetable",
        "imgName": "505355.jpg",
        "imgSrc": "https://cdn0.woolworths.media/content/wowproductimages/medium/505355.jpg",
        "name": "Massel 7's Cubes Gluten Free Vegetable 35g",
        "price": 1,
        "unitPrice": "$0.29 / 10G"
    },
    {
        "category": "pantry",
        "href": "https://www.woolworths.com.au/shop/productdetails/251547/golden-circle-pineapple-thins-in-natural-juice",
        "imgName": "251547.jpg",
        "imgSrc": "https://cdn0.woolworths.media/content/wowproductimages/medium/251547.jpg",
        "name": "Golden Circle Pineapple Thins In Natural Juice 440g",
        "price": 3.25,
        "unitPrice": "$7.39 / 1KG"
    },
    {
        "category": "pantry",
        "href": "https://www.woolworths.com.au/shop/productdetails/660961/nudie-brekkie-tropical-mango-dairy-free",
        "imgName": "660961.jpg",
        "imgSrc": "https://cdn0.woolworths.media/content/wowproductimages/medium/660961.jpg",
        "name": "Nudie Brekkie Tropical Mango Dairy Free 3 x 250 ml",
        "price": 6.4,
        "unitPrice": "$8.53 / 1L"
    },
    {
        "category": "pantry",
        "href": "https://www.woolworths.com.au/shop/productdetails/652680/one-night-in-mexico-lime-jalapeno-seasoning",
        "imgName": "652680.jpg",
        "imgSrc": "https://cdn0.woolworths.media/content/wowproductimages/medium/652680.jpg",
        "name": "One Night In Mexico Lime & Jalapeno Seasoning 35g",
        "price": 2.5,
        "unitPrice": "$7.14 / 100G"
    },
    {
        "category": "pantry",
        "href": "https://www.woolworths.com.au/shop/productdetails/634475/paul-newman-s-citrus-vingrette-salad-dressing",
        "imgName": "634475.jpg",
        "imgSrc": "https://cdn0.woolworths.media/content/wowproductimages/medium/634475.jpg",
        "name": "Paul Newman's Citrus Vingrette Salad Dressing 250ml",
        "price": 4,
        "unitPrice": "$1.60 / 100ML"
    },
    {
        "category": "pantry",
        "href": "https://www.woolworths.com.au/shop/productdetails/230649/ardmona-rich-thick-classic-finely-chopped-tomatoes",
        "imgName": "230649.jpg",
        "imgSrc": "https://cdn0.woolworths.media/content/wowproductimages/medium/230649.jpg",
        "name": "Ardmona Rich & Thick Classic Finely Chopped Tomatoes 410g",
        "price": 1.8,
        "unitPrice": "$4.39 / 1KG"
    },
    {
        "category": "pantry",
        "href": "https://www.woolworths.com.au/shop/productdetails/36715/kookaburra-peanuts-raw",
        "imgName": "036715.jpg",
        "imgSrc": "https://cdn0.woolworths.media/content/wowproductimages/medium/036715.jpg",
        "name": "Kookaburra Peanuts Raw 375g",
        "price": 2.8,
        "unitPrice": "$7.47 / 1KG"
    },
    {
        "category": "pantry",
        "href": "https://www.woolworths.com.au/shop/productdetails/33429/golden-circle-pineapple-sliced-in-syrup",
        "imgName": "033429.jpg",
        "imgSrc": "https://cdn0.woolworths.media/content/wowproductimages/medium/033429.jpg",
        "name": "Golden Circle Pineapple Sliced In Syrup 450g",
        "price": 3.25,
        "unitPrice": "$7.22 / 1KG"
    },
    {
        "category": "pantry",
        "href": "https://www.woolworths.com.au/shop/productdetails/142145/maille-hollandaise-cream-sauce-with-lemon-juice",
        "imgName": "142145.jpg",
        "imgSrc": "https://cdn0.woolworths.media/content/wowproductimages/medium/142145.jpg",
        "name": "Maille Hollandaise Cream Sauce With Lemon Juice 200ml",
        "price": 4,
        "unitPrice": "$2.00 / 100ML"
    },
    {
        "category": "pantry",
        "href": "https://www.woolworths.com.au/shop/productdetails/350371/fruit-for-life-coconut-chips",
        "imgName": "350371.jpg",
        "imgSrc": "https://cdn0.woolworths.media/content/wowproductimages/medium/350371.jpg",
        "name": "Fruit For Life Coconut Chips 40g",
        "price": 2.1,
        "unitPrice": "$52.50 / 1KG"
    },
    {
        "category": "pantry",
        "href": "https://www.woolworths.com.au/shop/productdetails/593273/cadbury-dairy-milk-marvellous-creations-clinkers-raspberry-marshmallow",
        "imgName": "593273.jpg",
        "imgSrc": "https://cdn0.woolworths.media/content/wowproductimages/medium/593273.jpg",
        "name": "Cadbury Dairy Milk Marvellous Creations Clinkers Raspberry & Marshmallow 205g block",
        "price": 5,
        "unitPrice": "$2.44 / 100G"
    },
    {
        "category": "pantry",
        "href": "https://www.woolworths.com.au/shop/productdetails/661812/arnott-s-crukits-rustic-italian-herb",
        "imgName": "661812.jpg",
        "imgSrc": "https://cdn0.woolworths.media/content/wowproductimages/medium/661812.jpg",
        "name": "Arnott's Crukits Rustic Italian Herb  100g",
        "price": 3,
        "unitPrice": "$3.00 / 100G"
    },
    {
        "category": "pantry",
        "href": "https://www.woolworths.com.au/shop/productdetails/580258/premium-crispbread-original",
        "imgName": "580258.jpg",
        "imgSrc": "https://cdn0.woolworths.media/content/wowproductimages/medium/580258.jpg",
        "name": "Premium Crispbread Original 100g",
        "price": 1.5,
        "unitPrice": "$1.50 / 100G"
    },
    {
        "category": "pantry",
        "href": "https://www.woolworths.com.au/shop/productdetails/215450/macro-organic-spaghetti-pasta",
        "imgName": "215450.jpg",
        "imgSrc": "https://cdn0.woolworths.media/content/wowproductimages/medium/215450.jpg",
        "name": "Macro Organic Spaghetti Pasta 500g",
        "price": 1.75,
        "unitPrice": "$0.35 / 100G"
    },
    {
        "category": "pantry",
        "href": "https://www.woolworths.com.au/shop/productdetails/116229/bionature-tomatoes-chopped-no-added-salt",
        "imgName": "116229.jpg",
        "imgSrc": "https://cdn0.woolworths.media/content/wowproductimages/medium/116229.jpg",
        "name": "Bionature Tomatoes Chopped No Added Salt 400g",
        "price": 1.6,
        "unitPrice": "$4.00 / 1KG"
    },
    {
        "category": "pantry",
        "href": "https://www.woolworths.com.au/shop/productdetails/660945/nudie-brekkie-vanilla-chia",
        "imgName": "660945.jpg",
        "imgSrc": "https://cdn0.woolworths.media/content/wowproductimages/medium/660945.jpg",
        "name": "Nudie Brekkie Vanilla Chia 3 x 250 ml",
        "price": 6.4,
        "unitPrice": "$8.53 / 1L"
    },
    {
        "category": "pantry",
        "href": "https://www.woolworths.com.au/shop/productdetails/4637/homebrand-salmon-red",
        "imgName": "004637.jpg",
        "imgSrc": "https://cdn0.woolworths.media/content/wowproductimages/medium/004637.jpg",
        "name": "Homebrand Salmon Red 210g",
        "price": 4,
        "unitPrice": "$19.05 / 1KG"
    },
    {
        "category": "pantry",
        "href": "https://www.woolworths.com.au/shop/productdetails/254784/woolworths-select-chocolate-hard-set-topping",
        "imgName": "254784.jpg",
        "imgSrc": "https://cdn0.woolworths.media/content/wowproductimages/medium/254784.jpg",
        "name": "Woolworths Select Chocolate Hard Set Topping 220g",
        "price": 3,
        "unitPrice": "$1.36 / 100G"
    },
    {
        "category": "pantry",
        "href": "https://www.woolworths.com.au/shop/productdetails/712673/jeenys-paste-shrimp",
        "imgName": "712673.jpg",
        "imgSrc": "https://cdn0.woolworths.media/content/wowproductimages/medium/712673.jpg",
        "name": "Jeenys Paste Shrimp 80g",
        "price": 2.8,
        "unitPrice": "$3.50 / 100G"
    },
    {
        "category": "pantry",
        "href": "https://www.woolworths.com.au/shop/productdetails/34020/harvest-beef-mild-curry-vegetable",
        "imgName": "034020.jpg",
        "imgSrc": "https://cdn0.woolworths.media/content/wowproductimages/medium/034020.jpg",
        "name": "Harvest Beef Mild Curry Vegetable 425g",
        "price": 4,
        "unitPrice": "$9.41 / 1KG"
    },
    {
        "category": "pantry",
        "href": "https://www.woolworths.com.au/shop/productdetails/572974/woolworths-sweet-sour-chicken-with-rice",
        "imgName": "572974.jpg",
        "imgSrc": "https://cdn0.woolworths.media/content/wowproductimages/medium/572974.jpg",
        "name": "Woolworths Sweet & Sour Chicken With Rice 350g",
        "price": 4,
        "unitPrice": "$1.14 / 100G"
    },
    {
        "category": "pantry",
        "href": "https://www.woolworths.com.au/shop/productdetails/21197/kinder-chocolate-little-ones",
        "imgName": "021197.jpg",
        "imgSrc": "https://cdn0.woolworths.media/content/wowproductimages/medium/021197.jpg",
        "name": "Kinder Chocolate Little Ones 4pk 50g",
        "price": 1.9,
        "unitPrice": "$3.80 / 100G"
    },
    {
        "category": "pantry",
        "href": "https://www.woolworths.com.au/shop/productdetails/19274/thomy-mayonnaise",
        "imgName": "019274.jpg",
        "imgSrc": "https://cdn0.woolworths.media/content/wowproductimages/medium/019274.jpg",
        "name": "Thomy Mayonnaise  470g",
        "price": 6,
        "unitPrice": "$1.28 / 100G"
    },
    {
        "category": "pantry",
        "href": "https://www.woolworths.com.au/shop/productdetails/358063/mentos-fruit-chews-rainbow",
        "imgName": "358063.jpg",
        "imgSrc": "https://cdn0.woolworths.media/content/wowproductimages/medium/358063.jpg",
        "name": "Mentos Fruit Chews Rainbow 37.5g roll",
        "price": 1.4,
        "unitPrice": "$3.73 / 100G"
    },
    {
        "category": "pantry",
        "href": "https://www.woolworths.com.au/shop/productdetails/46370/old-el-paso-mexican-jumbo-taco-shells",
        "imgName": "046370.jpg",
        "imgSrc": "https://cdn0.woolworths.media/content/wowproductimages/medium/046370.jpg",
        "name": "Old El Paso Mexican Jumbo Taco Shells 10pk 190g",
        "price": 4,
        "unitPrice": "$2.11 / 100G"
    },
    {
        "category": "pantry",
        "href": "https://www.woolworths.com.au/shop/productdetails/696569/homebrand-choc-hazelnut-spread",
        "imgName": "696569.jpg",
        "imgSrc": "https://cdn0.woolworths.media/content/wowproductimages/medium/696569.jpg",
        "name": "Homebrand Choc Hazelnut Spread 400g",
        "price": 2.5,
        "unitPrice": "$0.63 / 100G"
    },
    {
        "category": "pantry",
        "href": "https://www.woolworths.com.au/shop/productdetails/939991/double-d-gummy-bears-sugar-free",
        "imgName": "939991.jpg",
        "imgSrc": "https://cdn0.woolworths.media/content/wowproductimages/medium/939991.jpg",
        "name": "Double D Gummy Bears Sugar Free 90g bag",
        "price": 2.6,
        "unitPrice": "$2.89 / 100G"
    },
    {
        "category": "pantry",
        "href": "https://www.woolworths.com.au/shop/productdetails/225067/cadbury-boost",
        "imgName": "225067.jpg",
        "imgSrc": "https://cdn0.woolworths.media/content/wowproductimages/medium/225067.jpg",
        "name": "Cadbury Boost  60g bar",
        "price": 2,
        "unitPrice": "$3.33 / 100G"
    },
    {
        "category": "pantry",
        "href": "https://www.woolworths.com.au/shop/productdetails/53333/wai-wai-rice-vermicelli",
        "imgName": "053333.jpg",
        "imgSrc": "https://cdn0.woolworths.media/content/wowproductimages/medium/053333.jpg",
        "name": "Wai Wai Rice Vermicelli  200g",
        "price": 1.65,
        "unitPrice": "$0.83 / 100G"
    },
    {
        "category": "pantry",
        "href": "https://www.woolworths.com.au/shop/productdetails/577663/continental-tomato-simmer-soup",
        "imgName": "577663.jpg",
        "imgSrc": "https://cdn0.woolworths.media/content/wowproductimages/medium/577663.jpg",
        "name": "Continental Tomato Simmer Soup  55g",
        "price": 1.4,
        "special": 1,
        "unitPrice": "$1.82 / 100G"
    },
    {
        "category": "pantry",
        "href": "https://www.woolworths.com.au/shop/productdetails/34046/continental-simmer-soup-spring-vegetable",
        "imgName": "034046.jpg",
        "imgSrc": "https://cdn0.woolworths.media/content/wowproductimages/medium/034046.jpg",
        "name": "Continental Simmer Soup Spring Vegetable 30g",
        "price": 1.4,
        "special": 1,
        "unitPrice": "$3.33 / 100G"
    },
    {
        "category": "pantry",
        "href": "https://www.woolworths.com.au/shop/productdetails/310379/aeroplane-jelly-reduced-sugar-strawberry",
        "imgName": "310379.jpg",
        "imgSrc": "https://cdn0.woolworths.media/content/wowproductimages/medium/310379.jpg",
        "name": "Aeroplane Jelly Reduced Sugar Strawberry 85g",
        "price": 1.3,
        "unitPrice": "$1.53 / 100G"
    },
    {
        "category": "pantry",
        "href": "https://www.woolworths.com.au/shop/productdetails/36721/aeroplane-jelly-lite-raspberry",
        "imgName": "036721.jpg",
        "imgSrc": "https://cdn0.woolworths.media/content/wowproductimages/medium/036721.jpg",
        "name": "Aeroplane Jelly Lite Raspberry 2x9g",
        "price": 1.9,
        "unitPrice": "$10.56 / 100G"
    },
    {
        "category": "pantry",
        "href": "https://www.woolworths.com.au/shop/productdetails/635758/praise-deli-style-balsamic-roasted-garlic",
        "imgName": "635758.jpg",
        "imgSrc": "https://cdn0.woolworths.media/content/wowproductimages/medium/635758.jpg",
        "name": "Praise Deli Style Balsamic & Roasted Garlic 250ml",
        "price": 3.5,
        "unitPrice": "$1.40 / 100ML"
    },
    {
        "category": "pantry",
        "href": "https://www.woolworths.com.au/shop/productdetails/301303/edgell-four-bean-mix-value-pack",
        "imgName": "301303.jpg",
        "imgSrc": "https://cdn0.woolworths.media/content/wowproductimages/medium/301303.jpg",
        "name": "Edgell Four Bean Mix Value Pack 4x125g",
        "price": 4,
        "unitPrice": "$8.00 / 1KG"
    },
    {
        "category": "pantry",
        "href": "https://www.woolworths.com.au/shop/productdetails/733427/always-fresh-cucumbers-dill",
        "imgName": "733427.jpg",
        "imgSrc": "https://cdn0.woolworths.media/content/wowproductimages/medium/733427.jpg",
        "name": "Always Fresh Cucumbers Dill 1.90kg",
        "price": 7.6,
        "unitPrice": "$4.00 / 1KG"
    },
    {
        "category": "pantry",
        "href": "https://www.woolworths.com.au/shop/productdetails/770802/gullon-sugar-free-digestives-chocolate",
        "imgName": "770802.jpg",
        "imgSrc": "https://cdn0.woolworths.media/content/wowproductimages/medium/770802.jpg",
        "name": "Gullon Sugar Free Digestives Chocolate",
        "price": 4.99,
        "unitPrice": "$1.85 / 100G"
    },
    {
        "category": "pantry",
        "href": "https://www.woolworths.com.au/shop/productdetails/764854/masterfoods-simmer-sauce-chicken-cacciatore",
        "imgName": "764854.jpg",
        "imgSrc": "https://cdn0.woolworths.media/content/wowproductimages/medium/764854.jpg",
        "name": "Masterfoods Simmer Sauce Chicken Cacciatore 495g",
        "price": 3.69,
        "unitPrice": "$0.75 / 100G"
    },
    {
        "category": "pantry",
        "href": "https://www.woolworths.com.au/shop/productdetails/3466/barilla-pesto-alla-genovese",
        "imgName": "003466.jpg",
        "imgSrc": "https://cdn0.woolworths.media/content/wowproductimages/medium/003466.jpg",
        "name": "Barilla Pesto Alla Genovese 190g",
        "price": 4.2,
        "unitPrice": "$2.21 / 100G"
    },
    {
        "category": "pantry",
        "href": "https://www.woolworths.com.au/shop/productdetails/180527/lee-kum-kee-sauce-mongolian-lamb-ready",
        "imgName": "180527.jpg",
        "imgSrc": "https://cdn0.woolworths.media/content/wowproductimages/medium/180527.jpg",
        "name": "Lee Kum Kee Sauce Mongolian Lamb Ready 120g",
        "price": 2.2,
        "unitPrice": "$1.83 / 100G"
    },
    {
        "category": "pantry",
        "href": "https://www.woolworths.com.au/shop/productdetails/785143/masterfoods-recipe-base-coconut-chicken-curry",
        "imgName": "785143.jpg",
        "imgSrc": "https://cdn0.woolworths.media/content/wowproductimages/medium/785143.jpg",
        "name": "Masterfoods Recipe Base Coconut Chicken Curry 175g",
        "price": 2.19,
        "unitPrice": "$1.25 / 100G"
    },
    {
        "category": "pantry",
        "href": "https://www.woolworths.com.au/shop/productdetails/162952/kez-s-kitchen-baked-florentines",
        "imgName": "162952.jpg",
        "imgSrc": "https://cdn0.woolworths.media/content/wowproductimages/medium/162952.jpg",
        "name": "Kez's Kitchen Baked Florentines  185g",
        "price": 5,
        "unitPrice": "$2.70 / 100G"
    },
    {
        "category": "pantry",
        "href": "https://www.woolworths.com.au/shop/productdetails/200132/barilla-pasta-sauce-pomodoro-and-ricotta",
        "imgName": "200132.jpg",
        "imgSrc": "https://cdn0.woolworths.media/content/wowproductimages/medium/200132.jpg",
        "name": "Barilla Pasta Sauce Pomodoro And Ricotta 400g",
        "price": 3.75,
        "unitPrice": "$0.94 / 100G"
    },
    {
        "category": "pantry",
        "href": "https://www.woolworths.com.au/shop/productdetails/82127/valcom-paste-thai-panaeng-curry",
        "imgName": "082127.jpg",
        "imgSrc": "https://cdn0.woolworths.media/content/wowproductimages/medium/082127.jpg",
        "name": "Valcom Paste Thai Panaeng Curry 210g",
        "price": 4,
        "unitPrice": "$1.90 / 100G"
    },
    {
        "category": "pantry",
        "href": "https://www.woolworths.com.au/shop/productdetails/20363/hoyts-mustard-powder",
        "imgName": "020363.jpg",
        "imgSrc": "https://cdn0.woolworths.media/content/wowproductimages/medium/020363.jpg",
        "name": "Hoyts Mustard Powder 50g",
        "price": 1.8,
        "unitPrice": "$0.36 / 10G"
    },
    {
        "category": "pantry",
        "href": "https://www.woolworths.com.au/shop/productdetails/774690/woolworths-date-almond-rolls-snack-pots",
        "imgName": "774690.jpg",
        "imgSrc": "https://cdn0.woolworths.media/content/wowproductimages/medium/774690.jpg",
        "name": "Woolworths Date & Almond Rolls Snack Pots 225g",
        "price": 7,
        "unitPrice": "$31.11 / 1KG"
    },
    {
        "category": "pantry",
        "href": "https://www.woolworths.com.au/shop/productdetails/217506/greens-cake-mix-traditional-sultana",
        "imgName": "217506.jpg",
        "imgSrc": "https://cdn0.woolworths.media/content/wowproductimages/medium/217506.jpg",
        "name": "Greens Cake Mix Traditional Sultana 340g",
        "price": 2.75,
        "unitPrice": "$0.81 / 100G"
    },
    {
        "category": "pantry",
        "href": "https://www.woolworths.com.au/shop/productdetails/471906/sandhurst-polish-cucumbers",
        "imgName": "471906.jpg",
        "imgSrc": "https://cdn0.woolworths.media/content/wowproductimages/medium/471906.jpg",
        "name": "Sandhurst Polish Cucumbers  500g",
        "price": 4,
        "unitPrice": "$8.00 / 1KG"
    },
    {
        "category": "pantry",
        "href": "https://www.woolworths.com.au/shop/productdetails/770323/robert-timms-coffee-bags-royal",
        "imgName": "770323.jpg",
        "imgSrc": "https://cdn0.woolworths.media/content/wowproductimages/medium/770323.jpg",
        "name": "Robert Timms Coffee  Bags Royal 28pk",
        "price": 9.4,
        "unitPrice": "$5.88 / 100G"
    },
    {
        "category": "pantry",
        "href": "https://www.woolworths.com.au/shop/productdetails/665973/nature-valley-nut-butter-almond",
        "imgName": "665973.jpg",
        "imgSrc": "https://cdn0.woolworths.media/content/wowproductimages/medium/665973.jpg",
        "name": "Nature Valley Nut Butter Almond 152g",
        "price": 5.3,
        "unitPrice": "$3.49 / 100G"
    },
    {
        "category": "pantry",
        "href": "https://www.woolworths.com.au/shop/productdetails/518732/dollevi-extra-virgin-olive-oil",
        "imgName": "518732.jpg",
        "imgSrc": "https://cdn0.woolworths.media/content/wowproductimages/medium/518732.jpg",
        "name": "Dollevi Extra Virgin Olive Oil 4l",
        "price": 27,
        "unitPrice": "$0.68 / 100ML"
    },
    {
        "category": "pantry",
        "href": "https://www.woolworths.com.au/shop/productdetails/8086/mckenzie-s-lentils-whole-green",
        "imgName": "008086.jpg",
        "imgSrc": "https://cdn0.woolworths.media/content/wowproductimages/medium/008086.jpg",
        "name": "Mckenzie's Lentils Whole Green 375g",
        "price": 2.3,
        "unitPrice": "$0.61 / 100G"
    },
    {
        "category": "pantry",
        "href": "https://www.woolworths.com.au/shop/productdetails/325562/kurrajong-kitchen-lavosh-thins-rosemary-sea-salt",
        "imgName": "325562.jpg",
        "imgSrc": "https://cdn0.woolworths.media/content/wowproductimages/medium/325562.jpg",
        "name": "Kurrajong Kitchen Lavosh Thins Rosemary & Sea Salt 125g",
        "price": 3.99,
        "unitPrice": "$3.19 / 100G"
    },
    {
        "category": "pantry",
        "href": "https://www.woolworths.com.au/shop/productdetails/514317/nestle-kit-kat-dark-block",
        "imgName": "514317.jpg",
        "imgSrc": "https://cdn0.woolworths.media/content/wowproductimages/medium/514317.jpg",
        "name": "Nestle Kit Kat Dark Block 170g",
        "price": 4.5,
        "unitPrice": "$2.65 / 100G"
    },
    {
        "category": "pantry",
        "href": "https://www.woolworths.com.au/shop/productdetails/482486/marion-s-kitchen-thai-yellow-curry-cooking-kit",
        "imgName": "482486.jpg",
        "imgSrc": "https://cdn0.woolworths.media/content/wowproductimages/medium/482486.jpg",
        "name": "Marion's Kitchen Thai Yellow Curry Cooking Kit 455g",
        "price": 7.3,
        "unitPrice": "$1.60 / 100G"
    },
    {
        "category": "pantry",
        "href": "https://www.woolworths.com.au/shop/productdetails/665994/leggo-s-fresh-slow-cooked-lamb-ragu-pasta-sauce",
        "imgName": "665994.jpg",
        "imgSrc": "https://cdn0.woolworths.media/content/wowproductimages/medium/665994.jpg",
        "name": "Leggo's Fresh Slow Cooked Lamb Ragu Pasta Sauce 300g",
        "price": 7.5,
        "unitPrice": "$2.50 / 100G"
    },
    {
        "category": "pantry",
        "href": "https://www.woolworths.com.au/shop/productdetails/722766/kellogg-s-k-time-twist-strawberry-yoghurt",
        "imgName": "722766.jpg",
        "imgSrc": "https://cdn0.woolworths.media/content/wowproductimages/medium/722766.jpg",
        "name": "Kellogg's K-time Twist Strawberry Yoghurt 185g",
        "price": 4,
        "unitPrice": "$2.16 / 100G"
    },
    {
        "category": "pantry",
        "href": "https://www.woolworths.com.au/shop/productdetails/70562/stagg-beef-chilli-classic-with-beans",
        "imgName": "070562.jpg",
        "imgSrc": "https://cdn0.woolworths.media/content/wowproductimages/medium/070562.jpg",
        "name": "Stagg Beef Chilli Classic With Beans 420g",
        "price": 4,
        "unitPrice": "$9.41 / 1KG"
    },
    {
        "category": "pantry",
        "href": "https://www.woolworths.com.au/shop/productdetails/142797/wrigley-s-airwaves-gum-menthol-eucalyptus",
        "imgName": "142797.jpg",
        "imgSrc": "https://cdn0.woolworths.media/content/wowproductimages/medium/142797.jpg",
        "name": "Wrigley's Airwaves Gum Menthol Eucalyptus 4pk 56g",
        "price": 3.5,
        "unitPrice": "$6.25 / 100G"
    },
    {
        "category": "pantry",
        "href": "https://www.woolworths.com.au/shop/productdetails/711114/ambrosia-dessert-rice-pudding",
        "imgName": "711114.jpg",
        "imgSrc": "https://cdn0.woolworths.media/content/wowproductimages/medium/711114.jpg",
        "name": "Ambrosia Dessert Rice Pudding 400g",
        "price": 4.5,
        "unitPrice": "$1.13 / 100G"
    },
    {
        "category": "pantry",
        "href": "https://www.woolworths.com.au/shop/productdetails/901021/sanitarium-weet-bix-go-breakfast-biscuits-honey-oat-crunch",
        "imgName": "901021.jpg",
        "imgSrc": "https://cdn0.woolworths.media/content/wowproductimages/medium/901021.jpg",
        "name": "Sanitarium Weet-bix Go Breakfast Biscuits Honey & Oat Crunch 250g",
        "price": 4.49,
        "unitPrice": "$1.80 / 100G"
    },
    {
        "category": "pantry",
        "href": "https://www.woolworths.com.au/shop/productdetails/615732/licensed-mini-cookies",
        "imgName": "615732.jpg",
        "imgSrc": "https://cdn0.woolworths.media/content/wowproductimages/medium/615732.jpg",
        "name": "Licensed Mini Cookies 200g",
        "price": 3,
        "unitPrice": "$1.50 / 100G"
    },
    {
        "category": "pantry",
        "href": "https://www.woolworths.com.au/shop/productdetails/476585/i-quit-sugar-seeds-nuts-cashews-almonds-coconut",
        "imgName": "476585.jpg",
        "imgSrc": "https://cdn0.woolworths.media/content/wowproductimages/medium/476585.jpg",
        "name": "I Quit Sugar Seeds & Nuts Cashews Almonds & Coconut 400g",
        "price": 9.99,
        "unitPrice": "$2.50 / 100G"
    },
    {
        "category": "pantry",
        "href": "https://www.woolworths.com.au/shop/productdetails/922642/dorset-cereals-high-fibre-muesli",
        "imgName": "922642.jpg",
        "imgSrc": "https://cdn0.woolworths.media/content/wowproductimages/medium/922642.jpg",
        "name": "Dorset Cereals High Fibre Muesli 540g",
        "price": 8.3,
        "unitPrice": "$1.54 / 100G"
    },
    {
        "category": "pantry",
        "href": "https://www.woolworths.com.au/shop/productdetails/791171/macro-organic-pasta-sauce-chunky-tomato-garlic-basil",
        "imgName": "791171.jpg",
        "imgSrc": "https://cdn0.woolworths.media/content/wowproductimages/medium/791171.jpg",
        "name": "Macro Organic Pasta Sauce Chunky Tomato Garlic Basil 500g",
        "price": 2.99,
        "unitPrice": "$0.60 / 100G"
    },
    {
        "category": "pantry",
        "href": "https://www.woolworths.com.au/shop/productdetails/181790/freedom-foods-spreads-vege-spread-gluten-free",
        "imgName": "181790.jpg",
        "imgSrc": "https://cdn0.woolworths.media/content/wowproductimages/medium/181790.jpg",
        "name": "Freedom Foods Spreads Vege Spread Gluten Free 285g",
        "price": 5.39,
        "unitPrice": "$1.89 / 100G"
    },
    {
        "category": "pantry",
        "href": "https://www.woolworths.com.au/shop/productdetails/27649/angas-park-fruit-mixed-peel-oranges-lemons",
        "imgName": "027649.jpg",
        "imgSrc": "https://cdn0.woolworths.media/content/wowproductimages/medium/027649.jpg",
        "name": "Angas Park Fruit Mixed Peel Oranges & Lemons 200g",
        "price": 3,
        "unitPrice": "$15.00 / 1KG"
    },
    {
        "category": "pantry",
        "href": "https://www.woolworths.com.au/shop/productdetails/219607/homebrand-prunes-pitted",
        "imgName": "219607.jpg",
        "imgSrc": "https://cdn0.woolworths.media/content/wowproductimages/medium/219607.jpg",
        "name": "Homebrand Prunes Pitted 500g",
        "price": 5,
        "unitPrice": "$10.00 / 1KG"
    },
    {
        "category": "pantry",
        "href": "https://www.woolworths.com.au/shop/productdetails/755561/maggi-chicken-2-minute-noodle-wholegrain-5pk",
        "imgName": "755561.jpg",
        "imgSrc": "https://cdn0.woolworths.media/content/wowproductimages/medium/755561.jpg",
        "name": "Maggi Chicken 2 Minute Noodle Wholegrain 5pk 69g",
        "price": 3.95,
        "unitPrice": "$1.14 / 100G"
    },
    {
        "category": "pantry",
        "href": "https://www.woolworths.com.au/shop/productdetails/75201/mckenzie-s-bi-carb-soda",
        "imgName": "075201.jpg",
        "imgSrc": "https://cdn0.woolworths.media/content/wowproductimages/medium/075201.jpg",
        "name": "Mckenzie's Bi Carb Soda 500g",
        "price": 2.4,
        "unitPrice": "$0.48 / 100G"
    },
    {
        "category": "pantry",
        "href": "https://www.woolworths.com.au/shop/productdetails/27761/homebrand-pepper-black-ground",
        "imgName": "027761.jpg",
        "imgSrc": "https://cdn0.woolworths.media/content/wowproductimages/medium/027761.jpg",
        "name": "Homebrand Pepper Black Ground 50g",
        "price": 1.49,
        "unitPrice": "$0.30 / 10G"
    },
    {
        "category": "pantry",
        "href": "https://www.woolworths.com.au/shop/productdetails/536100/fibre-one-chocolate-fudge-brownies",
        "imgName": "536100.jpg",
        "imgSrc": "https://cdn0.woolworths.media/content/wowproductimages/medium/536100.jpg",
        "name": "Fibre One Chocolate Fudge Brownies 5pk 120g",
        "price": 5.5,
        "unitPrice": "$4.58 / 100G"
    },
    {
        "category": "pantry",
        "href": "https://www.woolworths.com.au/shop/productdetails/204373/homebrand-iodised-salt-drum",
        "imgName": "204373.jpg",
        "imgSrc": "https://cdn0.woolworths.media/content/wowproductimages/medium/204373.jpg",
        "name": "Homebrand Iodised Salt Drum 500g",
        "price": 0.9,
        "unitPrice": "$0.02 / 10G"
    },
    {
        "category": "pantry",
        "href": "https://www.woolworths.com.au/shop/productdetails/572501/la-zuppa-just-add-water-chicken-corn",
        "imgName": "572501.jpg",
        "imgSrc": "https://cdn0.woolworths.media/content/wowproductimages/medium/572501.jpg",
        "name": "La Zuppa Just Add Water Chicken & Corn 100g",
        "price": 1.6,
        "unitPrice": "$1.60 / 100G"
    },
    {
        "category": "pantry",
        "href": "https://www.woolworths.com.au/shop/productdetails/95064/maggi-seasoning-sauce",
        "imgName": "095064.jpg",
        "imgSrc": "https://cdn0.woolworths.media/content/wowproductimages/medium/095064.jpg",
        "name": "Maggi Seasoning Sauce 200ml",
        "price": 4.2,
        "unitPrice": "$2.10 / 100ML"
    },
    {
        "category": "pantry",
        "href": "https://www.woolworths.com.au/shop/productdetails/90000637/sunrice-white-rice-low-gi-750g-x6-bundle",
        "imgName": "90000637.jpg",
        "imgSrc": "https://cdn0.woolworths.media/content/wowproductimages/medium/90000637.jpg",
        "name": "Sunrice White Rice Low Gi 750g X6 Bundle",
        "price": 15,
        "unitPrice": "$0.33 / 100G"
    },
    {
        "category": "pantry",
        "href": "https://www.woolworths.com.au/shop/productdetails/90000640/sunrice-microwave-indian-basmati-rice-250g-x6-bundle",
        "imgName": "90000640.jpg",
        "imgSrc": "https://cdn0.woolworths.media/content/wowproductimages/medium/90000640.jpg",
        "name": "Sunrice Microwave Indian Basmati Rice 250g X6 Bundle",
        "price": 11,
        "unitPrice": "$0.73 / 100G"
    },
    {
        "category": "pantry",
        "href": "https://www.woolworths.com.au/shop/productdetails/90000828/smiths-crinkle-original-60g-x-12-bundle",
        "imgName": "90000828.jpg",
        "imgSrc": "https://cdn0.woolworths.media/content/wowproductimages/medium/90000828.jpg",
        "name": "Smiths Crinkle Original 60g X 12 Bundle",
        "price": 12,
        "unitPrice": "$1.67 / G"
    },
    {
        "category": "pantry",
        "href": "https://www.woolworths.com.au/shop/productdetails/90000831/smiths-crinkle-cheese-onion-60g-x-12-bundle",
        "imgName": "90000831.jpg",
        "imgSrc": "https://cdn0.woolworths.media/content/wowproductimages/medium/90000831.jpg",
        "name": "Smiths Crinkle Cheese & Onion 60g X 12 Bundle",
        "price": 12,
        "unitPrice": "$1.67 / G"
    },
    {
        "category": "pantry",
        "href": "https://www.woolworths.com.au/shop/productdetails/715192/campbells-fully-loaded-soup-angus-beef-casserole",
        "imgName": "715192.jpg",
        "imgSrc": "https://cdn0.woolworths.media/content/wowproductimages/medium/715192.jpg",
        "name": "Campbells Fully Loaded Soup Angus Beef Casserole 505g",
        "price": 3.79,
        "unitPrice": "$0.75 / 100G"
    },
    {
        "category": "pantry",
        "href": "https://www.woolworths.com.au/shop/productdetails/44857/dragon-phoenix-ingredients-fried-shallot",
        "imgName": "044857.jpg",
        "imgSrc": "https://cdn0.woolworths.media/content/wowproductimages/medium/044857.jpg",
        "name": "Dragon Phoenix Ingredients Fried Shallot 100g",
        "price": 2.75,
        "unitPrice": "$2.75 / 100G"
    },
    {
        "category": "pantry",
        "href": "https://www.woolworths.com.au/shop/productdetails/799382/woolworths-select-garlic-herb-alfredo-pasta",
        "imgName": "799382.jpg",
        "imgSrc": "https://cdn0.woolworths.media/content/wowproductimages/medium/799382.jpg",
        "name": "Woolworths Select Garlic & Herb Alfredo Pasta 125g",
        "price": 1,
        "unitPrice": "$0.80 / 100G"
    },
    {
        "category": "pantry",
        "href": "https://www.woolworths.com.au/shop/productdetails/572024/cook-italian-smooth-passata",
        "imgName": "572024.jpg",
        "imgSrc": "https://cdn0.woolworths.media/content/wowproductimages/medium/572024.jpg",
        "name": "Cook Italian Smooth Passata  680g",
        "price": 1.25,
        "unitPrice": "$0.18 / 100G"
    },
    {
        "category": "pantry",
        "href": "https://www.woolworths.com.au/shop/productdetails/94616/hoyts-parsley",
        "imgName": "094616.jpg",
        "imgSrc": "https://cdn0.woolworths.media/content/wowproductimages/medium/094616.jpg",
        "name": "Hoyts Parsley  15g",
        "price": 1.8,
        "unitPrice": "$1.20 / 10G"
    },
    {
        "category": "pantry",
        "href": "https://www.woolworths.com.au/shop/productdetails/582712/pataks-spice-creation-creation-butter-chicken",
        "imgName": "582712.jpg",
        "imgSrc": "https://cdn0.woolworths.media/content/wowproductimages/medium/582712.jpg",
        "name": "Pataks Spice Creation Creation Butter Chicken 360g",
        "price": 5,
        "unitPrice": "$1.39 / 100G"
    },
    {
        "category": "pantry",
        "href": "https://www.woolworths.com.au/shop/productdetails/767527/jamie-oliver-pasta-sauce-tomato-chilli",
        "imgName": "767527.jpg",
        "imgSrc": "https://cdn0.woolworths.media/content/wowproductimages/medium/767527.jpg",
        "name": "Jamie Oliver Pasta Sauce Tomato & Chilli 400g",
        "price": 4.3,
        "unitPrice": "$1.08 / 100G"
    },
    {
        "category": "pantry",
        "href": "https://www.woolworths.com.au/shop/productdetails/900003/sanitarium-weet-bix-go-breakfast-biscuits-apple-cinnamon-twist",
        "imgName": "900003.jpg",
        "imgSrc": "https://cdn0.woolworths.media/content/wowproductimages/medium/900003.jpg",
        "name": "Sanitarium Weet-bix Go Breakfast Biscuits Apple Cinnamon Twist 250g",
        "price": 4.49,
        "unitPrice": "$1.80 / 100G"
    },
    {
        "category": "pantry",
        "href": "https://www.woolworths.com.au/shop/productdetails/521368/be-natural-crunchy-granola-seed-bars-golden-honey-linseed",
        "imgName": "521368.jpg",
        "imgSrc": "https://cdn0.woolworths.media/content/wowproductimages/medium/521368.jpg",
        "name": "Be Natural Crunchy Granola & Seed Bars Golden Honey Linseed 4pk 160g",
        "price": 3.99,
        "unitPrice": "$2.49 / 100G"
    },
    {
        "category": "pantry",
        "href": "https://www.woolworths.com.au/shop/productdetails/329672/goodness-superfoods-digestive-cereal",
        "imgName": "329672.jpg",
        "imgSrc": "https://cdn0.woolworths.media/content/wowproductimages/medium/329672.jpg",
        "name": "Goodness Superfoods Digestive Cereal 500g",
        "price": 6.17,
        "unitPrice": "$1.23 / 100G"
    },
    {
        "category": "pantry",
        "href": "https://www.woolworths.com.au/shop/productdetails/313789/heinz-seriously-good-whole-egg-mayonnaise",
        "imgName": "313789.jpg",
        "imgSrc": "https://cdn0.woolworths.media/content/wowproductimages/medium/313789.jpg",
        "name": "Heinz Seriously Good Whole Egg Mayonnaise  470g",
        "price": 6,
        "unitPrice": "$1.28 / 100G"
    },
    {
        "category": "pantry",
        "href": "https://www.woolworths.com.au/shop/productdetails/758763/woolworths-select-pistachios",
        "imgName": "758763.jpg",
        "imgSrc": "https://cdn0.woolworths.media/content/wowproductimages/medium/758763.jpg",
        "name": "Woolworths Select Pistachios  300g",
        "price": 16,
        "unitPrice": "$53.33 / 1KG"
    },
    {
        "category": "pantry",
        "href": "https://www.woolworths.com.au/shop/productdetails/929098/pacific-organic-virgin-coconut-oil",
        "imgName": "929098.jpg",
        "imgSrc": "https://cdn0.woolworths.media/content/wowproductimages/medium/929098.jpg",
        "name": "Pacific Organic Virgin Coconut Oil  700ml",
        "price": 13,
        "unitPrice": "$1.86 / 100ML"
    },
    {
        "category": "pantry",
        "href": "https://www.woolworths.com.au/shop/productdetails/323393/masterfoods-slow-cooker-sausage-hot-pot",
        "imgName": "323393.jpg",
        "imgSrc": "https://cdn0.woolworths.media/content/wowproductimages/medium/323393.jpg",
        "name": "Masterfoods Slow Cooker Sausage Hot Pot 175g",
        "price": 2.19,
        "unitPrice": "$1.25 / 100G"
    },
    {
        "category": "pantry",
        "href": "https://www.woolworths.com.au/shop/productdetails/308436/nerada-tea-bags-white-organic",
        "imgName": "308436.jpg",
        "imgSrc": "https://cdn0.woolworths.media/content/wowproductimages/medium/308436.jpg",
        "name": "Nerada Tea Bags White Organic 50pk",
        "price": 5,
        "unitPrice": "$6.67 / 100G"
    },
    {
        "category": "pantry",
        "href": "https://www.woolworths.com.au/shop/productdetails/931157/twinings-camomile-tea-bags",
        "imgName": "931157.jpg",
        "imgSrc": "https://cdn0.woolworths.media/content/wowproductimages/medium/931157.jpg",
        "name": "Twinings Camomile Tea Bags 10pk",
        "price": 2.7,
        "unitPrice": "$0.27 / 1EA"
    },
    {
        "category": "pantry",
        "href": "https://www.woolworths.com.au/shop/productdetails/49315/spc-spaghetti-tomato-cheese-sauce",
        "imgName": "049315.jpg",
        "imgSrc": "https://cdn0.woolworths.media/content/wowproductimages/medium/049315.jpg",
        "name": "Spc Spaghetti Tomato & Cheese Sauce 4x220g",
        "price": 4.2,
        "unitPrice": "$0.48 / 100G"
    },
    {
        "category": "pantry",
        "href": "https://www.woolworths.com.au/shop/productdetails/345631/masterfoods-recipe-base-chow-mein",
        "imgName": "345631.jpg",
        "imgSrc": "https://cdn0.woolworths.media/content/wowproductimages/medium/345631.jpg",
        "name": "Masterfoods Recipe Base Chow Mein 175g",
        "price": 2.19,
        "unitPrice": "$1.25 / 100G"
    },
    {
        "category": "pantry",
        "href": "https://www.woolworths.com.au/shop/productdetails/471338/dole-fruit-custard-peach",
        "imgName": "471338.jpg",
        "imgSrc": "https://cdn0.woolworths.media/content/wowproductimages/medium/471338.jpg",
        "name": "Dole Fruit & Custard Peach 2x123g",
        "price": 1.5,
        "unitPrice": "$6.10 / 1KG"
    },
    {
        "category": "pantry",
        "href": "https://www.woolworths.com.au/shop/productdetails/788565/beerenberg-relish-burger",
        "imgName": "788565.jpg",
        "imgSrc": "https://cdn0.woolworths.media/content/wowproductimages/medium/788565.jpg",
        "name": "Beerenberg Relish Burger 260g",
        "price": 5,
        "unitPrice": "$19.23 / 1KG"
    },
    {
        "category": "pantry",
        "href": "https://www.woolworths.com.au/shop/productdetails/246604/greens-pudding-blackberry-sponge",
        "imgName": "246604.jpg",
        "imgSrc": "https://cdn0.woolworths.media/content/wowproductimages/medium/246604.jpg",
        "name": "Greens Pudding Blackberry Sponge 260g",
        "price": 2.8,
        "unitPrice": "$1.08 / 100G"
    },
    {
        "category": "pantry",
        "href": "https://www.woolworths.com.au/shop/productdetails/856776/s-b-miso-soup-aka",
        "imgName": "856776.jpg",
        "imgSrc": "https://cdn0.woolworths.media/content/wowproductimages/medium/856776.jpg",
        "name": "S&b Miso Soup Aka 30g",
        "price": 3.75,
        "unitPrice": "$12.50 / 100G"
    },
    {
        "category": "pantry",
        "href": "https://www.woolworths.com.au/shop/productdetails/473422/golden-days-paleo-bar-peppermint-crunch",
        "imgName": "473422.jpg",
        "imgSrc": "https://cdn0.woolworths.media/content/wowproductimages/medium/473422.jpg",
        "name": "Golden Days Paleo Bar Peppermint Crunch 40g",
        "price": 2.99,
        "unitPrice": "$7.48 / 100G"
    },
    {
        "category": "pantry",
        "href": "https://www.woolworths.com.au/shop/productdetails/321222/homebrand-quick-oats",
        "imgName": "321222.jpg",
        "imgSrc": "https://cdn0.woolworths.media/content/wowproductimages/medium/321222.jpg",
        "name": "Homebrand Quick Oats 750g",
        "price": 1.1,
        "unitPrice": "$0.15 / 100G"
    },
    {
        "category": "pantry",
        "href": "https://www.woolworths.com.au/shop/productdetails/39902/always-fresh-cucumbers-dill",
        "imgName": "039902.jpg",
        "imgSrc": "https://cdn0.woolworths.media/content/wowproductimages/medium/039902.jpg",
        "name": "Always Fresh Cucumbers Dill 680g",
        "price": 3.6,
        "unitPrice": "$5.29 / 1KG"
    },
    {
        "category": "pantry",
        "href": "https://www.woolworths.com.au/shop/productdetails/201854/homebrand-apple-oven-baked-fruit-bars",
        "imgName": "201854.jpg",
        "imgSrc": "https://cdn0.woolworths.media/content/wowproductimages/medium/201854.jpg",
        "name": "Homebrand Apple Oven Baked Fruit Bars 12pk 50g",
        "price": 4.4,
        "unitPrice": "$0.98 / 100G"
    },
    {
        "category": "pantry",
        "href": "https://www.woolworths.com.au/shop/productdetails/529030/hellmans-mayonnaise-squeeze",
        "imgName": "529030.jpg",
        "imgSrc": "https://cdn0.woolworths.media/content/wowproductimages/medium/529030.jpg",
        "name": "Hellmans Mayonnaise Squeeze  430ml",
        "price": 6.3,
        "unitPrice": "$1.58 / 100G"
    },
    {
        "category": "pantry",
        "href": "https://www.woolworths.com.au/shop/productdetails/35959/masterfoods-rosemary-leaves",
        "imgName": "035959.jpg",
        "imgSrc": "https://cdn0.woolworths.media/content/wowproductimages/medium/035959.jpg",
        "name": "Masterfoods Rosemary Leaves 16g",
        "price": 2,
        "unitPrice": "$1.25 / 10G"
    },
    {
        "category": "pantry",
        "href": "https://www.woolworths.com.au/shop/productdetails/340056/fruit-for-life-mango-dried",
        "imgName": "340056.jpg",
        "imgSrc": "https://cdn0.woolworths.media/content/wowproductimages/medium/340056.jpg",
        "name": "Fruit For Life Mango Dried 150g",
        "price": 5.6,
        "unitPrice": "$37.33 / 1KG"
    },
    {
        "category": "pantry",
        "href": "https://www.woolworths.com.au/shop/productdetails/36654/leggo-s-stir-through-tomoto-olive-chilli",
        "imgName": "036654.jpg",
        "imgSrc": "https://cdn0.woolworths.media/content/wowproductimages/medium/036654.jpg",
        "name": "Leggo's Stir Through Tomoto Olive Chilli 350g",
        "price": 3.99,
        "unitPrice": "$1.14 / 100G"
    },
    {
        "category": "pantry",
        "href": "https://www.woolworths.com.au/shop/productdetails/221580/homebrand-olive-oil-spray",
        "imgName": "221580.jpg",
        "imgSrc": "https://cdn0.woolworths.media/content/wowproductimages/medium/221580.jpg",
        "name": "Homebrand Olive Oil Spray 400g",
        "price": 5.3,
        "unitPrice": "$1.33 / 100G"
    },
    {
        "category": "pantry",
        "href": "https://www.woolworths.com.au/shop/productdetails/717669/ayam-thai-yellow-curry-paste",
        "imgName": "717669.jpg",
        "imgSrc": "https://cdn0.woolworths.media/content/wowproductimages/medium/717669.jpg",
        "name": "Ayam Thai Yellow Curry Paste 185g",
        "price": 3.3,
        "unitPrice": "$1.78 / 100G"
    },
    {
        "category": "pantry",
        "href": "https://www.woolworths.com.au/shop/productdetails/715287/continental-sensations-creamy-mushroom-soup-with-mascarpone-basil",
        "imgName": "715287.jpg",
        "imgSrc": "https://cdn0.woolworths.media/content/wowproductimages/medium/715287.jpg",
        "name": "Continental Sensations Creamy Mushroom Soup With Mascarpone & Basil 21g",
        "price": 1.25,
        "unitPrice": "$5.95 / 100G"
    },
    {
        "category": "pantry",
        "href": "https://www.woolworths.com.au/shop/productdetails/32649/masterfoods-cumin-ground",
        "imgName": "032649.jpg",
        "imgSrc": "https://cdn0.woolworths.media/content/wowproductimages/medium/032649.jpg",
        "name": "Masterfoods Cumin Ground 25g",
        "price": 2.7,
        "unitPrice": "$1.08 / 10G"
    },
    {
        "category": "pantry",
        "href": "https://www.woolworths.com.au/shop/productdetails/476928/sanitarium-weet-bix-gluten-free-coconut-rice-puffs",
        "imgName": "476928.jpg",
        "imgSrc": "https://cdn0.woolworths.media/content/wowproductimages/medium/476928.jpg",
        "name": "Sanitarium Weet-bix Gluten Free Coconut & Rice Puffs 400g",
        "price": 5.99,
        "unitPrice": "$1.50 / 100G"
    },
    {
        "category": "pantry",
        "href": "https://www.woolworths.com.au/shop/productdetails/260449/woolworths-select-swiss-bircher-muesli",
        "imgName": "260449.jpg",
        "imgSrc": "https://cdn0.woolworths.media/content/wowproductimages/medium/260449.jpg",
        "name": "Woolworths Select Swiss Bircher Muesli 650g",
        "price": 5,
        "unitPrice": "$0.77 / 100G"
    },
    {
        "category": "pantry",
        "href": "https://www.woolworths.com.au/shop/productdetails/701882/mars-snacks-revels-small-bag",
        "imgName": "701882.jpg",
        "imgSrc": "https://cdn0.woolworths.media/content/wowproductimages/medium/701882.jpg",
        "name": "Mars Snacks Revels Small Bag 35g",
        "price": 2.1,
        "unitPrice": "$6.00 / 100G"
    },
    {
        "category": "pantry",
        "href": "https://www.woolworths.com.au/shop/productdetails/740020/carman-s-almond-cashew-cranberry-nut-bars",
        "imgName": "740020.jpg",
        "imgSrc": "https://cdn0.woolworths.media/content/wowproductimages/medium/740020.jpg",
        "name": "Carman's Almond, Cashew & Cranberry Nut Bars 5pk 175g",
        "price": 5.6,
        "unitPrice": "$3.20 / 100G"
    },
    {
        "category": "pantry",
        "href": "https://www.woolworths.com.au/shop/productdetails/84429/true-fruit-bars-apricot-apple-bar",
        "imgName": "084429.jpg",
        "imgSrc": "https://cdn0.woolworths.media/content/wowproductimages/medium/084429.jpg",
        "name": "True Fruit Bars Apricot Apple Bar 6pk",
        "price": 4.2,
        "unitPrice": "$3.50 / 100G"
    },
    {
        "category": "pantry",
        "href": "https://www.woolworths.com.au/shop/productdetails/94629/hoyts-cayenne-pepper",
        "imgName": "094629.jpg",
        "imgSrc": "https://cdn0.woolworths.media/content/wowproductimages/medium/094629.jpg",
        "name": "Hoyts Cayenne Pepper  50g",
        "price": 1.64,
        "unitPrice": "$0.33 / 10G"
    },
    {
        "category": "pantry",
        "href": "https://www.woolworths.com.au/shop/productdetails/251013/woolworths-select-garam-masala",
        "imgName": "251013.jpg",
        "imgSrc": "https://cdn0.woolworths.media/content/wowproductimages/medium/251013.jpg",
        "name": "Woolworths Select Garam Masala  29g",
        "price": 2.2,
        "unitPrice": "$0.76 / 10G"
    },
    {
        "category": "pantry",
        "href": "https://www.woolworths.com.au/shop/productdetails/260803/green-black-s-organic-dark-chocolate-70-70-",
        "imgName": "260803.jpg",
        "imgSrc": "https://cdn0.woolworths.media/content/wowproductimages/medium/260803.jpg",
        "name": "Green & Black's Organic Dark Chocolate 70% 70% 100g",
        "price": 4,
        "unitPrice": "$4.00 / 100G"
    },
    {
        "category": "pantry",
        "href": "https://www.woolworths.com.au/shop/productdetails/433441/continental-cup-a-soup-homestyle-mushroom",
        "imgName": "433441.jpg",
        "imgSrc": "https://cdn0.woolworths.media/content/wowproductimages/medium/433441.jpg",
        "name": "Continental Cup A Soup Homestyle Mushroom 46g",
        "price": 2,
        "unitPrice": "$4.35 / 100G"
    },
    {
        "category": "pantry",
        "href": "https://www.woolworths.com.au/shop/productdetails/420852/sapori-cantuccini-hazelnut-chocolate",
        "imgName": "420852.jpg",
        "imgSrc": "https://cdn0.woolworths.media/content/wowproductimages/medium/420852.jpg",
        "name": "Sapori Cantuccini Hazelnut & Chocolate 150g",
        "price": 3,
        "unitPrice": "$3.00 / 100G"
    },
    {
        "category": "pantry",
        "href": "https://www.woolworths.com.au/shop/productdetails/265829/nestle-peppermint-crisp-large",
        "imgName": "265829.jpg",
        "imgSrc": "https://cdn0.woolworths.media/content/wowproductimages/medium/265829.jpg",
        "name": "Nestle Peppermint Crisp Large 50g",
        "price": 2,
        "unitPrice": "$4.08 / 100G"
    },
    {
        "category": "pantry",
        "href": "https://www.woolworths.com.au/shop/productdetails/342395/capilano-original-squeezable-honey",
        "imgName": "342395.jpg",
        "imgSrc": "https://cdn0.woolworths.media/content/wowproductimages/medium/342395.jpg",
        "name": "Capilano Original Squeezable Honey 375g",
        "price": 6.3,
        "unitPrice": "$1.68 / 100G"
    },
    {
        "category": "pantry",
        "href": "https://www.woolworths.com.au/shop/productdetails/73954/mckenzie-s-beans-red-kidney",
        "imgName": "073954.jpg",
        "imgSrc": "https://cdn0.woolworths.media/content/wowproductimages/medium/073954.jpg",
        "name": "Mckenzie's Beans Red Kidney 375g",
        "price": 2.69,
        "unitPrice": "$0.72 / 100G"
    },
    {
        "category": "pantry",
        "href": "https://www.woolworths.com.au/shop/productdetails/309339/picon-cheese-portions",
        "imgName": "309339.jpg",
        "imgSrc": "https://cdn0.woolworths.media/content/wowproductimages/medium/309339.jpg",
        "name": "Picon Cheese Portions 120g",
        "price": 2.5,
        "unitPrice": "$20.83 / 1KG"
    },
    {
        "category": "pantry",
        "href": "https://www.woolworths.com.au/shop/productdetails/94636/hoyts-cumin-ground",
        "imgName": "094636.jpg",
        "imgSrc": "https://cdn0.woolworths.media/content/wowproductimages/medium/094636.jpg",
        "name": "Hoyts Cumin Ground 25g",
        "price": 2,
        "unitPrice": "$0.80 / 10G"
    },
    {
        "category": "pantry",
        "href": "https://www.woolworths.com.au/shop/productdetails/98415/cadbury-furry-friends",
        "imgName": "098415.jpg",
        "imgSrc": "https://cdn0.woolworths.media/content/wowproductimages/medium/098415.jpg",
        "name": "Cadbury Furry Friends  5pk 75g",
        "price": 2.9,
        "unitPrice": "$3.87 / 100G"
    },
    {
        "category": "pantry",
        "href": "https://www.woolworths.com.au/shop/productdetails/591553/goulburn-valley-peaches-crunch-with-apple-and-cranberry-puree",
        "imgName": "591553.jpg",
        "imgSrc": "https://cdn0.woolworths.media/content/wowproductimages/medium/591553.jpg",
        "name": "Goulburn Valley Peaches & Crunch With Apple And Cranberry Puree 370g",
        "price": 5,
        "unitPrice": "$13.51 / 1KG"
    },
    {
        "category": "pantry",
        "href": "https://www.woolworths.com.au/shop/productdetails/193069/masterfoods-garlic-herb-blend-no-added-salt",
        "imgName": "193069.jpg",
        "imgSrc": "https://cdn0.woolworths.media/content/wowproductimages/medium/193069.jpg",
        "name": "Masterfoods Garlic & Herb Blend No Added Salt 37g",
        "price": 2.9,
        "unitPrice": "$0.78 / 10G"
    },
    {
        "category": "pantry",
        "href": "https://www.woolworths.com.au/shop/productdetails/430172/uncle-tobys-big-bowl-original",
        "imgName": "430172.jpg",
        "imgSrc": "https://cdn0.woolworths.media/content/wowproductimages/medium/430172.jpg",
        "name": "Uncle Tobys Big Bowl Original 460g",
        "price": 5.8,
        "unitPrice": "$1.26 / 100G"
    },
    {
        "category": "pantry",
        "href": "https://www.woolworths.com.au/shop/productdetails/449448/dr-oetker-designer-icing-pink",
        "imgName": "449448.jpg",
        "imgSrc": "https://cdn0.woolworths.media/content/wowproductimages/medium/449448.jpg",
        "name": "Dr Oetker Designer Icing Pink 140g",
        "price": 4,
        "unitPrice": "$2.86 / 100G"
    },
    {
        "category": "pantry",
        "href": "https://www.woolworths.com.au/shop/productdetails/760546/barilla-egg-pappardelle",
        "imgName": "760546.jpg",
        "imgSrc": "https://cdn0.woolworths.media/content/wowproductimages/medium/760546.jpg",
        "name": "Barilla Egg Pappardelle  250g",
        "price": 3.49,
        "unitPrice": "$1.40 / 100G"
    },
    {
        "category": "pantry",
        "href": "https://www.woolworths.com.au/shop/productdetails/825516/masterfoods-simmer-sauce-smokey-bbq-meatballs",
        "imgName": "825516.jpg",
        "imgSrc": "https://cdn0.woolworths.media/content/wowproductimages/medium/825516.jpg",
        "name": "Masterfoods Simmer Sauce Smokey Bbq Meatballs 505g",
        "price": 3.69,
        "unitPrice": "$0.73 / 100G"
    },
    {
        "category": "pantry",
        "href": "https://www.woolworths.com.au/shop/productdetails/90000878/uncle-tobys-chewy-muesli-bars-3-set-variety-bundle",
        "imgName": "90000878.jpg",
        "imgSrc": "https://cdn0.woolworths.media/content/wowproductimages/medium/90000878.jpg",
        "name": "Uncle Tobys Chewy Muesli Bars 3 Set Variety Bundle",
        "price": 16
    },
    {
        "category": "pantry",
        "href": "https://www.woolworths.com.au/shop/productdetails/90000879/uncle-tobys-yoghurt-muesli-bars-3-set-variety-bundle",
        "imgName": "90000879.jpg",
        "imgSrc": "https://cdn0.woolworths.media/content/wowproductimages/medium/90000879.jpg",
        "name": "Uncle Tobys Yoghurt Muesli Bars 3 Set Variety Bundle",
        "price": 12
    },
    {
        "category": "pantry",
        "href": "https://www.woolworths.com.au/shop/productdetails/321001/table-of-plenty-dried-spices-dukkah-pistachio",
        "imgName": "321001.jpg",
        "imgSrc": "https://cdn0.woolworths.media/content/wowproductimages/medium/321001.jpg",
        "name": "Table Of Plenty Dried Spices Dukkah Pistachio 45g",
        "price": 3.6,
        "unitPrice": "$0.80 / 10G"
    },
    {
        "category": "pantry",
        "href": "https://www.woolworths.com.au/shop/productdetails/36345/masterfoods-chilli-powder-mexican",
        "imgName": "036345.jpg",
        "imgSrc": "https://cdn0.woolworths.media/content/wowproductimages/medium/036345.jpg",
        "name": "Masterfoods Chilli Powder Mexican 30g",
        "price": 3,
        "unitPrice": "$1.00 / 10G"
    },
    {
        "category": "pantry",
        "href": "https://www.woolworths.com.au/shop/productdetails/172092/masterfoods-stir-fry-sauce-chinese-beef",
        "imgName": "172092.jpg",
        "imgSrc": "https://cdn0.woolworths.media/content/wowproductimages/medium/172092.jpg",
        "name": "Masterfoods Stir Fry Sauce Chinese Beef 175g",
        "price": 2.19,
        "unitPrice": "$1.25 / 100G"
    },
    {
        "category": "pantry",
        "href": "https://www.woolworths.com.au/shop/productdetails/205664/queen-food-colouring-red",
        "imgName": "205664.jpg",
        "imgSrc": "https://cdn0.woolworths.media/content/wowproductimages/medium/205664.jpg",
        "name": "Queen Food Colouring Red 50ml",
        "price": 1.1,
        "unitPrice": "$0.22 / 10ML"
    },
    {
        "category": "pantry",
        "href": "https://www.woolworths.com.au/shop/productdetails/223136/masterfoods-recipe-base-tuscan-meatballs",
        "imgName": "223136.jpg",
        "imgSrc": "https://cdn0.woolworths.media/content/wowproductimages/medium/223136.jpg",
        "name": "Masterfoods Recipe Base Tuscan Meatballs 175g",
        "price": 2.19,
        "unitPrice": "$1.25 / 100G"
    },
    {
        "category": "pantry",
        "href": "https://www.woolworths.com.au/shop/productdetails/369327/madame-flavour-grey-de-luxe-tea-pods",
        "imgName": "369327.jpg",
        "imgSrc": "https://cdn0.woolworths.media/content/wowproductimages/medium/369327.jpg",
        "name": "Madame Flavour Grey De Luxe Tea Pods 18pk 45g",
        "price": 5.8,
        "unitPrice": "$12.89 / 100G"
    },
    {
        "category": "pantry",
        "href": "https://www.woolworths.com.au/shop/productdetails/652669/one-night-in-mexico-tortilla-with-corn",
        "imgName": "652669.jpg",
        "imgSrc": "https://cdn0.woolworths.media/content/wowproductimages/medium/652669.jpg",
        "name": "One Night In Mexico Tortilla With Corn 6pk 168g",
        "price": 2.8,
        "unitPrice": "$1.67 / 100G"
    },
    {
        "category": "pantry",
        "href": "https://www.woolworths.com.au/shop/productdetails/957588/leggos-providore-tomato-onion",
        "imgName": "957588.jpg",
        "imgSrc": "https://cdn0.woolworths.media/content/wowproductimages/medium/957588.jpg",
        "name": "Leggos Providore Tomato & Onion 400g",
        "price": 4.99,
        "unitPrice": "$1.25 / 100G"
    },
    {
        "category": "pantry",
        "href": "https://www.woolworths.com.au/shop/productdetails/216503/masterfoods-cumin-seeds-whole",
        "imgName": "216503.jpg",
        "imgSrc": "https://cdn0.woolworths.media/content/wowproductimages/medium/216503.jpg",
        "name": "Masterfoods Cumin Seeds Whole 28g",
        "price": 3.25,
        "unitPrice": "$1.16 / 10G"
    },
    {
        "category": "pantry",
        "href": "https://www.woolworths.com.au/shop/productdetails/280467/nestle-smarties",
        "imgName": "280467.jpg",
        "imgSrc": "https://cdn0.woolworths.media/content/wowproductimages/medium/280467.jpg",
        "name": "Nestle Smarties  180g block",
        "price": 4.5,
        "unitPrice": "$2.50 / 100G"
    },
    {
        "category": "pantry",
        "href": "https://www.woolworths.com.au/shop/productdetails/251141/woolworths-select-rosemary-leaves",
        "imgName": "251141.jpg",
        "imgSrc": "https://cdn0.woolworths.media/content/wowproductimages/medium/251141.jpg",
        "name": "Woolworths Select Rosemary Leaves 18g",
        "price": 1.3,
        "unitPrice": "$0.72 / 10G"
    },
    {
        "category": "pantry",
        "href": "https://www.woolworths.com.au/shop/productdetails/252201/laucke-crusty-white-bread-mix",
        "imgName": "252201.jpg",
        "imgSrc": "https://cdn0.woolworths.media/content/wowproductimages/medium/252201.jpg",
        "name": "Laucke Crusty White Bread Mix  2.4kg",
        "price": 9.6,
        "unitPrice": "$4.00 / 1KG"
    },
    {
        "category": "pantry",
        "href": "https://www.woolworths.com.au/shop/productdetails/257375/sirena-tuna-slices-in-oil-italian-style",
        "imgName": "257375.jpg",
        "imgSrc": "https://cdn0.woolworths.media/content/wowproductimages/medium/257375.jpg",
        "name": "Sirena Tuna Slices In Oil Italian Style 125g",
        "price": 2.95,
        "unitPrice": "$23.60 / 1KG"
    },
    {
        "category": "pantry",
        "href": "https://www.woolworths.com.au/shop/productdetails/262165/nerada-organic-camomile-tea-bags",
        "imgName": "262165.jpg",
        "imgSrc": "https://cdn0.woolworths.media/content/wowproductimages/medium/262165.jpg",
        "name": "Nerada Organic Camomile Tea Bags 40pk 60g",
        "price": 5,
        "unitPrice": "$8.33 / 100G"
    },
    {
        "category": "pantry",
        "href": "https://www.woolworths.com.au/shop/productdetails/732369/well-naturally-no-sugar-added-milk-choc-bar",
        "imgName": "732369.jpg",
        "imgSrc": "https://cdn0.woolworths.media/content/wowproductimages/medium/732369.jpg",
        "name": "Well Naturally No Sugar Added Milk Choc Bar 45g",
        "price": 2.85,
        "unitPrice": "$6.33 / 100G"
    },
    {
        "category": "pantry",
        "href": "https://www.woolworths.com.au/shop/productdetails/867857/carman-s-greek-yoghurt-berry-protein-bars",
        "imgName": "867857.jpg",
        "imgSrc": "https://cdn0.woolworths.media/content/wowproductimages/medium/867857.jpg",
        "name": "Carman's Greek Yoghurt & Berry Protein Bars 5pk 200g",
        "price": 5.8,
        "unitPrice": "$2.90 / 100G"
    },
    {
        "category": "pantry",
        "href": "https://www.woolworths.com.au/shop/productdetails/739541/woolworths-select-plain-oats",
        "imgName": "739541.jpg",
        "imgSrc": "https://cdn0.woolworths.media/content/wowproductimages/medium/739541.jpg",
        "name": "Woolworths Select Plain Oats 10pk 340g",
        "price": 3.2,
        "unitPrice": "$0.94 / 100G"
    },
    {
        "category": "pantry",
        "href": "https://www.woolworths.com.au/shop/productdetails/72511/always-fresh-olives-black-sliced",
        "imgName": "072511.jpg",
        "imgSrc": "https://cdn0.woolworths.media/content/wowproductimages/medium/072511.jpg",
        "name": "Always Fresh Olives Black Sliced 235g",
        "price": 3.3,
        "unitPrice": "$14.04 / 1KG"
    },
    {
        "category": "pantry",
        "href": "https://www.woolworths.com.au/shop/productdetails/420010/sanitarium-up-go-honeycomb-liquid-breakfast",
        "imgName": "420010.jpg",
        "imgSrc": "https://cdn0.woolworths.media/content/wowproductimages/medium/420010.jpg",
        "name": "Sanitarium Up & Go Honeycomb Liquid Breakfast 3x250ml",
        "price": 5,
        "unitPrice": "$6.67 / 1L"
    },
    {
        "category": "pantry",
        "href": "https://www.woolworths.com.au/shop/productdetails/781030/mayver-s-smooth-peanut-butter",
        "imgName": "781030.jpg",
        "imgSrc": "https://cdn0.woolworths.media/content/wowproductimages/medium/781030.jpg",
        "name": "Mayver's Smooth Peanut Butter 375g",
        "price": 5,
        "unitPrice": "$1.33 / 100G"
    },
    {
        "category": "pantry",
        "href": "https://www.woolworths.com.au/shop/productdetails/664101/uncle-tobys-choc-faves-muesli-bars",
        "imgName": "664101.jpg",
        "imgSrc": "https://cdn0.woolworths.media/content/wowproductimages/medium/664101.jpg",
        "name": "Uncle Tobys Choc Faves Muesli Bars 15pk",
        "price": 6,
        "unitPrice": "$1.28 / 100G"
    },
    {
        "category": "pantry",
        "href": "https://www.woolworths.com.au/shop/productdetails/825513/masterfoods-simmer-sauce-butter-chicken",
        "imgName": "825513.jpg",
        "imgSrc": "https://cdn0.woolworths.media/content/wowproductimages/medium/825513.jpg",
        "name": "Masterfoods Simmer Sauce Butter Chicken 485g",
        "price": 3.69,
        "unitPrice": "$0.76 / 100G"
    },
    {
        "category": "pantry",
        "href": "https://www.woolworths.com.au/shop/productdetails/3927/maharajah-s-choice-pappadums-plain",
        "imgName": "003927.jpg",
        "imgSrc": "https://cdn0.woolworths.media/content/wowproductimages/medium/003927.jpg",
        "name": "Maharajah's Choice Pappadums Plain 100g",
        "price": 1.55,
        "unitPrice": "$1.55 / 100G"
    },
    {
        "category": "pantry",
        "href": "https://www.woolworths.com.au/shop/productdetails/701429/sirena-tuna-rice-italian-salad",
        "imgName": "701429.jpg",
        "imgSrc": "https://cdn0.woolworths.media/content/wowproductimages/medium/701429.jpg",
        "name": "Sirena Tuna Rice Italian Salad 190g",
        "price": 4,
        "unitPrice": "$21.05 / 1KG"
    },
    {
        "category": "pantry",
        "href": "https://www.woolworths.com.au/shop/productdetails/77770/gold-n-canola-oil",
        "imgName": "077770.jpg",
        "imgSrc": "https://cdn0.woolworths.media/content/wowproductimages/medium/077770.jpg",
        "name": "Gold'n Canola Oil 4l",
        "price": 18,
        "unitPrice": "$0.45 / 100ML"
    },
    {
        "category": "pantry",
        "href": "https://www.woolworths.com.au/shop/productdetails/743388/passage-foods-noodle-partners-sauce-mee-goreng-stir-fry",
        "imgName": "743388.jpg",
        "imgSrc": "https://cdn0.woolworths.media/content/wowproductimages/medium/743388.jpg",
        "name": "Passage Foods Noodle Partners Sauce Mee Goreng Stir Fry 200g",
        "price": 2.5,
        "unitPrice": "$1.25 / 100G"
    },
    {
        "category": "pantry",
        "href": "https://www.woolworths.com.au/shop/productdetails/27752/queen-essences-parisian",
        "imgName": "027752.jpg",
        "imgSrc": "https://cdn0.woolworths.media/content/wowproductimages/medium/027752.jpg",
        "name": "Queen Essences Parisian 100ml",
        "price": 1.1,
        "unitPrice": "$0.11 / 10ML"
    },
    {
        "category": "pantry",
        "href": "https://www.woolworths.com.au/shop/productdetails/91920/trident-instant-soup-thai-chicken-with-noodles",
        "imgName": "091920.jpg",
        "imgSrc": "https://cdn0.woolworths.media/content/wowproductimages/medium/091920.jpg",
        "name": "Trident Instant Soup Thai Chicken With Noodles 50g",
        "price": 1.2,
        "unitPrice": "$2.40 / 100G"
    },
    {
        "category": "pantry",
        "href": "https://www.woolworths.com.au/shop/productdetails/263255/obento-japanese-seasoning-sushi",
        "imgName": "263255.jpg",
        "imgSrc": "https://cdn0.woolworths.media/content/wowproductimages/medium/263255.jpg",
        "name": "Obento Japanese Seasoning Sushi 250ml",
        "price": 3.3,
        "unitPrice": "$1.32 / 100ML"
    },
    {
        "category": "pantry",
        "href": "https://www.woolworths.com.au/shop/productdetails/724084/jamie-oliver-green-pesto",
        "imgName": "724084.jpg",
        "imgSrc": "https://cdn0.woolworths.media/content/wowproductimages/medium/724084.jpg",
        "name": "Jamie Oliver Green Pesto  190g",
        "price": 5.3,
        "unitPrice": "$2.79 / 100G"
    },
    {
        "category": "pantry",
        "href": "https://www.woolworths.com.au/shop/productdetails/752331/uncle-tobys-creamy-vanilla-quick-oats-sachets",
        "imgName": "752331.jpg",
        "imgSrc": "https://cdn0.woolworths.media/content/wowproductimages/medium/752331.jpg",
        "name": "Uncle Tobys Creamy Vanilla Quick Oats Sachets 12pk 420g",
        "price": 5.5,
        "unitPrice": "$1.31 / 100G"
    },
    {
        "category": "pantry",
        "href": "https://www.woolworths.com.au/shop/productdetails/776058/macro-organic-coconut-milk",
        "imgName": "776058.jpg",
        "imgSrc": "https://cdn0.woolworths.media/content/wowproductimages/medium/776058.jpg",
        "name": "Macro Organic Coconut Milk 400ml",
        "price": 2.5,
        "unitPrice": "$6.25 / 1L"
    },
    {
        "category": "pantry",
        "href": "https://www.woolworths.com.au/shop/productdetails/3961/real-foods-corn-thins-soy-and-linseed",
        "imgName": "003961.jpg",
        "imgSrc": "https://cdn0.woolworths.media/content/wowproductimages/medium/003961.jpg",
        "name": "Real Foods Corn Thins Soy And Linseed 150g",
        "price": 2,
        "unitPrice": "$1.33 / 100G"
    },
    {
        "category": "pantry",
        "href": "https://www.woolworths.com.au/shop/productdetails/186116/passage-to-india-simmer-sauce-tikka-masala",
        "imgName": "186116.jpg",
        "imgSrc": "https://cdn0.woolworths.media/content/wowproductimages/medium/186116.jpg",
        "name": "Passage To India Simmer Sauce Tikka Masala 375g",
        "price": 4.3,
        "unitPrice": "$1.15 / 100G"
    },
    {
        "category": "pantry",
        "href": "https://www.woolworths.com.au/shop/productdetails/715568/passage-to-sri-lanka-simmer-sauce-coconut-cashew-chicken",
        "imgName": "715568.jpg",
        "imgSrc": "https://cdn0.woolworths.media/content/wowproductimages/medium/715568.jpg",
        "name": "Passage To Sri Lanka Simmer Sauce Coconut & Cashew Chicken 375g",
        "price": 4.3,
        "unitPrice": "$1.15 / 100G"
    },
    {
        "category": "pantry",
        "href": "https://www.woolworths.com.au/shop/productdetails/750401/la-zuppa-soup-pouch-tuscan-chicken-vegetable",
        "imgName": "750401.jpg",
        "imgSrc": "https://cdn0.woolworths.media/content/wowproductimages/medium/750401.jpg",
        "name": "La Zuppa Soup Pouch Tuscan Chicken & Vegetable 540g",
        "price": 4.4,
        "unitPrice": "$0.81 / 100G"
    },
    {
        "category": "pantry",
        "href": "https://www.woolworths.com.au/shop/productdetails/954138/capilano-honey-upside-down",
        "imgName": "954138.jpg",
        "imgSrc": "https://cdn0.woolworths.media/content/wowproductimages/medium/954138.jpg",
        "name": "Capilano Honey Upside Down 340g",
        "price": 5.39,
        "unitPrice": "$1.59 / 100G"
    },
    {
        "category": "pantry",
        "href": "https://www.woolworths.com.au/shop/productdetails/222307/sharwoods-simmer-sauce-korma",
        "imgName": "222307.jpg",
        "imgSrc": "https://cdn0.woolworths.media/content/wowproductimages/medium/222307.jpg",
        "name": "Sharwoods Simmer Sauce Korma 420g",
        "price": 4,
        "unitPrice": "$0.95 / 100G"
    },
    {
        "category": "pantry",
        "href": "https://www.woolworths.com.au/shop/productdetails/38882/valcom-canned-chestnuts-water-sliced",
        "imgName": "038882.jpg",
        "imgSrc": "https://cdn0.woolworths.media/content/wowproductimages/medium/038882.jpg",
        "name": "Valcom Canned Chestnuts Water Sliced 227g",
        "price": 1.1,
        "unitPrice": "$0.48 / 100G"
    },
    {
        "category": "pantry",
        "href": "https://www.woolworths.com.au/shop/productdetails/27574/john-west-tempters-tuna-oven-dried-tomato-basil",
        "imgName": "027574.jpg",
        "imgSrc": "https://cdn0.woolworths.media/content/wowproductimages/medium/027574.jpg",
        "name": "John West Tempters Tuna Oven Dried Tomato Basil 95g",
        "price": 2,
        "unitPrice": "$21.05 / 1KG"
    },
    {
        "category": "pantry",
        "href": "https://www.woolworths.com.au/shop/productdetails/15260/tandaco-coating-mix-suet",
        "imgName": "015260.jpg",
        "imgSrc": "https://cdn0.woolworths.media/content/wowproductimages/medium/015260.jpg",
        "name": "Tandaco Coating Mix Suet 250g",
        "price": 5.3,
        "unitPrice": "$0.21 / 10G"
    },
    {
        "category": "pantry",
        "href": "https://www.woolworths.com.au/shop/productdetails/34980/john-west-sardines-in-tomato-sauce",
        "imgName": "034980.jpg",
        "imgSrc": "https://cdn0.woolworths.media/content/wowproductimages/medium/034980.jpg",
        "name": "John West Sardines In Tomato Sauce 110g",
        "price": 2.7,
        "unitPrice": "$24.55 / 1KG"
    },
    {
        "category": "pantry",
        "href": "https://www.woolworths.com.au/shop/productdetails/66161/spring-gully-sauce-worcestershire",
        "imgName": "066161.jpg",
        "imgSrc": "https://cdn0.woolworths.media/content/wowproductimages/medium/066161.jpg",
        "name": "Spring Gully Sauce Worcestershire  250ml",
        "price": 2.6,
        "unitPrice": "$1.04 / 100ML"
    },
    {
        "category": "pantry",
        "href": "https://www.woolworths.com.au/shop/productdetails/92804/hoyts-vanilla-sugar",
        "imgName": "092804.jpg",
        "imgSrc": "https://cdn0.woolworths.media/content/wowproductimages/medium/092804.jpg",
        "name": "Hoyts Vanilla Sugar 25g",
        "price": 1.2,
        "unitPrice": "$0.48 / 10G"
    },
    {
        "category": "pantry",
        "href": "https://www.woolworths.com.au/shop/productdetails/261856/zappo-fruit-chews-grape",
        "imgName": "261856.jpg",
        "imgSrc": "https://cdn0.woolworths.media/content/wowproductimages/medium/261856.jpg",
        "name": "Zappo Fruit Chews Grape 5pk 130g",
        "price": 2.15,
        "unitPrice": "$1.65 / 100G"
    },
    {
        "category": "pantry",
        "href": "https://www.woolworths.com.au/shop/productdetails/120283/spiral-rice-crackers-tamari",
        "imgName": "120283.jpg",
        "imgSrc": "https://cdn0.woolworths.media/content/wowproductimages/medium/120283.jpg",
        "name": "Spiral Rice Crackers Tamari 65g",
        "price": 4.99,
        "unitPrice": "$7.68 / 100G"
    },
    {
        "category": "pantry",
        "href": "https://www.woolworths.com.au/shop/productdetails/251222/woolworths-select-sumac-ground",
        "imgName": "251222.jpg",
        "imgSrc": "https://cdn0.woolworths.media/content/wowproductimages/medium/251222.jpg",
        "name": "Woolworths Select Sumac Ground 40g",
        "price": 2.8,
        "unitPrice": "$0.70 / 10G"
    },
    {
        "category": "pantry",
        "href": "https://www.woolworths.com.au/shop/productdetails/298074/continental-cup-a-soup-chicken-mushroom-with-lots-of-noodles",
        "imgName": "298074.jpg",
        "imgSrc": "https://cdn0.woolworths.media/content/wowproductimages/medium/298074.jpg",
        "name": "Continental Cup A Soup Chicken & Mushroom With Lots Of Noodles 55g",
        "price": 2,
        "unitPrice": "$3.64 / 100G"
    },
    {
        "category": "pantry",
        "href": "https://www.woolworths.com.au/shop/productdetails/295228/homebrand-assorted-flavours-fruit-bars",
        "imgName": "295228.jpg",
        "imgSrc": "https://cdn0.woolworths.media/content/wowproductimages/medium/295228.jpg",
        "name": "Homebrand Assorted Flavours Fruit Bars 25pk 500g",
        "price": 3.7,
        "unitPrice": "$0.74 / 100G"
    },
    {
        "category": "pantry",
        "href": "https://www.woolworths.com.au/shop/productdetails/334755/macro-organic-unhulled-tahini-spread",
        "imgName": "334755.jpg",
        "imgSrc": "https://cdn0.woolworths.media/content/wowproductimages/medium/334755.jpg",
        "name": "Macro Organic Unhulled Tahini Spread 375g",
        "price": 6.49,
        "unitPrice": "$1.73 / 100G"
    },
    {
        "category": "pantry",
        "href": "https://www.woolworths.com.au/shop/productdetails/251120/woolworths-select-mixed-herbs-dried",
        "imgName": "251120.jpg",
        "imgSrc": "https://cdn0.woolworths.media/content/wowproductimages/medium/251120.jpg",
        "name": "Woolworths Select Mixed Herbs Dried 12g",
        "price": 2.39,
        "unitPrice": "$1.99 / 10G"
    },
    {
        "category": "pantry",
        "href": "https://www.woolworths.com.au/shop/productdetails/320328/vetta-corkscrew-high-fibre-pasta",
        "imgName": "320328.jpg",
        "imgSrc": "https://cdn0.woolworths.media/content/wowproductimages/medium/320328.jpg",
        "name": "Vetta Corkscrew High Fibre Pasta 500g",
        "price": 2,
        "unitPrice": "$0.40 / 100G"
    },
    {
        "category": "pantry",
        "href": "https://www.woolworths.com.au/shop/productdetails/466176/king-oscar-mackerel-in-olive-oil",
        "imgName": "466176.jpg",
        "imgSrc": "https://cdn0.woolworths.media/content/wowproductimages/medium/466176.jpg",
        "name": "King Oscar Mackerel In Olive Oil 115g",
        "price": 3.3,
        "unitPrice": "$28.70 / 1KG"
    },
    {
        "category": "pantry",
        "href": "https://www.woolworths.com.au/shop/productdetails/370227/la-zuppa-microwave-soup-chicken-veg-wholegrain-rice",
        "imgName": "370227.jpg",
        "imgSrc": "https://cdn0.woolworths.media/content/wowproductimages/medium/370227.jpg",
        "name": "La Zuppa Microwave Soup Chicken Veg & Wholegrain Rice 420g",
        "price": 4,
        "unitPrice": "$0.95 / 100G"
    },
    {
        "category": "pantry",
        "href": "https://www.woolworths.com.au/shop/productdetails/445265/gravox-gravy-chargrilled-beef-merlot",
        "imgName": "445265.jpg",
        "imgSrc": "https://cdn0.woolworths.media/content/wowproductimages/medium/445265.jpg",
        "name": "Gravox Gravy Chargrilled Beef & Merlot 160g",
        "price": 3,
        "unitPrice": "$0.19 / 10G"
    },
    {
        "category": "pantry",
        "href": "https://www.woolworths.com.au/shop/productdetails/445863/mccormicks-grill-mates-smokin-texas-bbq-rub",
        "imgName": "445863.jpg",
        "imgSrc": "https://cdn0.woolworths.media/content/wowproductimages/medium/445863.jpg",
        "name": "Mccormicks Grill Mates Smokin Texas Bbq Rub  40g",
        "price": 1.99,
        "unitPrice": "$0.50 / 10G"
    },
    {
        "category": "pantry",
        "href": "https://www.woolworths.com.au/shop/productdetails/438465/hart-soul-laksa-soup-pouch",
        "imgName": "438465.jpg",
        "imgSrc": "https://cdn0.woolworths.media/content/wowproductimages/medium/438465.jpg",
        "name": "Hart & Soul Laksa Soup Pouch  400g",
        "price": 4,
        "unitPrice": "$1.00 / 100G"
    },
    {
        "category": "pantry",
        "href": "https://www.woolworths.com.au/shop/productdetails/348306/reese-s-milk-chocolate-peanut-butter-cups-miniatures",
        "imgName": "348306.jpg",
        "imgSrc": "https://cdn0.woolworths.media/content/wowproductimages/medium/348306.jpg",
        "name": "Reese's Milk Chocolate Peanut Butter Cups Miniatures 150g",
        "price": 4.5,
        "unitPrice": "$3.00 / 100G"
    },
    {
        "category": "pantry",
        "href": "https://www.woolworths.com.au/shop/productdetails/348800/aeroplane-jelly-lite-cranberry-raspberry",
        "imgName": "348800.jpg",
        "imgSrc": "https://cdn0.woolworths.media/content/wowproductimages/medium/348800.jpg",
        "name": "Aeroplane Jelly Lite Cranberry & Raspberry 2x9g",
        "price": 1.9,
        "unitPrice": "$10.56 / 100G"
    },
    {
        "category": "pantry",
        "href": "https://www.woolworths.com.au/shop/productdetails/360680/woolworths-whole-egg-mayonnaise",
        "imgName": "360680.jpg",
        "imgSrc": "https://cdn0.woolworths.media/content/wowproductimages/medium/360680.jpg",
        "name": "Woolworths Whole Egg Mayonnaise 440g",
        "price": 2.85,
        "unitPrice": "$0.65 / 100G"
    },
    {
        "category": "pantry",
        "href": "https://www.woolworths.com.au/shop/productdetails/360346/woolworths-select-microwave-jasmine-rice",
        "imgName": "360346.jpg",
        "imgSrc": "https://cdn0.woolworths.media/content/wowproductimages/medium/360346.jpg",
        "name": "Woolworths Select Microwave Jasmine Rice 250g",
        "price": 1.5,
        "unitPrice": "$0.60 / 100G"
    },
    {
        "category": "pantry",
        "href": "https://www.woolworths.com.au/shop/productdetails/295163/wai-wai-noodles-instant-tom-yum-shrimp",
        "imgName": "295163.jpg",
        "imgSrc": "https://cdn0.woolworths.media/content/wowproductimages/medium/295163.jpg",
        "name": "Wai Wai Noodles Instant Tom Yum Shrimp 60g",
        "price": 0.7,
        "unitPrice": "$1.17 / 100G"
    },
    {
        "category": "pantry",
        "href": "https://www.woolworths.com.au/shop/productdetails/433432/continental-cup-a-soup-homestyle-chicken-noodles",
        "imgName": "433432.jpg",
        "imgSrc": "https://cdn0.woolworths.media/content/wowproductimages/medium/433432.jpg",
        "name": "Continental Cup A Soup Homestyle Chicken Noodles 46g",
        "price": 2,
        "unitPrice": "$4.35 / 100G"
    },
    {
        "category": "pantry",
        "href": "https://www.woolworths.com.au/shop/productdetails/466165/f-whitlock-sons-peach-mango-apricot-chutney",
        "imgName": "466165.jpg",
        "imgSrc": "https://cdn0.woolworths.media/content/wowproductimages/medium/466165.jpg",
        "name": "F. Whitlock & Sons Peach Mango & Apricot Chutney 275g",
        "price": 4.5,
        "unitPrice": "$1.64 / 100G"
    },
    {
        "category": "pantry",
        "href": "https://www.woolworths.com.au/shop/productdetails/428892/mother-earth-peanut-butter-smooth",
        "imgName": "428892.jpg",
        "imgSrc": "https://cdn0.woolworths.media/content/wowproductimages/medium/428892.jpg",
        "name": "Mother Earth Peanut Butter Smooth 380g",
        "price": 5,
        "unitPrice": "$1.32 / 100G"
    },
    {
        "category": "pantry",
        "href": "https://www.woolworths.com.au/shop/productdetails/731020/bassetts-jelly-babies",
        "imgName": "731020.jpg",
        "imgSrc": "https://cdn0.woolworths.media/content/wowproductimages/medium/731020.jpg",
        "name": "Bassetts Jelly Babies  190g",
        "price": 5.19,
        "unitPrice": "$2.73 / 100G"
    },
    {
        "category": "pantry",
        "href": "https://www.woolworths.com.au/shop/productdetails/650297/hermesetas-sweet-stevia-tablets",
        "imgName": "650297.jpg",
        "imgSrc": "https://cdn0.woolworths.media/content/wowproductimages/medium/650297.jpg",
        "name": "Hermesetas Sweet Stevia Tablets 13.2g",
        "price": 8,
        "unitPrice": "$60.61 / 100G"
    },
    {
        "category": "pantry",
        "href": "https://www.woolworths.com.au/shop/productdetails/827168/homebrand-sardines-in-oil",
        "imgName": "827168.jpg",
        "imgSrc": "https://cdn0.woolworths.media/content/wowproductimages/medium/827168.jpg",
        "name": "Homebrand Sardines In Oil  125g",
        "price": 0.65,
        "unitPrice": "$5.20 / 1KG"
    },
    {
        "category": "pantry",
        "href": "https://www.woolworths.com.au/shop/productdetails/788574/beerenberg-chutney-mango",
        "imgName": "788574.jpg",
        "imgSrc": "https://cdn0.woolworths.media/content/wowproductimages/medium/788574.jpg",
        "name": "Beerenberg Chutney Mango 280g",
        "price": 5,
        "unitPrice": "$17.86 / 1KG"
    },
    {
        "category": "pantry",
        "href": "https://www.woolworths.com.au/shop/productdetails/825617/woolworths-select-chicken-massaman-with-jasmine-rice",
        "imgName": "825617.jpg",
        "imgSrc": "https://cdn0.woolworths.media/content/wowproductimages/medium/825617.jpg",
        "name": "Woolworths Select Chicken Massaman With Jasmine Rice 350g",
        "price": 4,
        "unitPrice": "$1.14 / 100G"
    },
    {
        "category": "pantry",
        "href": "https://www.woolworths.com.au/shop/productdetails/757795/greens-brownie-mix-chocolate",
        "imgName": "757795.jpg",
        "imgSrc": "https://cdn0.woolworths.media/content/wowproductimages/medium/757795.jpg",
        "name": "Greens Brownie Mix Chocolate 380g",
        "price": 2.75,
        "unitPrice": "$0.72 / 100G"
    },
    {
        "category": "pantry",
        "href": "https://www.woolworths.com.au/shop/productdetails/739878/san-remo-spirals-spelt-pasta",
        "imgName": "739878.jpg",
        "imgSrc": "https://cdn0.woolworths.media/content/wowproductimages/medium/739878.jpg",
        "name": "San Remo Spirals Spelt Pasta 250g",
        "price": 3.99,
        "unitPrice": "$1.60 / 100G"
    },
    {
        "category": "pantry",
        "href": "https://www.woolworths.com.au/shop/productdetails/893085/sanitarium-up-go-gluten-free-vanilla",
        "imgName": "893085.jpg",
        "imgSrc": "https://cdn0.woolworths.media/content/wowproductimages/medium/893085.jpg",
        "name": "Sanitarium Up&go Gluten Free Vanilla 3x250ml",
        "price": 5.9,
        "unitPrice": "$7.87 / 1L"
    },
    {
        "category": "pantry",
        "href": "https://www.woolworths.com.au/shop/productdetails/36885/ayam-instant-noodles-10-cakes",
        "imgName": "036885.jpg",
        "imgSrc": "https://cdn0.woolworths.media/content/wowproductimages/medium/036885.jpg",
        "name": "Ayam Instant Noodles 10 Cakes 700g",
        "price": 4.45,
        "unitPrice": "$0.64 / 100G"
    },
    {
        "category": "pantry",
        "href": "https://www.woolworths.com.au/shop/productdetails/24811/brunswick-sardines-in-springwater-no-added-salt",
        "imgName": "024811.jpg",
        "imgSrc": "https://cdn0.woolworths.media/content/wowproductimages/medium/024811.jpg",
        "name": "Brunswick Sardines In Springwater No Added Salt 106g",
        "price": 1.7,
        "unitPrice": "$16.04 / 1KG"
    },
    {
        "category": "pantry",
        "href": "https://www.woolworths.com.au/shop/productdetails/9297/beerenberg-tomato-sauce",
        "imgName": "009297.jpg",
        "imgSrc": "https://cdn0.woolworths.media/content/wowproductimages/medium/009297.jpg",
        "name": "Beerenberg Tomato Sauce  300ml",
        "price": 4.75,
        "unitPrice": "$1.58 / 100ML"
    },
    {
        "category": "pantry",
        "href": "https://www.woolworths.com.au/shop/productdetails/33287/hoyts-mixed-herbs",
        "imgName": "033287.jpg",
        "imgSrc": "https://cdn0.woolworths.media/content/wowproductimages/medium/033287.jpg",
        "name": "Hoyts Mixed Herbs  70g",
        "price": 3.15,
        "unitPrice": "$0.45 / 10G"
    },
    {
        "category": "pantry",
        "href": "https://www.woolworths.com.au/shop/productdetails/74502/masterfoods-seasoning-pizza-topper",
        "imgName": "074502.jpg",
        "imgSrc": "https://cdn0.woolworths.media/content/wowproductimages/medium/074502.jpg",
        "name": "Masterfoods Seasoning Pizza Topper 18g",
        "price": 2.95,
        "unitPrice": "$1.64 / 10G"
    },
    {
        "category": "pantry",
        "href": "https://www.woolworths.com.au/shop/productdetails/79949/go-natural-bars-nut-delight",
        "imgName": "079949.jpg",
        "imgSrc": "https://cdn0.woolworths.media/content/wowproductimages/medium/079949.jpg",
        "name": "Go Natural Bars Nut Delight 40g",
        "price": 1.95,
        "unitPrice": "$4.88 / 100G"
    },
    {
        "category": "pantry",
        "href": "https://www.woolworths.com.au/shop/productdetails/93055/masterfoods-seasoning-pepper-steak",
        "imgName": "093055.jpg",
        "imgSrc": "https://cdn0.woolworths.media/content/wowproductimages/medium/093055.jpg",
        "name": "Masterfoods Seasoning Pepper Steak 35g",
        "price": 3.35,
        "unitPrice": "$0.96 / 10G"
    },
    {
        "category": "pantry",
        "href": "https://www.woolworths.com.au/shop/productdetails/95262/essentials-cake-mix-chocolate",
        "imgName": "095262.jpg",
        "imgSrc": "https://cdn0.woolworths.media/content/wowproductimages/medium/095262.jpg",
        "name": "Essentials Cake Mix Chocolate 340g",
        "price": 0.75,
        "unitPrice": "$0.22 / 100G"
    },
    {
        "category": "pantry",
        "href": "https://www.woolworths.com.au/shop/productdetails/79822/pataks-paste-curry-korma",
        "imgName": "079822.jpg",
        "imgSrc": "https://cdn0.woolworths.media/content/wowproductimages/medium/079822.jpg",
        "name": "Pataks Paste Curry Korma 283g",
        "price": 5.5,
        "unitPrice": "$1.90 / 100G"
    },
    {
        "category": "pantry",
        "href": "https://www.woolworths.com.au/shop/productdetails/188208/gold-medal-snacks-single-pack-pork-krackles",
        "imgName": "188208.jpg",
        "imgSrc": "https://cdn0.woolworths.media/content/wowproductimages/medium/188208.jpg",
        "name": "Gold Medal Snacks Single Pack Pork Krackles 50g",
        "price": 2.3,
        "unitPrice": "$4.60 / 100G"
    },
    {
        "category": "pantry",
        "href": "https://www.woolworths.com.au/shop/productdetails/319476/john-west-tuna-with-roast-capsicum-3-beans",
        "imgName": "319476.jpg",
        "imgSrc": "https://cdn0.woolworths.media/content/wowproductimages/medium/319476.jpg",
        "name": "John West Tuna With Roast Capsicum & 3 Beans 185g",
        "price": 3.6,
        "unitPrice": "$19.46 / 1KG"
    },
    {
        "category": "pantry",
        "href": "https://www.woolworths.com.au/shop/productdetails/225399/queen-vanilla-bean-paste",
        "imgName": "225399.jpg",
        "imgSrc": "https://cdn0.woolworths.media/content/wowproductimages/medium/225399.jpg",
        "name": "Queen Vanilla Bean Paste 65g",
        "price": 11.8,
        "unitPrice": "$18.15 / 100G"
    },
    {
        "category": "pantry",
        "href": "https://www.woolworths.com.au/shop/productdetails/226684/chicco-d-oro-delta-ground-coffee-chicco-doro",
        "imgName": "226684.jpg",
        "imgSrc": "https://cdn0.woolworths.media/content/wowproductimages/medium/226684.jpg",
        "name": "Chicco D'oro Delta Ground Coffee Chicco Doro 1kg",
        "price": 12,
        "unitPrice": "$1.20 / 100G"
    },
    {
        "category": "pantry",
        "href": "https://www.woolworths.com.au/shop/productdetails/254441/yoosh-aloe-vera-drinks",
        "imgName": "254441.jpg",
        "imgSrc": "https://cdn0.woolworths.media/content/wowproductimages/medium/254441.jpg",
        "name": "Yoosh Aloe Vera Drinks  500ml",
        "price": 2.6,
        "unitPrice": "$5.20 / 1L"
    },
    {
        "category": "pantry",
        "href": "https://www.woolworths.com.au/shop/productdetails/257374/sirena-tuna-slices-chilli-oil",
        "imgName": "257374.jpg",
        "imgSrc": "https://cdn0.woolworths.media/content/wowproductimages/medium/257374.jpg",
        "name": "Sirena Tuna Slices Chilli & Oil 125g",
        "price": 2.95,
        "unitPrice": "$23.60 / 1KG"
    },
    {
        "category": "pantry",
        "href": "https://www.woolworths.com.au/shop/productdetails/251122/woolworths-select-seasoning-moroccan",
        "imgName": "251122.jpg",
        "imgSrc": "https://cdn0.woolworths.media/content/wowproductimages/medium/251122.jpg",
        "name": "Woolworths Select Seasoning Moroccan 52g",
        "price": 2.7,
        "unitPrice": "$0.52 / 10G"
    },
    {
        "category": "pantry",
        "href": "https://www.woolworths.com.au/shop/productdetails/370240/mckenzie-s-french-style-lentils",
        "imgName": "370240.jpg",
        "imgSrc": "https://cdn0.woolworths.media/content/wowproductimages/medium/370240.jpg",
        "name": "Mckenzie's French Style Lentils  375g",
        "price": 3.35,
        "unitPrice": "$0.89 / 100G"
    },
    {
        "category": "pantry",
        "href": "https://www.woolworths.com.au/shop/productdetails/314405/homebrand-apricot-jam",
        "imgName": "314405.jpg",
        "imgSrc": "https://cdn0.woolworths.media/content/wowproductimages/medium/314405.jpg",
        "name": "Homebrand Apricot Jam 500g",
        "price": 1.4,
        "unitPrice": "$0.28 / 100G"
    },
    {
        "category": "pantry",
        "href": "https://www.woolworths.com.au/shop/productdetails/308437/nerada-organic-green-lemon-myrtle-tea-bags",
        "imgName": "308437.jpg",
        "imgSrc": "https://cdn0.woolworths.media/content/wowproductimages/medium/308437.jpg",
        "name": "Nerada Organic Green Lemon Myrtle Tea Bags 50pk 75g",
        "price": 4.25,
        "unitPrice": "$5.67 / 100G"
    },
    {
        "category": "pantry",
        "href": "https://www.woolworths.com.au/shop/productdetails/354429/kan-tong-inspirations-noodles-singapore-style",
        "imgName": "354429.jpg",
        "imgSrc": "https://cdn0.woolworths.media/content/wowproductimages/medium/354429.jpg",
        "name": "Kan Tong Inspirations Noodles Singapore Style 2pk 440g",
        "price": 3.1,
        "unitPrice": "$0.78 / 100G"
    },
    {
        "category": "pantry",
        "href": "https://www.woolworths.com.au/shop/productdetails/378742/go-natural-fruit-snacks-honey-almond-apricot-ripple",
        "imgName": "378742.jpg",
        "imgSrc": "https://cdn0.woolworths.media/content/wowproductimages/medium/378742.jpg",
        "name": "Go Natural Fruit Snacks Honey Almond Apricot Ripple 175g",
        "price": 5.2,
        "unitPrice": "$2.97 / 100G"
    },
    {
        "category": "pantry",
        "href": "https://www.woolworths.com.au/shop/productdetails/378932/buontempo-gluten-wheat-free-pasta-penne-pasta",
        "imgName": "378932.jpg",
        "imgSrc": "https://cdn0.woolworths.media/content/wowproductimages/medium/378932.jpg",
        "name": "Buontempo Gluten & Wheat Free Pasta Penne Pasta 500g",
        "price": 3.45,
        "unitPrice": "$0.69 / 100G"
    },
    {
        "category": "pantry",
        "href": "https://www.woolworths.com.au/shop/productdetails/446298/continental-chicken-stock-powder-salt-reduced",
        "imgName": "446298.jpg",
        "imgSrc": "https://cdn0.woolworths.media/content/wowproductimages/medium/446298.jpg",
        "name": "Continental Chicken Stock Powder Salt Reduced 120g",
        "price": 2.99,
        "unitPrice": "$0.25 / 10G"
    },
    {
        "category": "pantry",
        "href": "https://www.woolworths.com.au/shop/productdetails/444645/trolli-bite-crawler-tub",
        "imgName": "444645.jpg",
        "imgSrc": "https://cdn0.woolworths.media/content/wowproductimages/medium/444645.jpg",
        "name": "Trolli Bite Crawler Tub 900g",
        "price": 10,
        "unitPrice": "$1.11 / 100G"
    },
    {
        "category": "pantry",
        "href": "https://www.woolworths.com.au/shop/productdetails/445342/natural-ceramic-grinder-himalayan-rock-salt",
        "imgName": "445342.jpg",
        "imgSrc": "https://cdn0.woolworths.media/content/wowproductimages/medium/445342.jpg",
        "name": "Natural Ceramic Grinder Himalayan Rock Salt 100g",
        "price": 5.5,
        "unitPrice": "$0.55 / 10G"
    },
    {
        "category": "pantry",
        "href": "https://www.woolworths.com.au/shop/productdetails/741012/natvia-sweeteners-stick-stick",
        "imgName": "741012.jpg",
        "imgSrc": "https://cdn0.woolworths.media/content/wowproductimages/medium/741012.jpg",
        "name": "Natvia Sweeteners Stick Stick 80pk 160g",
        "price": 8.5,
        "unitPrice": "$5.31 / 100G"
    },
    {
        "category": "pantry",
        "href": "https://www.woolworths.com.au/shop/productdetails/710191/birch-waite-greek-lemon-dressing",
        "imgName": "710191.jpg",
        "imgSrc": "https://cdn0.woolworths.media/content/wowproductimages/medium/710191.jpg",
        "name": "Birch & Waite Greek Lemon Dressing  250ml",
        "price": 5,
        "unitPrice": "$2.00 / 100ML"
    },
    {
        "category": "pantry",
        "href": "https://www.woolworths.com.au/shop/productdetails/756482/vetta-spirals-high-fibre-no-53",
        "imgName": "756482.jpg",
        "imgSrc": "https://cdn0.woolworths.media/content/wowproductimages/medium/756482.jpg",
        "name": "Vetta Spirals High Fibre No 53 500g",
        "price": 2,
        "unitPrice": "$0.40 / 100G"
    },
    {
        "category": "pantry",
        "href": "https://www.woolworths.com.au/shop/productdetails/717720/ayam-malaysian-rendang-curry-paste",
        "imgName": "717720.jpg",
        "imgSrc": "https://cdn0.woolworths.media/content/wowproductimages/medium/717720.jpg",
        "name": "Ayam Malaysian Rendang Curry Paste  185g",
        "price": 3.3,
        "unitPrice": "$1.78 / 100G"
    },
    {
        "category": "pantry",
        "href": "https://www.woolworths.com.au/shop/productdetails/704034/barrys-gold-blend-tea-40-s",
        "imgName": "default.png",
        "imgSrc": "https://cdn0.woolworths.media/content/wowproductimages/large/default.png",
        "name": "Barrys Gold Blend Tea 40's 125g",
        "price": 6.4,
        "unitPrice": "$5.12 / 100G"
    },
    {
        "category": "pantry",
        "href": "https://www.woolworths.com.au/shop/productdetails/788498/a-snacks-seaweed",
        "imgName": "788498.jpg",
        "imgSrc": "https://cdn0.woolworths.media/content/wowproductimages/medium/788498.jpg",
        "name": "A+ Snacks Seaweed 4.5g",
        "price": 1,
        "unitPrice": "$22.22 / 100G"
    },
    {
        "category": "pantry",
        "href": "https://www.woolworths.com.au/shop/productdetails/874927/mckenzie-s-black-beans",
        "imgName": "874927.jpg",
        "imgSrc": "https://cdn0.woolworths.media/content/wowproductimages/medium/874927.jpg",
        "name": "Mckenzie's Black Beans  375g",
        "price": 2.25,
        "unitPrice": "$0.60 / 100G"
    },
    {
        "category": "pantry",
        "href": "https://www.woolworths.com.au/shop/productdetails/931800/macro-organic-muesli-fruit-nut-seed",
        "imgName": "931800.jpg",
        "imgSrc": "https://cdn0.woolworths.media/content/wowproductimages/medium/931800.jpg",
        "name": "Macro Organic Muesli Fruit Nut Seed 750g",
        "price": 7,
        "unitPrice": "$0.93 / 100G"
    },
    {
        "category": "pantry",
        "href": "https://www.woolworths.com.au/shop/productdetails/873020/woolworths-herring-fillets-in-tomato-sauce",
        "imgName": "873020.jpg",
        "imgSrc": "https://cdn0.woolworths.media/content/wowproductimages/medium/873020.jpg",
        "name": "Woolworths Herring Fillets In Tomato Sauce 200g",
        "price": 2,
        "unitPrice": "$10.00 / 1KG"
    },
    {
        "category": "pantry",
        "href": "https://www.woolworths.com.au/shop/productdetails/249587/hoyts-cinnamon-dutch-ground",
        "imgName": "249587.jpg",
        "imgSrc": "https://cdn0.woolworths.media/content/wowproductimages/medium/249587.jpg",
        "name": "Hoyts Cinnamon Dutch Ground 150g",
        "price": 4.23,
        "unitPrice": "$0.28 / 10G"
    },
    {
        "category": "pantry",
        "href": "https://www.woolworths.com.au/shop/productdetails/563316/birch-waite-thai-lime-coriander-dressing",
        "imgName": "563316.jpg",
        "imgSrc": "https://cdn0.woolworths.media/content/wowproductimages/medium/563316.jpg",
        "name": "Birch & Waite Thai Lime & Coriander Dressing 250ml",
        "price": 5,
        "unitPrice": "$2.00 / 100ML"
    },
    {
        "category": "pantry",
        "href": "https://www.woolworths.com.au/shop/productdetails/3572/golden-circle-pineapple-thins-in-syrup",
        "imgName": "003572.jpg",
        "imgSrc": "https://cdn0.woolworths.media/content/wowproductimages/medium/003572.jpg",
        "name": "Golden Circle Pineapple Thins In Syrup 450g",
        "price": 3.25,
        "unitPrice": "$7.22 / 1KG"
    },
    {
        "category": "pantry",
        "href": "https://www.woolworths.com.au/shop/productdetails/36833/anticol-throat-lozenge-vapour-action",
        "imgName": "036833.jpg",
        "imgSrc": "https://cdn0.woolworths.media/content/wowproductimages/medium/036833.jpg",
        "name": "Anticol Throat Lozenge Vapour Action 10pk",
        "price": 2.2,
        "unitPrice": "$0.22 / 1EA"
    },
    {
        "category": "pantry",
        "href": "https://www.woolworths.com.au/shop/productdetails/1563/masterfoods-mustard-dijonnaise-smooth-creamy",
        "imgName": "001563.jpg",
        "imgSrc": "https://cdn0.woolworths.media/content/wowproductimages/medium/001563.jpg",
        "name": "Masterfoods Mustard Dijonnaise Smooth & Creamy 250g",
        "price": 3.5,
        "unitPrice": "$1.40 / 100G"
    },
    {
        "category": "pantry",
        "href": "https://www.woolworths.com.au/shop/productdetails/29348/health-time-spreads-tahini",
        "imgName": "029348.jpg",
        "imgSrc": "https://cdn0.woolworths.media/content/wowproductimages/medium/029348.jpg",
        "name": "Health Time Spreads Tahini 385g",
        "price": 5.29,
        "unitPrice": "$1.37 / 100G"
    },
    {
        "category": "pantry",
        "href": "https://www.woolworths.com.au/shop/productdetails/36957/leggo-s-pickles-mustard-spreadable",
        "imgName": "036957.jpg",
        "imgSrc": "https://cdn0.woolworths.media/content/wowproductimages/medium/036957.jpg",
        "name": "Leggo's Pickles Mustard Spreadable 250g",
        "price": 1.75,
        "unitPrice": "$7.00 / 1KG"
    },
    {
        "category": "pantry",
        "href": "https://www.woolworths.com.au/shop/productdetails/33120/bakeo-pastry-mix",
        "imgName": "033120.jpg",
        "imgSrc": "https://cdn0.woolworths.media/content/wowproductimages/medium/033120.jpg",
        "name": "Bakeo Pastry Mix 340g",
        "price": 2.65,
        "unitPrice": "$0.78 / 100G"
    },
    {
        "category": "pantry",
        "href": "https://www.woolworths.com.au/shop/productdetails/63285/nong-shim-shrimp-crackers-shrimp-crackers",
        "imgName": "063285.jpg",
        "imgSrc": "https://cdn0.woolworths.media/content/wowproductimages/medium/063285.jpg",
        "name": "Nong Shim Shrimp Crackers Shrimp Crackers 75g",
        "price": 1.9,
        "unitPrice": "$2.53 / 100G"
    },
    {
        "category": "pantry",
        "href": "https://www.woolworths.com.au/shop/productdetails/5556/maille-mustard-wholegrain-mild",
        "imgName": "005556.jpg",
        "imgSrc": "https://cdn0.woolworths.media/content/wowproductimages/medium/005556.jpg",
        "name": "Maille Mustard Wholegrain Mild 210g",
        "price": 4,
        "unitPrice": "$1.90 / 100G"
    },
    {
        "category": "pantry",
        "href": "https://www.woolworths.com.au/shop/productdetails/35970/tandaco-one-pan-dinner-savoury-noodle",
        "imgName": "035970.jpg",
        "imgSrc": "https://cdn0.woolworths.media/content/wowproductimages/medium/035970.jpg",
        "name": "Tandaco One Pan Dinner Savoury Noodle 200g",
        "price": 5,
        "unitPrice": "$2.50 / 100G"
    },
    {
        "category": "pantry",
        "href": "https://www.woolworths.com.au/shop/productdetails/34091/lan-choo-tea-bags-black",
        "imgName": "034091.jpg",
        "imgSrc": "https://cdn0.woolworths.media/content/wowproductimages/medium/034091.jpg",
        "name": "Lan Choo Tea Bags Black 100pk 182g",
        "price": 5.09,
        "unitPrice": "$2.83 / 100G"
    },
    {
        "category": "pantry",
        "href": "https://www.woolworths.com.au/shop/productdetails/52280/admiral-mangoes-sliced-in-natural-juice",
        "imgName": "052280.jpg",
        "imgSrc": "https://cdn0.woolworths.media/content/wowproductimages/medium/052280.jpg",
        "name": "Admiral Mangoes Sliced In Natural Juice 800g",
        "price": 3.5,
        "unitPrice": "$4.38 / 1KG"
    },
    {
        "category": "pantry",
        "href": "https://www.woolworths.com.au/shop/productdetails/92157/masterfoods-seasoning-lemon-pepper",
        "imgName": "092157.jpg",
        "imgSrc": "https://cdn0.woolworths.media/content/wowproductimages/medium/092157.jpg",
        "name": "Masterfoods Seasoning Lemon & Pepper 170g",
        "price": 4.9,
        "unitPrice": "$0.29 / 10G"
    },
    {
        "category": "pantry",
        "href": "https://www.woolworths.com.au/shop/productdetails/98419/wrigley-s-pk-gum-original",
        "imgName": "098419.jpg",
        "imgSrc": "https://cdn0.woolworths.media/content/wowproductimages/medium/098419.jpg",
        "name": "Wrigley's Pk Gum Original 5pk 70g",
        "price": 3.5,
        "unitPrice": "$5.00 / 100G"
    },
    {
        "category": "pantry",
        "href": "https://www.woolworths.com.au/shop/productdetails/34487/keens-mustard-powder",
        "imgName": "034487.jpg",
        "imgSrc": "https://cdn0.woolworths.media/content/wowproductimages/medium/034487.jpg",
        "name": "Keens Mustard Powder 50g",
        "price": 4.2,
        "unitPrice": "$0.84 / 10G"
    },
    {
        "category": "pantry",
        "href": "https://www.woolworths.com.au/shop/productdetails/44917/negrita-ground-coffee-turkish-dark-roast",
        "imgName": "044917.jpg",
        "imgSrc": "https://cdn0.woolworths.media/content/wowproductimages/medium/044917.jpg",
        "name": "Negrita Ground Coffee Turkish Dark Roast 200g",
        "price": 4.5,
        "unitPrice": "$2.25 / 100G"
    },
    {
        "category": "pantry",
        "href": "https://www.woolworths.com.au/shop/productdetails/218920/woolworths-select-whole-peeled-italian-tomatoes",
        "imgName": "218920.jpg",
        "imgSrc": "https://cdn0.woolworths.media/content/wowproductimages/medium/218920.jpg",
        "name": "Woolworths Select Whole Peeled Italian Tomatoes 800g",
        "price": 1.5,
        "unitPrice": "$1.88 / 1KG"
    },
    {
        "category": "pantry",
        "href": "https://www.woolworths.com.au/shop/productdetails/87453/changs-rice-vermicelli",
        "imgName": "087453.jpg",
        "imgSrc": "https://cdn0.woolworths.media/content/wowproductimages/medium/087453.jpg",
        "name": "Changs Rice Vermicelli  250g",
        "price": 1.95,
        "unitPrice": "$0.78 / 100G"
    },
    {
        "category": "pantry",
        "href": "https://www.woolworths.com.au/shop/productdetails/105926/aeroplane-jelly-lite-port-wine",
        "imgName": "105926.jpg",
        "imgSrc": "https://cdn0.woolworths.media/content/wowproductimages/medium/105926.jpg",
        "name": "Aeroplane Jelly Lite Port Wine 2x9g",
        "price": 1.9,
        "unitPrice": "$10.56 / 100G"
    },
    {
        "category": "pantry",
        "href": "https://www.woolworths.com.au/shop/productdetails/254492/jarrah-coffee-swiss-style-cocoa-98-fat-free",
        "imgName": "254492.jpg",
        "imgSrc": "https://cdn0.woolworths.media/content/wowproductimages/medium/254492.jpg",
        "name": "Jarrah Coffee Swiss Style Cocoa 98% Fat Free 250g",
        "price": 6,
        "unitPrice": "$2.40 / 100G"
    },
    {
        "category": "pantry",
        "href": "https://www.woolworths.com.au/shop/productdetails/222306/sharwoods-simmer-sauce-rogan-josh",
        "imgName": "222306.jpg",
        "imgSrc": "https://cdn0.woolworths.media/content/wowproductimages/medium/222306.jpg",
        "name": "Sharwoods Simmer Sauce Rogan Josh 420g",
        "price": 4,
        "unitPrice": "$0.95 / 100G"
    },
    {
        "category": "pantry",
        "href": "https://www.woolworths.com.au/shop/productdetails/203548/woolworths-apricot-sun-dried",
        "imgName": "203548.jpg",
        "imgSrc": "https://cdn0.woolworths.media/content/wowproductimages/medium/203548.jpg",
        "name": "Woolworths Apricot Sun Dried 750g pack",
        "price": 9,
        "unitPrice": "$12.00 / 1KG"
    },
    {
        "category": "pantry",
        "href": "https://www.woolworths.com.au/shop/productdetails/248801/homebrand-crispbread-cheese-cheddar-dip",
        "imgName": "248801.jpg",
        "imgSrc": "https://cdn0.woolworths.media/content/wowproductimages/medium/248801.jpg",
        "name": "Homebrand Crispbread & Cheese Cheddar Dip 12pk 300g",
        "price": 4,
        "unitPrice": "$1.33 / 100G"
    },
    {
        "category": "pantry",
        "href": "https://www.woolworths.com.au/shop/productdetails/252668/queen-sugar-free-maple-syrup",
        "imgName": "252668.jpg",
        "imgSrc": "https://cdn0.woolworths.media/content/wowproductimages/medium/252668.jpg",
        "name": "Queen Sugar Free Maple Syrup 355ml",
        "price": 4.2,
        "unitPrice": "$1.18 / 100ML"
    },
    {
        "category": "pantry",
        "href": "https://www.woolworths.com.au/shop/productdetails/210164/pataks-ready-to-eat-pappadums-mini-plain-original",
        "imgName": "210164.jpg",
        "imgSrc": "https://cdn0.woolworths.media/content/wowproductimages/medium/210164.jpg",
        "name": "Pataks Ready To Eat Pappadums Mini Plain Original 75g 6pk",
        "price": 4.1,
        "unitPrice": "$5.47 / 100G"
    },
    {
        "category": "pantry",
        "href": "https://www.woolworths.com.au/shop/productdetails/228154/old-el-paso-stand-n-stuff-taco-kit",
        "imgName": "228154.jpg",
        "imgSrc": "https://cdn0.woolworths.media/content/wowproductimages/medium/228154.jpg",
        "name": "Old El Paso Stand N Stuff Taco Kit 295g",
        "price": 7,
        "unitPrice": "$2.37 / 100G"
    },
    {
        "category": "pantry",
        "href": "https://www.woolworths.com.au/shop/productdetails/319548/woolworths-select-coffee-sachets-latte",
        "imgName": "319548.jpg",
        "imgSrc": "https://cdn0.woolworths.media/content/wowproductimages/medium/319548.jpg",
        "name": "Woolworths Select Coffee Sachets Latte 10pk 180g",
        "price": 3.5,
        "unitPrice": "$1.94 / 100G"
    },
    {
        "category": "pantry",
        "href": "https://www.woolworths.com.au/shop/productdetails/319636/butterfingers-gluten-free-shortbread-macadamia",
        "imgName": "319636.jpg",
        "imgSrc": "https://cdn0.woolworths.media/content/wowproductimages/medium/319636.jpg",
        "name": "Butterfingers Gluten Free Shortbread Macadamia 175g",
        "price": 4.6,
        "unitPrice": "$2.63 / 100G"
    },
    {
        "category": "pantry",
        "href": "https://www.woolworths.com.au/shop/productdetails/255048/leggo-s-stir-through-semi-dried-tomato-basil",
        "imgName": "255048.jpg",
        "imgSrc": "https://cdn0.woolworths.media/content/wowproductimages/medium/255048.jpg",
        "name": "Leggo's Stir Through Semi Dried Tomato Basil 350g",
        "price": 3.99,
        "unitPrice": "$1.14 / 100G"
    },
    {
        "category": "pantry",
        "href": "https://www.woolworths.com.au/shop/productdetails/228496/twinings-green-tea-lemon-bags",
        "imgName": "228496.jpg",
        "imgSrc": "https://cdn0.woolworths.media/content/wowproductimages/medium/228496.jpg",
        "name": "Twinings Green Tea & Lemon Bags 10pk 20g",
        "price": 2.7,
        "unitPrice": "$13.50 / 100G"
    },
    {
        "category": "pantry",
        "href": "https://www.woolworths.com.au/shop/productdetails/298661/sweet-william-original-chocolate-dairy-free",
        "imgName": "298661.jpg",
        "imgSrc": "https://cdn0.woolworths.media/content/wowproductimages/medium/298661.jpg",
        "name": "Sweet William Original Chocolate Dairy Free 100g",
        "price": 3,
        "unitPrice": "$3.00 / 100G"
    },
    {
        "category": "pantry",
        "href": "https://www.woolworths.com.au/shop/productdetails/255818/sweet-season-chocolate-milk-coins",
        "imgName": "255818.jpg",
        "imgSrc": "https://cdn0.woolworths.media/content/wowproductimages/medium/255818.jpg",
        "name": "Sweet Season Chocolate Milk Coins  80g bag",
        "price": 2.1,
        "unitPrice": "$2.63 / 100G"
    },
    {
        "category": "pantry",
        "href": "https://www.woolworths.com.au/shop/productdetails/335086/macro-organic-sultanas",
        "imgName": "335086.jpg",
        "imgSrc": "https://cdn0.woolworths.media/content/wowproductimages/medium/335086.jpg",
        "name": "Macro Organic Sultanas  500g",
        "price": 5,
        "unitPrice": "$10.00 / 1KG"
    },
    {
        "category": "pantry",
        "href": "https://www.woolworths.com.au/shop/productdetails/363227/ceres-organic-brown-rice-cakes-salted",
        "imgName": "363227.jpg",
        "imgSrc": "https://cdn0.woolworths.media/content/wowproductimages/medium/363227.jpg",
        "name": "Ceres Organic Brown Rice Cakes Salted 110g",
        "price": 4,
        "unitPrice": "$3.64 / 100G"
    },
    {
        "category": "pantry",
        "href": "https://www.woolworths.com.au/shop/productdetails/437441/campbells-gourmet-soup-angus-beef",
        "imgName": "437441.jpg",
        "imgSrc": "https://cdn0.woolworths.media/content/wowproductimages/medium/437441.jpg",
        "name": "Campbells Gourmet Soup Angus Beef 430g",
        "price": 3.99,
        "unitPrice": "$0.93 / 100G"
    },
    {
        "category": "pantry",
        "href": "https://www.woolworths.com.au/shop/productdetails/262170/nerada-organic-peppermint-tea-bags",
        "imgName": "262170.jpg",
        "imgSrc": "https://cdn0.woolworths.media/content/wowproductimages/medium/262170.jpg",
        "name": "Nerada Organic Peppermint Tea Bags 40pk 60g",
        "price": 5,
        "unitPrice": "$8.33 / 100G"
    },
    {
        "category": "pantry",
        "href": "https://www.woolworths.com.au/shop/productdetails/532770/kellogg-s-corn-flakes",
        "imgName": "532770.jpg",
        "imgSrc": "https://cdn0.woolworths.media/content/wowproductimages/medium/532770.jpg",
        "name": "Kellogg's Corn Flakes  450g",
        "price": 4,
        "unitPrice": "$0.89 / 100G"
    },
    {
        "category": "pantry",
        "href": "https://www.woolworths.com.au/shop/productdetails/574625/continental-vegetable-stock-powder",
        "imgName": "574625.jpg",
        "imgSrc": "https://cdn0.woolworths.media/content/wowproductimages/medium/574625.jpg",
        "name": "Continental Vegetable Stock Powder  120g",
        "price": 2.99,
        "unitPrice": "$0.25 / 10G"
    },
    {
        "category": "pantry",
        "href": "https://www.woolworths.com.au/shop/productdetails/298527/morlife-gojilicious-fruit-goji-berries-in-dark-chocolate",
        "imgName": "298527.jpg",
        "imgSrc": "https://cdn0.woolworths.media/content/wowproductimages/medium/298527.jpg",
        "name": "Morlife Gojilicious Fruit Goji Berries In Dark Chocolate 150g",
        "price": 7.95,
        "unitPrice": "$5.30 / 100G"
    },
    {
        "category": "pantry",
        "href": "https://www.woolworths.com.au/shop/productdetails/586822/doritos-cheese-supreme",
        "imgName": "586822.jpg",
        "imgSrc": "https://cdn0.woolworths.media/content/wowproductimages/medium/586822.jpg",
        "name": "Doritos Cheese Supreme  60g",
        "price": 2,
        "unitPrice": "$3.33 / 100G"
    },
    {
        "category": "pantry",
        "href": "https://www.woolworths.com.au/shop/productdetails/251000/woolworths-select-cinnamon-ground",
        "imgName": "251000.jpg",
        "imgSrc": "https://cdn0.woolworths.media/content/wowproductimages/medium/251000.jpg",
        "name": "Woolworths Select Cinnamon Ground 32g",
        "price": 1.8,
        "unitPrice": "$0.56 / 10G"
    },
    {
        "category": "pantry",
        "href": "https://www.woolworths.com.au/shop/productdetails/369465/woolworths-apricot-delight",
        "imgName": "369465.jpg",
        "imgSrc": "https://cdn0.woolworths.media/content/wowproductimages/medium/369465.jpg",
        "name": "Woolworths Apricot Delight 250g",
        "price": 6,
        "unitPrice": "$24.00 / 1KG"
    },
    {
        "category": "pantry",
        "href": "https://www.woolworths.com.au/shop/productdetails/610345/mission-street-tacos",
        "imgName": "610345.jpg",
        "imgSrc": "https://cdn0.woolworths.media/content/wowproductimages/medium/610345.jpg",
        "name": "Mission Street Tacos  10pk",
        "price": 4,
        "unitPrice": "$1.07 / 100G"
    },
    {
        "category": "pantry",
        "href": "https://www.woolworths.com.au/shop/productdetails/563932/woolworths-sweet-chilli-sauce",
        "imgName": "563932.jpg",
        "imgSrc": "https://cdn0.woolworths.media/content/wowproductimages/medium/563932.jpg",
        "name": "Woolworths Sweet Chilli Sauce 700ml",
        "price": 2.5,
        "unitPrice": "$0.36 / 100ML"
    },
    {
        "category": "pantry",
        "href": "https://www.woolworths.com.au/shop/productdetails/690366/macro-organic-olives-whole-greek-kalamata",
        "imgName": "690366.jpg",
        "imgSrc": "https://cdn0.woolworths.media/content/wowproductimages/medium/690366.jpg",
        "name": "Macro Organic Olives Whole Greek Kalamata 350g",
        "price": 3.5,
        "unitPrice": "$10.00 / 1KG"
    },
    {
        "category": "pantry",
        "href": "https://www.woolworths.com.au/shop/productdetails/701733/kellogg-s-guardian",
        "imgName": "701733.jpg",
        "imgSrc": "https://cdn0.woolworths.media/content/wowproductimages/medium/701733.jpg",
        "name": "Kellogg's Guardian  360g",
        "price": 5.99,
        "unitPrice": "$1.66 / 100G"
    },
    {
        "category": "pantry",
        "href": "https://www.woolworths.com.au/shop/productdetails/665978/leggo-s-fresh-slow-cooked-beef-pork-bolognese-pasta-sauce",
        "imgName": "665978.jpg",
        "imgSrc": "https://cdn0.woolworths.media/content/wowproductimages/medium/665978.jpg",
        "name": "Leggo's Fresh Slow Cooked Beef & Pork Bolognese Pasta Sauce 300g",
        "price": 7.5,
        "unitPrice": "$2.50 / 100G"
    },
    {
        "category": "pantry",
        "href": "https://www.woolworths.com.au/shop/productdetails/702404/marion-s-kitchen-san-choy-bow-cooking-kit",
        "imgName": "702404.jpg",
        "imgSrc": "https://cdn0.woolworths.media/content/wowproductimages/medium/702404.jpg",
        "name": "Marion's Kitchen San Choy Bow Cooking Kit 375g",
        "price": 7.3,
        "unitPrice": "$1.95 / 100G"
    },
    {
        "category": "pantry",
        "href": "https://www.woolworths.com.au/shop/productdetails/733305/sandhurst-sauerkraut",
        "imgName": "733305.jpg",
        "imgSrc": "https://cdn0.woolworths.media/content/wowproductimages/medium/733305.jpg",
        "name": "Sandhurst Sauerkraut  500g",
        "price": 3,
        "unitPrice": "$6.00 / 1KG"
    },
    {
        "category": "pantry",
        "href": "https://www.woolworths.com.au/shop/productdetails/770779/gullon-cookies-sugar-free-short-bread",
        "imgName": "770779.jpg",
        "imgSrc": "https://cdn0.woolworths.media/content/wowproductimages/medium/770779.jpg",
        "name": "Gullon Cookies Sugar Free Short Bread 330g",
        "price": 3.99,
        "unitPrice": "$1.21 / 100G"
    },
    {
        "category": "pantry",
        "href": "https://www.woolworths.com.au/shop/productdetails/841349/dole-premium-tropical-pineapple-chunks-in-syrup",
        "imgName": "841349.jpg",
        "imgSrc": "https://cdn0.woolworths.media/content/wowproductimages/medium/841349.jpg",
        "name": "Dole Premium Tropical Pineapple Chunks In Syrup 439g",
        "price": 2,
        "unitPrice": "$4.56 / 1KG"
    },
    {
        "category": "pantry",
        "href": "https://www.woolworths.com.au/shop/productdetails/517214/woolworths-free-from-gluten-vanilla-cake-mix",
        "imgName": "517214.jpg",
        "imgSrc": "https://cdn0.woolworths.media/content/wowproductimages/medium/517214.jpg",
        "name": "Woolworths Free From Gluten Vanilla Cake Mix 430g",
        "price": 3,
        "unitPrice": "$0.70 / 100G"
    },
    {
        "category": "pantry",
        "href": "https://www.woolworths.com.au/shop/productdetails/772231/laucke-ciabatta-mix",
        "imgName": "772231.jpg",
        "imgSrc": "https://cdn0.woolworths.media/content/wowproductimages/medium/772231.jpg",
        "name": "Laucke Ciabatta Mix  1kg",
        "price": 5.5,
        "unitPrice": "$5.50 / 1KG"
    },
    {
        "category": "pantry",
        "href": "https://www.woolworths.com.au/shop/productdetails/785142/masterfoods-recipe-base-butter-chicken",
        "imgName": "785142.jpg",
        "imgSrc": "https://cdn0.woolworths.media/content/wowproductimages/medium/785142.jpg",
        "name": "Masterfoods Recipe Base Butter Chicken 175g",
        "price": 2.19,
        "unitPrice": "$1.25 / 100G"
    },
    {
        "category": "pantry",
        "href": "https://www.woolworths.com.au/shop/productdetails/782607/angas-park-blueberries",
        "imgName": "782607.jpg",
        "imgSrc": "https://cdn0.woolworths.media/content/wowproductimages/medium/782607.jpg",
        "name": "Angas Park Blueberries  70g",
        "price": 4.1,
        "unitPrice": "$58.57 / 1KG"
    },
    {
        "category": "pantry",
        "href": "https://www.woolworths.com.au/shop/productdetails/795297/mutti-passata",
        "imgName": "795297.jpg",
        "imgSrc": "https://cdn0.woolworths.media/content/wowproductimages/medium/795297.jpg",
        "name": "Mutti Passata  700g",
        "price": 2.99,
        "unitPrice": "$0.43 / 100G"
    },
    {
        "category": "pantry",
        "href": "https://www.woolworths.com.au/shop/productdetails/926541/nescafe-dolce-gusto-coffee-capsules-ristretto-ardenza",
        "imgName": "926541.jpg",
        "imgSrc": "https://cdn0.woolworths.media/content/wowproductimages/medium/926541.jpg",
        "name": "Nescafe Dolce Gusto Coffee Capsules Ristretto Ardenza 16pk",
        "price": 8.49,
        "unitPrice": "$7.58 / 100G"
    },
    {
        "category": "pantry",
        "href": "https://www.woolworths.com.au/shop/productdetails/931316/cafe-royal-coffee-capsules-lungo-forte",
        "imgName": "931316.jpg",
        "imgSrc": "https://cdn0.woolworths.media/content/wowproductimages/medium/931316.jpg",
        "name": "Cafe Royal Coffee Capsules Lungo Forte 10pk",
        "price": 6.5,
        "unitPrice": "$0.65 / 1EA"
    },
    {
        "category": "pantry",
        "href": "https://www.woolworths.com.au/shop/productdetails/250298/valcom-paste-laksa",
        "imgName": "250298.jpg",
        "imgSrc": "https://cdn0.woolworths.media/content/wowproductimages/medium/250298.jpg",
        "name": "Valcom Paste Laksa 230g",
        "price": 4,
        "unitPrice": "$1.74 / 100G"
    },
    {
        "category": "pantry",
        "href": "https://www.woolworths.com.au/shop/productdetails/434124/woolworths-chips-variety-pack",
        "imgName": "434124.jpg",
        "imgSrc": "https://cdn0.woolworths.media/content/wowproductimages/medium/434124.jpg",
        "name": "Woolworths Chips Variety Pack 20pk 380g",
        "price": 4,
        "unitPrice": "$1.05 / 100G"
    },
    {
        "category": "pantry",
        "href": "https://www.woolworths.com.au/shop/productdetails/504487/sunrice-super-brown-cup",
        "imgName": "504487.jpg",
        "imgSrc": "https://cdn0.woolworths.media/content/wowproductimages/medium/504487.jpg",
        "name": "Sunrice Super Brown Cup 250g",
        "price": 2.8,
        "unitPrice": "$1.12 / 100G"
    },
    {
        "category": "pantry",
        "href": "https://www.woolworths.com.au/shop/productdetails/573766/woolworths-milk-chocolate-bullets",
        "imgName": "573766.jpg",
        "imgSrc": "https://cdn0.woolworths.media/content/wowproductimages/medium/573766.jpg",
        "name": "Woolworths Milk Chocolate Bullets  270g",
        "price": 2,
        "unitPrice": "$0.74 / 100G"
    },
    {
        "category": "pantry",
        "href": "https://www.woolworths.com.au/shop/productdetails/763256/woolworths-australian-hickory-smoked-almonds",
        "imgName": "763256.jpg",
        "imgSrc": "https://cdn0.woolworths.media/content/wowproductimages/medium/763256.jpg",
        "name": "Woolworths Australian Hickory Smoked Almonds 200g",
        "price": 5,
        "unitPrice": "$25.00 / 1KG"
    },
    {
        "category": "pantry",
        "href": "https://www.woolworths.com.au/shop/productdetails/800601/woolworths-sour-straps-rainbow",
        "imgName": "800601.jpg",
        "imgSrc": "https://cdn0.woolworths.media/content/wowproductimages/medium/800601.jpg",
        "name": "Woolworths Sour Straps Rainbow",
        "price": 1.89,
        "unitPrice": "$1.18 / 100G"
    },
    {
        "category": "pantry",
        "href": "https://www.woolworths.com.au/shop/productdetails/858631/woolworths-antioxidant-fruity-cereal",
        "imgName": "858631.jpg",
        "imgSrc": "https://cdn0.woolworths.media/content/wowproductimages/medium/858631.jpg",
        "name": "Woolworths Antioxidant Fruity Cereal  400g",
        "price": 4,
        "unitPrice": "$1.00 / 100G"
    },
    {
        "category": "pantry",
        "href": "https://www.woolworths.com.au/shop/productdetails/91304/defiance-white-baker-s-flour",
        "imgName": "091304.jpg",
        "imgSrc": "https://cdn0.woolworths.media/content/wowproductimages/medium/091304.jpg",
        "name": "Defiance White Baker's Flour 5kg",
        "price": 10,
        "unitPrice": "$2.00 / 1KG"
    },
    {
        "category": "pantry",
        "href": "https://www.woolworths.com.au/shop/productdetails/965374/kellogg-s-special-k-chocolate-bar-caramel",
        "imgName": "965374.jpg",
        "imgSrc": "https://cdn0.woolworths.media/content/wowproductimages/medium/965374.jpg",
        "name": "Kellogg's Special K Chocolate Bar Caramel 5pk",
        "price": 4,
        "unitPrice": "$3.72 / 100G"
    },
    {
        "category": "pantry",
        "href": "https://www.woolworths.com.au/shop/productdetails/33420/white-wings-biscuit-base-bakeo-crunch",
        "imgName": "033420.jpg",
        "imgSrc": "https://cdn0.woolworths.media/content/wowproductimages/medium/033420.jpg",
        "name": "White Wings Biscuit Base Bakeo Crunch 170g",
        "price": 2.3,
        "unitPrice": "$1.35 / 100G"
    },
    {
        "category": "pantry",
        "href": "https://www.woolworths.com.au/shop/productdetails/34282/campbell-s-canned-soup-cream-of-chicken",
        "imgName": "034282.jpg",
        "imgSrc": "https://cdn0.woolworths.media/content/wowproductimages/medium/034282.jpg",
        "name": "Campbell's Canned Soup Cream Of Chicken 420g",
        "price": 1.86,
        "unitPrice": "$0.44 / 100G"
    },
    {
        "category": "pantry",
        "href": "https://www.woolworths.com.au/shop/productdetails/10109/twinings-russian-caravan-tea-bags",
        "imgName": "010109.jpg",
        "imgSrc": "https://cdn0.woolworths.media/content/wowproductimages/medium/010109.jpg",
        "name": "Twinings Russian Caravan Tea Bags 10pk 20g",
        "price": 2.7,
        "unitPrice": "$13.50 / 100G"
    },
    {
        "category": "pantry",
        "href": "https://www.woolworths.com.au/shop/productdetails/34294/riviana-basmati-rice-extra-long-grain",
        "imgName": "034294.jpg",
        "imgSrc": "https://cdn0.woolworths.media/content/wowproductimages/medium/034294.jpg",
        "name": "Riviana Basmati Rice Extra Long Grain 1kg",
        "price": 4.8,
        "unitPrice": "$0.48 / 100G"
    },
    {
        "category": "pantry",
        "href": "https://www.woolworths.com.au/shop/productdetails/34947/john-west-sardines-in-oil",
        "imgName": "034947.jpg",
        "imgSrc": "https://cdn0.woolworths.media/content/wowproductimages/medium/034947.jpg",
        "name": "John West Sardines In Oil 110g",
        "price": 2.7,
        "unitPrice": "$24.55 / 1KG"
    },
    {
        "category": "pantry",
        "href": "https://www.woolworths.com.au/shop/productdetails/79/bellis-bars-apricot",
        "imgName": "000079.jpg",
        "imgSrc": "https://cdn0.woolworths.media/content/wowproductimages/medium/000079.jpg",
        "name": "Bellis Bars Apricot 45g",
        "price": 0.75,
        "unitPrice": "$1.67 / 100G"
    },
    {
        "category": "pantry",
        "href": "https://www.woolworths.com.au/shop/productdetails/33185/lion-tapioca-pearls",
        "imgName": "033185.jpg",
        "imgSrc": "https://cdn0.woolworths.media/content/wowproductimages/medium/033185.jpg",
        "name": "Lion Tapioca Pearls 375g",
        "price": 2.8,
        "unitPrice": "$0.75 / 100G"
    },
    {
        "category": "pantry",
        "href": "https://www.woolworths.com.au/shop/productdetails/43112/always-fresh-olives-spanish-black",
        "imgName": "043112.jpg",
        "imgSrc": "https://cdn0.woolworths.media/content/wowproductimages/medium/043112.jpg",
        "name": "Always Fresh Olives Spanish Black 450g",
        "price": 3,
        "unitPrice": "$6.67 / 1KG"
    },
    {
        "category": "pantry",
        "href": "https://www.woolworths.com.au/shop/productdetails/70361/hoyts-poppy-seed",
        "imgName": "070361.jpg",
        "imgSrc": "https://cdn0.woolworths.media/content/wowproductimages/medium/070361.jpg",
        "name": "Hoyts Poppy Seed  100g",
        "price": 1.9,
        "unitPrice": "$0.19 / 10G"
    },
    {
        "category": "pantry",
        "href": "https://www.woolworths.com.au/shop/productdetails/73928/mckenzie-s-dried-green-split-peas",
        "imgName": "073928.jpg",
        "imgSrc": "https://cdn0.woolworths.media/content/wowproductimages/medium/073928.jpg",
        "name": "Mckenzie's Dried Green Split Peas 500g",
        "price": 1.65,
        "unitPrice": "$0.33 / 100G"
    },
    {
        "category": "pantry",
        "href": "https://www.woolworths.com.au/shop/productdetails/148431/golden-fields-sunflower-oil",
        "imgName": "148431.jpg",
        "imgSrc": "https://cdn0.woolworths.media/content/wowproductimages/medium/148431.jpg",
        "name": "Golden Fields Sunflower Oil 2l",
        "price": 10,
        "unitPrice": "$0.50 / 100ML"
    },
    {
        "category": "pantry",
        "href": "https://www.woolworths.com.au/shop/productdetails/188578/sunrice-japanese-style-sushi-rice",
        "imgName": "188578.jpg",
        "imgSrc": "https://cdn0.woolworths.media/content/wowproductimages/medium/188578.jpg",
        "name": "Sunrice Japanese Style Sushi Rice  750g",
        "price": 3.5,
        "unitPrice": "$0.47 / 100G"
    },
    {
        "category": "pantry",
        "href": "https://www.woolworths.com.au/shop/productdetails/229894/angas-park-figs-soft-n-juicy",
        "imgName": "229894.jpg",
        "imgSrc": "https://cdn0.woolworths.media/content/wowproductimages/medium/229894.jpg",
        "name": "Angas Park Figs Soft N Juicy 250g",
        "price": 4.4,
        "unitPrice": "$17.60 / 1KG"
    },
    {
        "category": "pantry",
        "href": "https://www.woolworths.com.au/shop/productdetails/178981/homebrand-mackerel-tomato-sauce",
        "imgName": "178981.jpg",
        "imgSrc": "https://cdn0.woolworths.media/content/wowproductimages/medium/178981.jpg",
        "name": "Homebrand Mackerel Tomato Sauce 425g",
        "price": 2.3,
        "unitPrice": "$5.41 / 1KG"
    },
    {
        "category": "pantry",
        "href": "https://www.woolworths.com.au/shop/productdetails/203867/homebrand-oat-bran",
        "imgName": "203867.jpg",
        "imgSrc": "https://cdn0.woolworths.media/content/wowproductimages/medium/203867.jpg",
        "name": "Homebrand Oat Bran  500g",
        "price": 1.8,
        "unitPrice": "$0.36 / 100G"
    },
    {
        "category": "pantry",
        "href": "https://www.woolworths.com.au/shop/productdetails/252193/white-wings-flour-plain-gluten-free",
        "imgName": "252193.jpg",
        "imgSrc": "https://cdn0.woolworths.media/content/wowproductimages/medium/252193.jpg",
        "name": "White Wings Flour Plain Gluten Free 750g",
        "price": 6.29,
        "unitPrice": "$8.39 / 1KG"
    },
    {
        "category": "pantry",
        "href": "https://www.woolworths.com.au/shop/productdetails/252489/sandhurst-capsicum-stuffed-feta-belle-peppers",
        "imgName": "252489.jpg",
        "imgSrc": "https://cdn0.woolworths.media/content/wowproductimages/medium/252489.jpg",
        "name": "Sandhurst Capsicum Stuffed Feta Belle Peppers 280g",
        "price": 6.3,
        "unitPrice": "$22.50 / 1KG"
    },
    {
        "category": "pantry",
        "href": "https://www.woolworths.com.au/shop/productdetails/246335/brunswick-sardines-in-olive-oil",
        "imgName": "246335.jpg",
        "imgSrc": "https://cdn0.woolworths.media/content/wowproductimages/medium/246335.jpg",
        "name": "Brunswick Sardines In Olive Oil 106g",
        "price": 1.7,
        "unitPrice": "$16.04 / 1KG"
    },
    {
        "category": "pantry",
        "href": "https://www.woolworths.com.au/shop/productdetails/210623/hoyts-poppy-seed",
        "imgName": "210623.jpg",
        "imgSrc": "https://cdn0.woolworths.media/content/wowproductimages/medium/210623.jpg",
        "name": "Hoyts Poppy Seed  240g",
        "price": 4.5,
        "unitPrice": "$0.19 / 10G"
    },
    {
        "category": "pantry",
        "href": "https://www.woolworths.com.au/shop/productdetails/251007/woolworths-select-cumin-ground",
        "imgName": "251007.jpg",
        "imgSrc": "https://cdn0.woolworths.media/content/wowproductimages/medium/251007.jpg",
        "name": "Woolworths Select Cumin Ground 30g",
        "price": 1.9,
        "unitPrice": "$0.63 / 10G"
    },
    {
        "category": "pantry",
        "href": "https://www.woolworths.com.au/shop/productdetails/271569/tilda-microwave-coco-chilli-lemongrass-rice",
        "imgName": "271569.jpg",
        "imgSrc": "https://cdn0.woolworths.media/content/wowproductimages/medium/271569.jpg",
        "name": "Tilda Microwave Coco Chilli & Lemongrass Rice 250g",
        "price": 3.4,
        "unitPrice": "$1.36 / 100G"
    },
    {
        "category": "pantry",
        "href": "https://www.woolworths.com.au/shop/productdetails/268200/woolworths-select-golden-syrup",
        "imgName": "268200.jpg",
        "imgSrc": "https://cdn0.woolworths.media/content/wowproductimages/medium/268200.jpg",
        "name": "Woolworths Select Golden Syrup  500g",
        "price": 3.3,
        "unitPrice": "$0.66 / 100G"
    },
    {
        "category": "pantry",
        "href": "https://www.woolworths.com.au/shop/productdetails/264062/multix-cake-decoration-piping-bags",
        "imgName": "264062.jpg",
        "imgSrc": "https://cdn0.woolworths.media/content/wowproductimages/medium/264062.jpg",
        "name": "Multix Cake Decoration Piping Bags 5pk",
        "price": 3.5,
        "unitPrice": "$0.70 / 1EA"
    },
    {
        "category": "pantry",
        "href": "https://www.woolworths.com.au/shop/productdetails/250979/woolworths-all-spice-ground",
        "imgName": "250979.jpg",
        "imgSrc": "https://cdn0.woolworths.media/content/wowproductimages/medium/250979.jpg",
        "name": "Woolworths All Spice Ground 30g",
        "price": 2,
        "unitPrice": "$0.67 / 10G"
    },
    {
        "category": "pantry",
        "href": "https://www.woolworths.com.au/shop/productdetails/210360/hoyts-saffron",
        "imgName": "210360.jpg",
        "imgSrc": "https://cdn0.woolworths.media/content/wowproductimages/medium/210360.jpg",
        "name": "Hoyts Saffron  100mg",
        "price": 13.8,
        "unitPrice": "$1,380.00 / 10G"
    },
    {
        "category": "pantry",
        "href": "https://www.woolworths.com.au/shop/productdetails/210709/hakubuku-organic-japanese-udon-noodle",
        "imgName": "210709.jpg",
        "imgSrc": "https://cdn0.woolworths.media/content/wowproductimages/medium/210709.jpg",
        "name": "Hakubuku Organic Japanese Udon Noodle 270g",
        "price": 3.7,
        "unitPrice": "$1.37 / 100G"
    },
    {
        "category": "pantry",
        "href": "https://www.woolworths.com.au/shop/productdetails/235064/red-island-extra-virgin-olive-oil-spray",
        "imgName": "235064.jpg",
        "imgSrc": "https://cdn0.woolworths.media/content/wowproductimages/medium/235064.jpg",
        "name": "Red Island Extra Virgin Olive Oil Spray 150g",
        "price": 4,
        "unitPrice": "$2.67 / 100G"
    },
    {
        "category": "pantry",
        "href": "https://www.woolworths.com.au/shop/productdetails/262808/laucke-multigrain-soy-linseed-bread-mix",
        "imgName": "262808.jpg",
        "imgSrc": "https://cdn0.woolworths.media/content/wowproductimages/medium/262808.jpg",
        "name": "Laucke Multigrain Soy Linseed Bread Mix 2.4kg",
        "price": 9.6,
        "unitPrice": "$4.00 / 1KG"
    },
    {
        "category": "pantry",
        "href": "https://www.woolworths.com.au/shop/productdetails/248628/lipton-coffee-sachets-chai-latte-vanilla",
        "imgName": "248628.jpg",
        "imgSrc": "https://cdn0.woolworths.media/content/wowproductimages/medium/248628.jpg",
        "name": "Lipton Coffee Sachets Chai Latte Vanilla 8pk 185g",
        "price": 7,
        "unitPrice": "$3.78 / 100G"
    },
    {
        "category": "pantry",
        "href": "https://www.woolworths.com.au/shop/productdetails/250752/werther-s-original-cream-candies-no-sugar-added",
        "imgName": "250752.jpg",
        "imgSrc": "https://cdn0.woolworths.media/content/wowproductimages/medium/250752.jpg",
        "name": "Werther's Original Cream Candies No Sugar Added 60g",
        "price": 3.5,
        "unitPrice": "$5.83 / 100G"
    },
    {
        "category": "pantry",
        "href": "https://www.woolworths.com.au/shop/productdetails/297226/masterfoods-recipe-base-country-beef-casserole",
        "imgName": "297226.jpg",
        "imgSrc": "https://cdn0.woolworths.media/content/wowproductimages/medium/297226.jpg",
        "name": "Masterfoods Recipe Base Country Beef Casserole 175g",
        "price": 2.19,
        "unitPrice": "$1.25 / 100G"
    },
    {
        "category": "pantry",
        "href": "https://www.woolworths.com.au/shop/productdetails/321220/homebrand-rolled-traditional-oats",
        "imgName": "321220.jpg",
        "imgSrc": "https://cdn0.woolworths.media/content/wowproductimages/medium/321220.jpg",
        "name": "Homebrand Rolled Traditional Oats 750g",
        "price": 1.1,
        "unitPrice": "$0.15 / 100G"
    },
    {
        "category": "pantry",
        "href": "https://www.woolworths.com.au/shop/productdetails/319927/dilmah-rose-french-vanilla-tea-bags",
        "imgName": "319927.jpg",
        "imgSrc": "https://cdn0.woolworths.media/content/wowproductimages/medium/319927.jpg",
        "name": "Dilmah Rose & French Vanilla Tea Bags 20pk 40g",
        "price": 3,
        "unitPrice": "$7.50 / 100G"
    },
    {
        "category": "pantry",
        "href": "https://www.woolworths.com.au/shop/productdetails/335080/macro-organic-buckwheat-raw",
        "imgName": "335080.jpg",
        "imgSrc": "https://cdn0.woolworths.media/content/wowproductimages/medium/335080.jpg",
        "name": "Macro Organic Buckwheat Raw 500g",
        "price": 3.49,
        "unitPrice": "$0.70 / 100G"
    },
    {
        "category": "pantry",
        "href": "https://www.woolworths.com.au/shop/productdetails/448647/dr-oetker-ready-to-roll-icing-white",
        "imgName": "448647.jpg",
        "imgSrc": "https://cdn0.woolworths.media/content/wowproductimages/medium/448647.jpg",
        "name": "Dr Oetker Ready To Roll Icing White 600g",
        "price": 5.3,
        "unitPrice": "$0.88 / 100G"
    },
    {
        "category": "pantry",
        "href": "https://www.woolworths.com.au/shop/productdetails/448633/dr-oetker-ready-to-roll-icing-variety-3pk",
        "imgName": "448633.jpg",
        "imgSrc": "https://cdn0.woolworths.media/content/wowproductimages/medium/448633.jpg",
        "name": "Dr Oetker Ready To Roll Icing Variety 3pk 375g",
        "price": 5,
        "unitPrice": "$1.33 / 100G"
    },
    {
        "category": "pantry",
        "href": "https://www.woolworths.com.au/shop/productdetails/449741/dr-oetker-designer-icing-white",
        "imgName": "449741.jpg",
        "imgSrc": "https://cdn0.woolworths.media/content/wowproductimages/medium/449741.jpg",
        "name": "Dr Oetker Designer Icing White 140g",
        "price": 4,
        "unitPrice": "$2.86 / 100G"
    },
    {
        "category": "pantry",
        "href": "https://www.woolworths.com.au/shop/productdetails/352709/simply-wise-pasta-gluten-free-gnocchi",
        "imgName": "352709.jpg",
        "imgSrc": "https://cdn0.woolworths.media/content/wowproductimages/medium/352709.jpg",
        "name": "Simply Wise Pasta Gluten Free Gnocchi 500g",
        "price": 5.89,
        "unitPrice": "$1.18 / 100G"
    },
    {
        "category": "pantry",
        "href": "https://www.woolworths.com.au/shop/productdetails/324225/uncle-tobys-roll-ups-rainbow-variety",
        "imgName": "324225.jpg",
        "imgSrc": "https://cdn0.woolworths.media/content/wowproductimages/medium/324225.jpg",
        "name": "Uncle Tobys Roll-ups Rainbow Variety 14pk 218g",
        "price": 7.7,
        "unitPrice": "$3.53 / 100G"
    },
    {
        "category": "pantry",
        "href": "https://www.woolworths.com.au/shop/productdetails/329746/sandhurst-olives-green-sicilian",
        "imgName": "329746.jpg",
        "imgSrc": "https://cdn0.woolworths.media/content/wowproductimages/medium/329746.jpg",
        "name": "Sandhurst Olives Green Sicilian 280g",
        "price": 3.2,
        "unitPrice": "$11.43 / 1KG"
    },
    {
        "category": "pantry",
        "href": "https://www.woolworths.com.au/shop/productdetails/354384/ayam-paste-thai-massaman-curry",
        "imgName": "354384.jpg",
        "imgSrc": "https://cdn0.woolworths.media/content/wowproductimages/medium/354384.jpg",
        "name": "Ayam Paste Thai Massaman Curry 195g",
        "price": 3.3,
        "unitPrice": "$1.69 / 100G"
    },
    {
        "category": "pantry",
        "href": "https://www.woolworths.com.au/shop/productdetails/333917/mission-ingredients-tortillas-multigrain",
        "imgName": "333917.jpg",
        "imgSrc": "https://cdn0.woolworths.media/content/wowproductimages/medium/333917.jpg",
        "name": "Mission Ingredients Tortillas Multigrain 384g",
        "price": 3.8,
        "unitPrice": "$0.99 / 100G"
    },
    {
        "category": "pantry",
        "href": "https://www.woolworths.com.au/shop/productdetails/378068/woolworths-sea-salt-brown-rice-crackers",
        "imgName": "378068.jpg",
        "imgSrc": "https://cdn0.woolworths.media/content/wowproductimages/medium/378068.jpg",
        "name": "Woolworths Sea Salt Brown Rice Crackers 100g",
        "price": 1.45,
        "unitPrice": "$1.45 / 100G"
    },
    {
        "category": "pantry",
        "href": "https://www.woolworths.com.au/shop/productdetails/440245/mentos-pure-fresh-gum-strawberry",
        "imgName": "440245.jpg",
        "imgSrc": "https://cdn0.woolworths.media/content/wowproductimages/medium/440245.jpg",
        "name": "Mentos Pure Fresh Gum Strawberry 29g tin",
        "price": 2,
        "unitPrice": "$6.90 / 100G"
    },
    {
        "category": "pantry",
        "href": "https://www.woolworths.com.au/shop/productdetails/445213/gravox-finishing-sauce-steakhouse",
        "imgName": "445213.jpg",
        "imgSrc": "https://cdn0.woolworths.media/content/wowproductimages/medium/445213.jpg",
        "name": "Gravox Finishing Sauce Steakhouse 160g",
        "price": 3,
        "unitPrice": "$0.19 / 10G"
    },
    {
        "category": "pantry",
        "href": "https://www.woolworths.com.au/shop/productdetails/445775/saxa-natural-pink-himalayan-rock-salt",
        "imgName": "445775.jpg",
        "imgSrc": "https://cdn0.woolworths.media/content/wowproductimages/medium/445775.jpg",
        "name": "Saxa Natural Pink Himalayan Rock Salt 500g",
        "price": 3.99,
        "unitPrice": "$0.08 / 10G"
    },
    {
        "category": "pantry",
        "href": "https://www.woolworths.com.au/shop/productdetails/428893/mother-earth-peanut-butter-crunchy",
        "imgName": "428893.jpg",
        "imgSrc": "https://cdn0.woolworths.media/content/wowproductimages/medium/428893.jpg",
        "name": "Mother Earth Peanut Butter Crunchy 380g",
        "price": 5,
        "unitPrice": "$1.32 / 100G"
    },
    {
        "category": "pantry",
        "href": "https://www.woolworths.com.au/shop/productdetails/465068/always-fresh-sundried-tomato-strips",
        "imgName": "465068.jpg",
        "imgSrc": "https://cdn0.woolworths.media/content/wowproductimages/medium/465068.jpg",
        "name": "Always Fresh Sundried Tomato Strips  480g",
        "price": 7,
        "unitPrice": "$14.58 / 1KG"
    },
    {
        "category": "pantry",
        "href": "https://www.woolworths.com.au/shop/productdetails/479847/pringles-chips-original",
        "imgName": "479847.jpg",
        "imgSrc": "https://cdn0.woolworths.media/content/wowproductimages/medium/479847.jpg",
        "name": "Pringles Chips Original 53g tube",
        "price": 1.9,
        "unitPrice": "$3.58 / 100G"
    },
    {
        "category": "pantry",
        "href": "https://www.woolworths.com.au/shop/productdetails/481224/mae-ploy-salad-dressing-viet-lemongrass",
        "imgName": "481224.jpg",
        "imgSrc": "https://cdn0.woolworths.media/content/wowproductimages/medium/481224.jpg",
        "name": "Mae Ploy Salad Dressing Viet Lemongrass 285ml",
        "price": 2.2,
        "unitPrice": "$0.77 / 100ML"
    },
    {
        "category": "pantry",
        "href": "https://www.woolworths.com.au/shop/productdetails/420853/sapori-cantuccini-almond",
        "imgName": "420853.jpg",
        "imgSrc": "https://cdn0.woolworths.media/content/wowproductimages/medium/420853.jpg",
        "name": "Sapori Cantuccini Almond 150g",
        "price": 3,
        "unitPrice": "$2.00 / 100G"
    },
    {
        "category": "pantry",
        "href": "https://www.woolworths.com.au/shop/productdetails/429990/uncle-tobys-o-g-oatmeal-honey-fig-macadamia",
        "imgName": "429990.jpg",
        "imgSrc": "https://cdn0.woolworths.media/content/wowproductimages/medium/429990.jpg",
        "name": "Uncle Tobys O&g Oatmeal Honey Fig & Macadamia 320g 8 sachets",
        "price": 5.7,
        "unitPrice": "$1.78 / 100G"
    },
    {
        "category": "pantry",
        "href": "https://www.woolworths.com.au/shop/productdetails/504560/sunrice-rice-super-brown-pouch",
        "imgName": "504560.jpg",
        "imgSrc": "https://cdn0.woolworths.media/content/wowproductimages/medium/504560.jpg",
        "name": "Sunrice Rice Super Brown Pouch 250g",
        "price": 2.8,
        "unitPrice": "$1.12 / 100G"
    },
    {
        "category": "pantry",
        "href": "https://www.woolworths.com.au/shop/productdetails/693763/woolworths-select-salmon-in-spring-water",
        "imgName": "693763.jpg",
        "imgSrc": "https://cdn0.woolworths.media/content/wowproductimages/medium/693763.jpg",
        "name": "Woolworths Select Salmon In Spring Water 95g",
        "price": 1.2,
        "unitPrice": "$12.63 / 1KG"
    },
    {
        "category": "pantry",
        "href": "https://www.woolworths.com.au/shop/productdetails/591732/spc-diced-peaches-in-juice",
        "imgName": "591732.jpg",
        "imgSrc": "https://cdn0.woolworths.media/content/wowproductimages/medium/591732.jpg",
        "name": "Spc Diced Peaches In Juice 4pk 480g",
        "price": 4.6,
        "unitPrice": "$9.58 / 1KG"
    },
    {
        "category": "pantry",
        "href": "https://www.woolworths.com.au/shop/productdetails/502955/bertolli-olive-oil-light-in-taste",
        "imgName": "502955.jpg",
        "imgSrc": "https://cdn0.woolworths.media/content/wowproductimages/medium/502955.jpg",
        "name": "Bertolli Olive Oil Light In Taste 750ml",
        "price": 13,
        "unitPrice": "$1.73 / 100ML"
    },
    {
        "category": "pantry",
        "href": "https://www.woolworths.com.au/shop/productdetails/582661/poppin-microwave-popcorn-sea-salt",
        "imgName": "582661.jpg",
        "imgSrc": "https://cdn0.woolworths.media/content/wowproductimages/medium/582661.jpg",
        "name": "Poppin Microwave Popcorn Sea Salt 100g",
        "price": 1.8,
        "unitPrice": "$1.80 / 100G"
    },
    {
        "category": "pantry",
        "href": "https://www.woolworths.com.au/shop/productdetails/438568/hart-soul-pho-konjac-soup-cup",
        "imgName": "438568.jpg",
        "imgSrc": "https://cdn0.woolworths.media/content/wowproductimages/medium/438568.jpg",
        "name": "Hart & Soul Pho Konjac Soup Cup  85g",
        "price": 2,
        "unitPrice": "$2.35 / 100G"
    },
    {
        "category": "pantry",
        "href": "https://www.woolworths.com.au/shop/productdetails/717638/knorr-south-african-original-aromat",
        "imgName": "717638.jpg",
        "imgSrc": "https://cdn0.woolworths.media/content/wowproductimages/medium/717638.jpg",
        "name": "Knorr South African Original Aromat 200g",
        "price": 5,
        "unitPrice": "$2.50 / 100G"
    },
    {
        "category": "pantry",
        "href": "https://www.woolworths.com.au/shop/productdetails/717730/ayam-nasi-goreng-paste",
        "imgName": "717730.jpg",
        "imgSrc": "https://cdn0.woolworths.media/content/wowproductimages/medium/717730.jpg",
        "name": "Ayam Nasi Goreng Paste  185g",
        "price": 3.3,
        "unitPrice": "$1.78 / 100G"
    },
    {
        "category": "pantry",
        "href": "https://www.woolworths.com.au/shop/productdetails/700524/macro-organic-rolled-oats",
        "imgName": "700524.jpg",
        "imgSrc": "https://cdn0.woolworths.media/content/wowproductimages/medium/700524.jpg",
        "name": "Macro Organic Rolled Oats 500g",
        "price": 3.75,
        "unitPrice": "$0.75 / 100G"
    },
    {
        "category": "pantry",
        "href": "https://www.woolworths.com.au/shop/productdetails/653421/cadbury-cookie-soft-double-choc",
        "imgName": "653421.jpg",
        "imgSrc": "https://cdn0.woolworths.media/content/wowproductimages/medium/653421.jpg",
        "name": "Cadbury Cookie Soft Double Choc 156g",
        "price": 3.5,
        "unitPrice": "$2.24 / 100G"
    },
    {
        "category": "pantry",
        "href": "https://www.woolworths.com.au/shop/productdetails/721581/mother-earth-chocolate-chip-oaty-slice",
        "imgName": "721581.jpg",
        "imgSrc": "https://cdn0.woolworths.media/content/wowproductimages/medium/721581.jpg",
        "name": "Mother Earth Chocolate Chip Oaty Slice 6pk 240g",
        "price": 4,
        "unitPrice": "$1.67 / 100G"
    },
    {
        "category": "pantry",
        "href": "https://www.woolworths.com.au/shop/productdetails/799383/woolworths-select-creamy-bacon-carbonara-pasta",
        "imgName": "799383.jpg",
        "imgSrc": "https://cdn0.woolworths.media/content/wowproductimages/medium/799383.jpg",
        "name": "Woolworths Select Creamy Bacon Carbonara Pasta 125g",
        "price": 1,
        "unitPrice": "$0.80 / 100G"
    },
    {
        "category": "pantry",
        "href": "https://www.woolworths.com.au/shop/productdetails/717292/table-of-plenty-nicely-nutty-muesli",
        "imgName": "717292.jpg",
        "imgSrc": "https://cdn0.woolworths.media/content/wowproductimages/medium/717292.jpg",
        "name": "Table Of Plenty Nicely Nutty Muesli  500g",
        "price": 5.69,
        "unitPrice": "$1.14 / 100G"
    },
    {
        "category": "pantry",
        "href": "https://www.woolworths.com.au/shop/productdetails/761079/macro-organic-whole-egg-mayonnaise",
        "imgName": "761079.jpg",
        "imgSrc": "https://cdn0.woolworths.media/content/wowproductimages/medium/761079.jpg",
        "name": "Macro Organic Whole Egg Mayonnaise 440g",
        "price": 5.99,
        "unitPrice": "$1.36 / 100G"
    },
    {
        "category": "pantry",
        "href": "https://www.woolworths.com.au/shop/productdetails/766471/woolworths-macadamias-honey",
        "imgName": "766471.jpg",
        "imgSrc": "https://cdn0.woolworths.media/content/wowproductimages/medium/766471.jpg",
        "name": "Woolworths Macadamias Honey 400g pack",
        "price": 18,
        "unitPrice": "$45.00 / 1KG"
    },
    {
        "category": "pantry",
        "href": "https://www.woolworths.com.au/shop/productdetails/800327/nescafe-dolce-gusto-coffee-capsules-espresso-intenso",
        "imgName": "800327.jpg",
        "imgSrc": "https://cdn0.woolworths.media/content/wowproductimages/medium/800327.jpg",
        "name": "Nescafe Dolce Gusto Coffee Capsules Espresso Intenso 16pk",
        "price": 8.5,
        "unitPrice": "$0.53 / 1EA"
    },
    {
        "category": "pantry",
        "href": "https://www.woolworths.com.au/shop/productdetails/780755/australia-s-own-organic-corn-flakes",
        "imgName": "780755.jpg",
        "imgSrc": "https://cdn0.woolworths.media/content/wowproductimages/medium/780755.jpg",
        "name": "Australia's Own Organic Corn Flakes 450g",
        "price": 4.49,
        "unitPrice": "$1.00 / 100G"
    },
    {
        "category": "pantry",
        "href": "https://www.woolworths.com.au/shop/productdetails/829006/cadbury-baking-white-chocolate-melts",
        "imgName": "829006.jpg",
        "imgSrc": "https://cdn0.woolworths.media/content/wowproductimages/medium/829006.jpg",
        "name": "Cadbury Baking White Chocolate Melts 225g",
        "price": 4.25,
        "unitPrice": "$1.89 / 100G"
    },
    {
        "category": "pantry",
        "href": "https://www.woolworths.com.au/shop/productdetails/825620/woolworths-select-chicken-pad-thai-with-rice-noodles",
        "imgName": "825620.jpg",
        "imgSrc": "https://cdn0.woolworths.media/content/wowproductimages/medium/825620.jpg",
        "name": "Woolworths Select Chicken Pad Thai With Rice Noodles 350g",
        "price": 4,
        "unitPrice": "$1.14 / 100G"
    },
    {
        "category": "pantry",
        "href": "https://www.woolworths.com.au/shop/productdetails/765355/uncle-bens-serves-one-microwave-brown-mexican-rice",
        "imgName": "765355.jpg",
        "imgSrc": "https://cdn0.woolworths.media/content/wowproductimages/medium/765355.jpg",
        "name": "Uncle Bens Serves One Microwave Brown Mexican Rice 125g",
        "price": 2,
        "unitPrice": "$1.60 / 100G"
    },
    {
        "category": "pantry",
        "href": "https://www.woolworths.com.au/shop/productdetails/791072/lingham-s-sauce-chilli",
        "imgName": "791072.jpg",
        "imgSrc": "https://cdn0.woolworths.media/content/wowproductimages/medium/791072.jpg",
        "name": "Lingham's Sauce Chilli 280g",
        "price": 3.4,
        "unitPrice": "$1.21 / 100ML"
    },
    {
        "category": "pantry",
        "href": "https://www.woolworths.com.au/shop/productdetails/795483/well-naturally-bar-sugar-free-dark",
        "imgName": "795483.jpg",
        "imgSrc": "https://cdn0.woolworths.media/content/wowproductimages/medium/795483.jpg",
        "name": "Well Naturally Bar Sugar Free Dark 90g",
        "price": 4.98,
        "unitPrice": "$5.53 / 100G"
    },
    {
        "category": "pantry",
        "href": "https://www.woolworths.com.au/shop/productdetails/793430/goodness-superfoods-better-for-you-barley-clusters",
        "imgName": "793430.jpg",
        "imgSrc": "https://cdn0.woolworths.media/content/wowproductimages/medium/793430.jpg",
        "name": "Goodness Superfoods Better For You Barley Clusters 400g",
        "price": 5.99,
        "unitPrice": "$1.50 / 100G"
    },
    {
        "category": "pantry",
        "href": "https://www.woolworths.com.au/shop/productdetails/924423/thinkfood-munch-pumpkin-seed",
        "imgName": "924423.jpg",
        "imgSrc": "https://cdn0.woolworths.media/content/wowproductimages/medium/924423.jpg",
        "name": "Thinkfood Munch Pumpkin Seed  140g",
        "price": 5.5,
        "unitPrice": "$3.93 / 100G"
    },
    {
        "category": "pantry",
        "href": "https://www.woolworths.com.au/shop/productdetails/829947/freedom-foods-cereal-xo-crunch",
        "imgName": "829947.jpg",
        "imgSrc": "https://cdn0.woolworths.media/content/wowproductimages/medium/829947.jpg",
        "name": "Freedom Foods Cereal Xo Crunch 285g",
        "price": 3.99,
        "unitPrice": "$1.40 / 100G"
    },
    {
        "category": "pantry",
        "href": "https://www.woolworths.com.au/shop/productdetails/839884/mccormick-slow-cooker-massaman-coconut-beef",
        "imgName": "839884.jpg",
        "imgSrc": "https://cdn0.woolworths.media/content/wowproductimages/medium/839884.jpg",
        "name": "Mccormick Slow Cooker Massaman Coconut Beef 40g",
        "price": 1.69,
        "unitPrice": "$4.23 / 100G"
    },
    {
        "category": "pantry",
        "href": "https://www.woolworths.com.au/shop/productdetails/799384/woolworths-select-creamy-cheese-chives-pasta",
        "imgName": "799384.jpg",
        "imgSrc": "https://cdn0.woolworths.media/content/wowproductimages/medium/799384.jpg",
        "name": "Woolworths Select Creamy Cheese & Chives Pasta 125g",
        "price": 1,
        "unitPrice": "$0.80 / 100G"
    },
    {
        "category": "pantry",
        "href": "https://www.woolworths.com.au/shop/productdetails/882671/woolworths-select-peanuts-milk-chocolate",
        "imgName": "882671.jpg",
        "imgSrc": "https://cdn0.woolworths.media/content/wowproductimages/medium/882671.jpg",
        "name": "Woolworths Select Peanuts Milk Chocolate 200g bag",
        "price": 2.3,
        "unitPrice": "$1.15 / 100G"
    },
    {
        "category": "pantry",
        "href": "https://www.woolworths.com.au/shop/productdetails/798705/espressotoria-aurora-coffee-italian-coffee-capsules",
        "imgName": "798705.jpg",
        "imgSrc": "https://cdn0.woolworths.media/content/wowproductimages/medium/798705.jpg",
        "name": "Espressotoria Aurora Coffee Italian Coffee Capsules 100g",
        "price": 5.6,
        "unitPrice": "$0.47 / 1EA"
    },
    {
        "category": "pantry",
        "href": "https://www.woolworths.com.au/shop/productdetails/893067/sanitarium-up-go-gluten-free-choc-ice",
        "imgName": "893067.jpg",
        "imgSrc": "https://cdn0.woolworths.media/content/wowproductimages/medium/893067.jpg",
        "name": "Sanitarium Up&go Gluten Free Choc Ice 3x250ml",
        "price": 5.9,
        "unitPrice": "$7.87 / 1L"
    },
    {
        "category": "pantry",
        "href": "https://www.woolworths.com.au/shop/productdetails/953843/sunrice-rice-quinoa",
        "imgName": "953843.jpg",
        "imgSrc": "https://cdn0.woolworths.media/content/wowproductimages/medium/953843.jpg",
        "name": "Sunrice Rice & Quinoa  150g",
        "price": 2.5,
        "unitPrice": "$1.67 / 100G"
    },
    {
        "category": "pantry",
        "href": "https://www.woolworths.com.au/shop/productdetails/90000070/french-martini-with-chambord-liqueur-vodka-pineapple-bundle",
        "imgName": "90000070.jpg",
        "imgSrc": "https://cdn0.woolworths.media/content/wowproductimages/medium/90000070.jpg",
        "name": "French Martini With Chambord Liqueur, Vodka & Pineapple Bundle",
        "price": 72
    },
    {
        "category": "pantry",
        "href": "https://www.woolworths.com.au/shop/productdetails/90000072/woodford-reserve-old-fashioned-cocktail-bundle",
        "imgName": "90000072.jpg",
        "imgSrc": "https://cdn0.woolworths.media/content/wowproductimages/medium/90000072.jpg",
        "name": "Woodford Reserve Old Fashioned Cocktail Bundle",
        "price": 75
    },
    {
        "category": "pantry",
        "href": "https://www.woolworths.com.au/shop/productdetails/90000837/poppin-microwave-popcorn-lite-butter-flavour-85g-x-3-bundle",
        "imgName": "90000837.jpg",
        "imgSrc": "https://cdn0.woolworths.media/content/wowproductimages/medium/90000837.jpg",
        "name": "Poppin Microwave Popcorn Lite Butter Flavour 85g X 3 Bundle",
        "price": 3,
        "unitPrice": "$1.18 / G"
    },
    {
        "category": "pantry",
        "href": "https://www.woolworths.com.au/shop/productdetails/90000834/pringles-salt-vinegar-crisps-53g-x-12-bundle",
        "imgName": "90000834.jpg",
        "imgSrc": "https://cdn0.woolworths.media/content/wowproductimages/medium/90000834.jpg",
        "name": "Pringles Salt & Vinegar Crisps 53g X 12 Bundle",
        "price": 12,
        "unitPrice": "$1.89 / G"
    },
    {
        "category": "pantry",
        "href": "https://www.woolworths.com.au/shop/productdetails/575974/queen-celebrating-120-years-pure-vanilla-extract",
        "imgName": "575974.jpg",
        "imgSrc": "https://cdn0.woolworths.media/content/wowproductimages/medium/575974.jpg",
        "name": "Queen Celebrating 120 Years Pure Vanilla Extract 100ml",
        "price": 15,
        "unitPrice": "$15.00 / 100ML"
    },
    {
        "category": "pantry",
        "href": "https://www.woolworths.com.au/shop/productdetails/652062/woolworths-fettuccine-carbonara",
        "imgName": "652062.jpg",
        "imgSrc": "https://cdn0.woolworths.media/content/wowproductimages/medium/652062.jpg",
        "name": "Woolworths Fettuccine Carbonara 350g",
        "price": 6.99,
        "unitPrice": "$2.00 / 100G"
    },
    {
        "category": "pantry",
        "href": "https://www.woolworths.com.au/shop/productdetails/665995/leggo-s-smoked-ham-cheese-tortellini",
        "imgName": "665995.jpg",
        "imgSrc": "https://cdn0.woolworths.media/content/wowproductimages/medium/665995.jpg",
        "name": "Leggo's Smoked Ham & Cheese Tortellini 630g",
        "price": 7.6,
        "unitPrice": "$1.21 / 100G"
    },
    {
        "category": "pantry",
        "href": "https://www.woolworths.com.au/shop/productdetails/575786/tic-tac-berries",
        "imgName": "575786.jpg",
        "imgSrc": "https://cdn0.woolworths.media/content/wowproductimages/medium/575786.jpg",
        "name": "Tic Tac Berries  24g",
        "price": 1.8,
        "unitPrice": "$7.50 / 100G"
    },
    {
        "category": "pantry",
        "href": "https://www.woolworths.com.au/shop/productdetails/636995/bee-vital-organic-apple-cider-vinegar",
        "imgName": "636995.jpg",
        "imgSrc": "https://cdn0.woolworths.media/content/wowproductimages/medium/636995.jpg",
        "name": "Bee Vital Organic Apple Cider Vinegar 500ml",
        "price": 5.5,
        "unitPrice": "$1.10 / 100ML"
    },
    {
        "category": "pantry",
        "href": "https://www.woolworths.com.au/shop/productdetails/601343/woolworths-jasmine-rice",
        "imgName": "601343.jpg",
        "imgSrc": "https://cdn0.woolworths.media/content/wowproductimages/medium/601343.jpg",
        "name": "Woolworths Jasmine Rice  5kg",
        "price": 11,
        "unitPrice": "$0.22 / 100G"
    },
    {
        "category": "pantry",
        "href": "https://www.woolworths.com.au/shop/productdetails/564104/cadbury-twirl-orange",
        "imgName": "564104.jpg",
        "imgSrc": "https://cdn0.woolworths.media/content/wowproductimages/medium/564104.jpg",
        "name": "Cadbury Twirl Orange 39g bar",
        "price": 2,
        "unitPrice": "$5.13 / 100G"
    },
    {
        "category": "pantry",
        "href": "https://www.woolworths.com.au/shop/productdetails/932505/the-happy-snack-company-fav-va-beans-lightly-salted",
        "imgName": "932505.jpg",
        "imgSrc": "https://cdn0.woolworths.media/content/wowproductimages/medium/932505.jpg",
        "name": "The Happy Snack Company Fav-va Beans Lightly Salted 6x25g",
        "price": 5.3,
        "unitPrice": "$3.53 / 100G"
    },
    {
        "category": "pantry",
        "href": "https://www.woolworths.com.au/shop/productdetails/591733/spc-apple-strawberry-puree",
        "imgName": "591733.jpg",
        "imgSrc": "https://cdn0.woolworths.media/content/wowproductimages/medium/591733.jpg",
        "name": "Spc Apple Strawberry Puree 4pk 480g",
        "price": 4.6,
        "unitPrice": "$9.58 / 1KG"
    },
    {
        "category": "pantry",
        "href": "https://www.woolworths.com.au/shop/productdetails/829255/orgran-crispbread-gluten-free-buckwheat",
        "imgName": "829255.jpg",
        "imgSrc": "https://cdn0.woolworths.media/content/wowproductimages/medium/829255.jpg",
        "name": "Orgran Crispbread Gluten Free Buckwheat 125g",
        "price": 2.99,
        "unitPrice": "$2.39 / 100G"
    },
    {
        "category": "pantry",
        "href": "https://www.woolworths.com.au/shop/productdetails/580634/pataks-spicy-butter-chicken-simmer-sauce",
        "imgName": "580634.jpg",
        "imgSrc": "https://cdn0.woolworths.media/content/wowproductimages/medium/580634.jpg",
        "name": "Pataks Spicy Butter Chicken Simmer Sauce 450g",
        "price": 4.5,
        "unitPrice": "$1.00 / 100G"
    },
    {
        "category": "pantry",
        "href": "https://www.woolworths.com.au/shop/productdetails/587922/campbell-s-simply-corn-yellow-split-pea-soup",
        "imgName": "587922.jpg",
        "imgSrc": "https://cdn0.woolworths.media/content/wowproductimages/medium/587922.jpg",
        "name": "Campbell's Simply Corn & Yellow Split Pea Soup 500g",
        "price": 3.9,
        "unitPrice": "$0.78 / 100G"
    },
    {
        "category": "pantry",
        "href": "https://www.woolworths.com.au/shop/productdetails/425865/woolworths-original-malty-munchies",
        "imgName": "425865.jpg",
        "imgSrc": "https://cdn0.woolworths.media/content/wowproductimages/medium/425865.jpg",
        "name": "Woolworths Original Malty Munchies  500g",
        "price": 3.1,
        "unitPrice": "$0.62 / 100G"
    },
    {
        "category": "pantry",
        "href": "https://www.woolworths.com.au/shop/productdetails/592094/woolworths-jelly-beans",
        "imgName": "592094.jpg",
        "imgSrc": "https://cdn0.woolworths.media/content/wowproductimages/medium/592094.jpg",
        "name": "Woolworths Jelly Beans  350g",
        "price": 2,
        "unitPrice": "$0.57 / 100G"
    },
    {
        "category": "pantry",
        "href": "https://www.woolworths.com.au/shop/productdetails/586675/twisties-chicken",
        "imgName": "586675.jpg",
        "imgSrc": "https://cdn0.woolworths.media/content/wowproductimages/medium/586675.jpg",
        "name": "Twisties Chicken  100g",
        "price": 2,
        "unitPrice": "$2.00 / 100G"
    },
    {
        "category": "pantry",
        "href": "https://www.woolworths.com.au/shop/productdetails/603557/cadbury-eclairs-classic",
        "imgName": "603557.jpg",
        "imgSrc": "https://cdn0.woolworths.media/content/wowproductimages/medium/603557.jpg",
        "name": "Cadbury Eclairs Classic 166g",
        "price": 3,
        "unitPrice": "$1.81 / 100G"
    },
    {
        "category": "pantry",
        "href": "https://www.woolworths.com.au/shop/productdetails/624123/cafe-royal-coffee-pods-espresso-macchiato",
        "imgName": "624123.jpg",
        "imgSrc": "https://cdn0.woolworths.media/content/wowproductimages/medium/624123.jpg",
        "name": "Cafe Royal Coffee Pods Espresso Macchiato 10pk",
        "price": 6.5,
        "unitPrice": "$0.65 / 1EA"
    },
    {
        "category": "pantry",
        "href": "https://www.woolworths.com.au/shop/productdetails/828618/la-zuppa-microwave-soup-kale-quinoa-vegetable",
        "imgName": "828618.jpg",
        "imgSrc": "https://cdn0.woolworths.media/content/wowproductimages/medium/828618.jpg",
        "name": "La Zuppa Microwave Soup Kale Quinoa & Vegetable 540g",
        "price": 4.4,
        "unitPrice": "$0.81 / 100G"
    },
    {
        "category": "pantry",
        "href": "https://www.woolworths.com.au/shop/productdetails/763882/continental-pasta-sauce-alfredo-garlic-herb",
        "imgName": "763882.jpg",
        "imgSrc": "https://cdn0.woolworths.media/content/wowproductimages/medium/763882.jpg",
        "name": "Continental Pasta & Sauce Alfredo Garlic & Herb 85g",
        "price": 2.09,
        "unitPrice": "$2.46 / 100G"
    },
    {
        "category": "pantry",
        "href": "https://www.woolworths.com.au/shop/productdetails/519006/free-from-gluten-chia-coconut-vanilla-crunch",
        "imgName": "519006.jpg",
        "imgSrc": "https://cdn0.woolworths.media/content/wowproductimages/medium/519006.jpg",
        "name": "Free From Gluten Chia Coconut & Vanilla Crunch 350g",
        "price": 6.99,
        "unitPrice": "$2.00 / 100G"
    },
    {
        "category": "pantry",
        "href": "https://www.woolworths.com.au/shop/productdetails/363379/atora-light-ingredients-shredded-vegetable-suet",
        "imgName": "363379.jpg",
        "imgSrc": "https://cdn0.woolworths.media/content/wowproductimages/medium/363379.jpg",
        "name": "Atora Light Ingredients Shredded Vegetable Suet 200g",
        "price": 5.2,
        "unitPrice": "$2.60 / 100G"
    },
    {
        "category": "pantry",
        "href": "https://www.woolworths.com.au/shop/productdetails/663986/john-west-tuna-tempters-sweet-chilli",
        "imgName": "663986.jpg",
        "imgSrc": "https://cdn0.woolworths.media/content/wowproductimages/medium/663986.jpg",
        "name": "John West Tuna Tempters Sweet Chilli 95g",
        "price": 2,
        "unitPrice": "$21.05 / 1KG"
    },
    {
        "category": "pantry",
        "href": "https://www.woolworths.com.au/shop/productdetails/626939/obap-sweet-potato-noodles",
        "imgName": "626939.jpg",
        "imgSrc": "https://cdn0.woolworths.media/content/wowproductimages/medium/626939.jpg",
        "name": "Obap Sweet Potato Noodles  100g",
        "price": 2,
        "unitPrice": "$2.00 / 100G"
    },
    {
        "category": "pantry",
        "href": "https://www.woolworths.com.au/shop/productdetails/490095/queen-limited-edition-icing-flavour-strawberry-cream",
        "imgName": "490095.jpg",
        "imgSrc": "https://cdn0.woolworths.media/content/wowproductimages/medium/490095.jpg",
        "name": "Queen Limited Edition Icing Flavour Strawberry & Cream 50ml",
        "price": 2,
        "unitPrice": "$4.00 / 100ML"
    },
    {
        "category": "pantry",
        "href": "https://www.woolworths.com.au/shop/productdetails/657756/tetley-lime-ginger-pyramid-infusion",
        "imgName": "657756.jpg",
        "imgSrc": "https://cdn0.woolworths.media/content/wowproductimages/medium/657756.jpg",
        "name": "Tetley Lime & Ginger Pyramid Infusion 18pk",
        "price": 3,
        "unitPrice": "$8.33 / 100G"
    },
    {
        "category": "pantry",
        "href": "https://www.woolworths.com.au/shop/productdetails/664785/john-west-mackerel-fillets-in-olive-oil",
        "imgName": "664785.jpg",
        "imgSrc": "https://cdn0.woolworths.media/content/wowproductimages/medium/664785.jpg",
        "name": "John West Mackerel Fillets In Olive Oil 125g",
        "price": 3,
        "unitPrice": "$24.00 / 1KG"
    },
    {
        "category": "pantry",
        "href": "https://www.woolworths.com.au/shop/productdetails/577761/mentos-roll-strawberry-mix",
        "imgName": "577761.jpg",
        "imgSrc": "https://cdn0.woolworths.media/content/wowproductimages/medium/577761.jpg",
        "name": "Mentos Roll Strawberry Mix  37.5g",
        "price": 1.4,
        "unitPrice": "$3.73 / 100G"
    },
    {
        "category": "pantry",
        "href": "https://www.woolworths.com.au/shop/productdetails/629925/snickers-chocolate-bites",
        "imgName": "629925.jpg",
        "imgSrc": "https://cdn0.woolworths.media/content/wowproductimages/medium/629925.jpg",
        "name": "Snickers Chocolate Bites  150g",
        "price": 4.25,
        "unitPrice": "$2.83 / 100G"
    },
    {
        "category": "pantry",
        "href": "https://www.woolworths.com.au/shop/productdetails/586815/smiths-chips-salt-vinegar",
        "imgName": "586815.jpg",
        "imgSrc": "https://cdn0.woolworths.media/content/wowproductimages/medium/586815.jpg",
        "name": "Smiths Chips Salt & Vinegar  60g",
        "price": 2,
        "unitPrice": "$3.33 / 100G"
    },
    {
        "category": "pantry",
        "href": "https://www.woolworths.com.au/shop/productdetails/604875/sanitarium-weet-bix-go-minis-vanilla-swirl",
        "imgName": "604875.jpg",
        "imgSrc": "https://cdn0.woolworths.media/content/wowproductimages/medium/604875.jpg",
        "name": "Sanitarium Weet-bix Go Minis Vanilla Swirl 7x30g",
        "price": 5,
        "unitPrice": "$2.38 / 100G"
    },
    {
        "category": "pantry",
        "href": "https://www.woolworths.com.au/shop/productdetails/609023/masterfoods-barbeque-sauce",
        "imgName": "609023.jpg",
        "imgSrc": "https://cdn0.woolworths.media/content/wowproductimages/medium/609023.jpg",
        "name": "Masterfoods Barbeque Sauce  2l",
        "price": 7,
        "unitPrice": "$0.35 / 100ML"
    },
    {
        "category": "pantry",
        "href": "https://www.woolworths.com.au/shop/productdetails/59265/masterfoods-parsley-flakes",
        "imgName": "059265.jpg",
        "imgSrc": "https://cdn0.woolworths.media/content/wowproductimages/medium/059265.jpg",
        "name": "Masterfoods Parsley Flakes 4g",
        "price": 1.8,
        "unitPrice": "$4.50 / 10G"
    },
    {
        "category": "pantry",
        "href": "https://www.woolworths.com.au/shop/productdetails/563001/woolworths-pineapple-slices-in-juice",
        "imgName": "563001.jpg",
        "imgSrc": "https://cdn0.woolworths.media/content/wowproductimages/medium/563001.jpg",
        "name": "Woolworths Pineapple Slices In Juice 425g",
        "price": 1.2,
        "unitPrice": "$2.82 / 1KG"
    },
    {
        "category": "pantry",
        "href": "https://www.woolworths.com.au/shop/productdetails/619815/always-fresh-green-olives-with-chilli",
        "imgName": "619815.jpg",
        "imgSrc": "https://cdn0.woolworths.media/content/wowproductimages/medium/619815.jpg",
        "name": "Always Fresh Green Olives With Chilli  50g",
        "price": 2,
        "unitPrice": "$4.00 / 100G"
    },
    {
        "category": "pantry",
        "href": "https://www.woolworths.com.au/shop/productdetails/631392/macro-sassy-chickpeas",
        "imgName": "631392.jpg",
        "imgSrc": "https://cdn0.woolworths.media/content/wowproductimages/medium/631392.jpg",
        "name": "Macro Sassy Chickpeas  30g",
        "price": 1,
        "unitPrice": "$3.33 / 100G"
    },
    {
        "category": "pantry",
        "href": "https://www.woolworths.com.au/shop/productdetails/324925/spam-ham-with-real-bacon",
        "imgName": "324925.jpg",
        "imgSrc": "https://cdn0.woolworths.media/content/wowproductimages/medium/324925.jpg",
        "name": "Spam Ham With Real Bacon 340g",
        "price": 4.9,
        "unitPrice": "$14.41 / 1KG"
    },
    {
        "category": "pantry",
        "href": "https://www.woolworths.com.au/shop/productdetails/591555/goulburn-valley-peaches-crunch-with-mango-and-apricot-puree",
        "imgName": "591555.jpg",
        "imgSrc": "https://cdn0.woolworths.media/content/wowproductimages/medium/591555.jpg",
        "name": "Goulburn Valley Peaches & Crunch With Mango And Apricot Puree 370g",
        "price": 5,
        "unitPrice": "$13.51 / 1KG"
    },
    {
        "category": "pantry",
        "href": "https://www.woolworths.com.au/shop/productdetails/450977/woolworths-chocolate-cake-tray-bake-kit",
        "imgName": "450977.jpg",
        "imgSrc": "https://cdn0.woolworths.media/content/wowproductimages/medium/450977.jpg",
        "name": "Woolworths Chocolate Cake Tray Bake Kit 535g",
        "price": 3.5,
        "unitPrice": "$0.65 / 100G"
    },
    {
        "category": "pantry",
        "href": "https://www.woolworths.com.au/shop/productdetails/26837/st-dalfour-wild-blueberry-spread",
        "imgName": "026837.jpg",
        "imgSrc": "https://cdn0.woolworths.media/content/wowproductimages/medium/026837.jpg",
        "name": "St Dalfour Wild Blueberry Spread 284g",
        "price": 4.2,
        "unitPrice": "$1.48 / 100G"
    },
    {
        "category": "pantry",
        "href": "https://www.woolworths.com.au/shop/productdetails/828676/creative-kitchen-mini-lady-birds-cake-decorations",
        "imgName": "828676.jpg",
        "imgSrc": "https://cdn0.woolworths.media/content/wowproductimages/medium/828676.jpg",
        "name": "Creative Kitchen Mini Lady Birds Cake Decorations 32pk",
        "price": 3.5,
        "unitPrice": "$0.11 / 1EA"
    },
    {
        "category": "pantry",
        "href": "https://www.woolworths.com.au/shop/productdetails/580736/cadbury-coated-almonds",
        "imgName": "580736.jpg",
        "imgSrc": "https://cdn0.woolworths.media/content/wowproductimages/medium/580736.jpg",
        "name": "Cadbury Coated Almonds  225g",
        "price": 6,
        "unitPrice": "$2.67 / 100G"
    },
    {
        "category": "pantry",
        "href": "https://www.woolworths.com.au/shop/productdetails/509458/woolworths-salted-peanuts",
        "imgName": "509458.jpg",
        "imgSrc": "https://cdn0.woolworths.media/content/wowproductimages/medium/509458.jpg",
        "name": "Woolworths Salted Peanuts 375g",
        "price": 2.1,
        "unitPrice": "$5.60 / 1KG"
    },
    {
        "category": "pantry",
        "href": "https://www.woolworths.com.au/shop/productdetails/665521/kelloggs-lcms-coco-pops-bars",
        "imgName": "665521.jpg",
        "imgSrc": "https://cdn0.woolworths.media/content/wowproductimages/medium/665521.jpg",
        "name": "Kelloggs Lcms Coco Pops Bars 132g 6pk",
        "price": 4,
        "unitPrice": "$3.03 / 100G"
    },
    {
        "category": "pantry",
        "href": "https://www.woolworths.com.au/shop/productdetails/610137/old-el-paso-white-corn-tortillas",
        "imgName": "610137.jpg",
        "imgSrc": "https://cdn0.woolworths.media/content/wowproductimages/medium/610137.jpg",
        "name": "Old El Paso White Corn Tortillas 10pk",
        "price": 4.45,
        "unitPrice": "$2.14 / 100G"
    },
    {
        "category": "pantry",
        "href": "https://www.woolworths.com.au/shop/productdetails/574894/hoyts-coriander-ground",
        "imgName": "574894.jpg",
        "imgSrc": "https://cdn0.woolworths.media/content/wowproductimages/medium/574894.jpg",
        "name": "Hoyts Coriander Ground  130g",
        "price": 4.99,
        "unitPrice": "$0.38 / 10G"
    },
    {
        "category": "pantry",
        "href": "https://www.woolworths.com.au/shop/productdetails/592111/woolworths-crown-mints",
        "imgName": "592111.jpg",
        "imgSrc": "https://cdn0.woolworths.media/content/wowproductimages/medium/592111.jpg",
        "name": "Woolworths Crown Mints  225g",
        "price": 2,
        "unitPrice": "$0.89 / 100G"
    },
    {
        "category": "pantry",
        "href": "https://www.woolworths.com.au/shop/productdetails/9014/zafarelli-spaghetti-no4",
        "imgName": "009014.jpg",
        "imgSrc": "https://cdn0.woolworths.media/content/wowproductimages/medium/009014.jpg",
        "name": "Zafarelli Spaghetti No4 500g",
        "price": 1.94,
        "unitPrice": "$0.39 / 100G"
    },
    {
        "category": "pantry",
        "href": "https://www.woolworths.com.au/shop/productdetails/610175/old-el-paso-seasoning-burrito-reduced-salt",
        "imgName": "610175.jpg",
        "imgSrc": "https://cdn0.woolworths.media/content/wowproductimages/medium/610175.jpg",
        "name": "Old El Paso Seasoning Burrito Reduced Salt 25g",
        "price": 2,
        "unitPrice": "$8.00 / 100G"
    },
    {
        "category": "pantry",
        "href": "https://www.woolworths.com.au/shop/productdetails/620646/barilla-spaghetti-gluten-free",
        "imgName": "620646.jpg",
        "imgSrc": "https://cdn0.woolworths.media/content/wowproductimages/medium/620646.jpg",
        "name": "Barilla Spaghetti Gluten Free 340g",
        "price": 3.79,
        "unitPrice": "$1.11 / 100G"
    },
    {
        "category": "pantry",
        "href": "https://www.woolworths.com.au/shop/productdetails/948495/gourmet-garden-paste-chilli-hot",
        "imgName": "948495.jpg",
        "imgSrc": "https://cdn0.woolworths.media/content/wowproductimages/medium/948495.jpg",
        "name": "Gourmet Garden Paste Chilli Hot 80g",
        "price": 3.5,
        "unitPrice": "$0.44 / 10G"
    },
    {
        "category": "pantry",
        "href": "https://www.woolworths.com.au/shop/productdetails/467281/woolworths-mayonnaise-97-fat-free",
        "imgName": "467281.jpg",
        "imgSrc": "https://cdn0.woolworths.media/content/wowproductimages/medium/467281.jpg",
        "name": "Woolworths Mayonnaise 97% Fat Free 525g",
        "price": 2.6,
        "unitPrice": "$0.50 / 100G"
    },
    {
        "category": "pantry",
        "href": "https://www.woolworths.com.au/shop/productdetails/620657/o-g-spiced-oatmeal",
        "imgName": "620657.jpg",
        "imgSrc": "https://cdn0.woolworths.media/content/wowproductimages/medium/620657.jpg",
        "name": "O&g Spiced Oatmeal  8pk",
        "price": 5.7,
        "unitPrice": "$1.78 / 100G"
    },
    {
        "category": "pantry",
        "href": "https://www.woolworths.com.au/shop/productdetails/592097/woolworths-boiled-sweets",
        "imgName": "592097.jpg",
        "imgSrc": "https://cdn0.woolworths.media/content/wowproductimages/medium/592097.jpg",
        "name": "Woolworths Boiled Sweets  225g",
        "price": 2,
        "unitPrice": "$0.89 / 100G"
    },
    {
        "category": "pantry",
        "href": "https://www.woolworths.com.au/shop/productdetails/663628/safcol-tuna-moroccan-curry-dinner-pouch",
        "imgName": "663628.jpg",
        "imgSrc": "https://cdn0.woolworths.media/content/wowproductimages/medium/663628.jpg",
        "name": "Safcol Tuna Moroccan Curry Dinner Pouch 120g",
        "price": 2.5,
        "unitPrice": "$20.83 / 1KG"
    },
    {
        "category": "pantry",
        "href": "https://www.woolworths.com.au/shop/productdetails/603420/woolworths-eucalyptus-honey-drops",
        "imgName": "603420.jpg",
        "imgSrc": "https://cdn0.woolworths.media/content/wowproductimages/medium/603420.jpg",
        "name": "Woolworths Eucalyptus & Honey Drops 150g",
        "price": 2,
        "unitPrice": "$1.33 / 100G"
    },
    {
        "category": "pantry",
        "href": "https://www.woolworths.com.au/shop/productdetails/70623/stagg-beef-chilli-hot-dynamite-with-beans",
        "imgName": "070623.jpg",
        "imgSrc": "https://cdn0.woolworths.media/content/wowproductimages/medium/070623.jpg",
        "name": "Stagg Beef Chilli Hot Dynamite With Beans 425g",
        "price": 4,
        "unitPrice": "$9.41 / 1KG"
    },
    {
        "category": "pantry",
        "href": "https://www.woolworths.com.au/shop/productdetails/529040/hellmanns-squeeze-mayonnaise-light",
        "imgName": "529040.jpg",
        "imgSrc": "https://cdn0.woolworths.media/content/wowproductimages/medium/529040.jpg",
        "name": "Hellmanns Squeeze Mayonnaise Light 430ml",
        "price": 6.3,
        "unitPrice": "$1.58 / 100G"
    },
    {
        "category": "pantry",
        "href": "https://www.woolworths.com.au/shop/productdetails/365936/homebrand-sweetener-tablets",
        "imgName": "365936.jpg",
        "imgSrc": "https://cdn0.woolworths.media/content/wowproductimages/medium/365936.jpg",
        "name": "Homebrand Sweetener Tablets 300pk",
        "price": 2.8,
        "unitPrice": "$0.93 / 100EA"
    },
    {
        "category": "pantry",
        "href": "https://www.woolworths.com.au/shop/productdetails/620647/barilla-penne-pasta-gluten-free",
        "imgName": "620647.jpg",
        "imgSrc": "https://cdn0.woolworths.media/content/wowproductimages/medium/620647.jpg",
        "name": "Barilla Penne Pasta Gluten Free 340g",
        "price": 3.79,
        "unitPrice": "$1.11 / 100G"
    },
    {
        "category": "pantry",
        "href": "https://www.woolworths.com.au/shop/productdetails/660318/red-rock-deli-sweet-potato-crisps-sea-salt-dukkah-spice",
        "imgName": "660318.jpg",
        "imgSrc": "https://cdn0.woolworths.media/content/wowproductimages/medium/660318.jpg",
        "name": "Red Rock Deli Sweet Potato Crisps Sea Salt & Dukkah Spice 135g",
        "price": 4.49,
        "unitPrice": "$3.33 / 100G"
    },
    {
        "category": "pantry",
        "href": "https://www.woolworths.com.au/shop/productdetails/348802/aeroplane-jelly-lite-mango-passionfruit",
        "imgName": "348802.jpg",
        "imgSrc": "https://cdn0.woolworths.media/content/wowproductimages/medium/348802.jpg",
        "name": "Aeroplane Jelly Lite Mango Passionfruit 2x9g",
        "price": 1.9,
        "unitPrice": "$10.56 / 100G"
    },
    {
        "category": "pantry",
        "href": "https://www.woolworths.com.au/shop/productdetails/544980/gullon-no-added-sugar-choc-twin-biscuits",
        "imgName": "544980.jpg",
        "imgSrc": "https://cdn0.woolworths.media/content/wowproductimages/medium/544980.jpg",
        "name": "Gullon No Added Sugar Choc Twin Biscuits 147g",
        "price": 2.69,
        "unitPrice": "$1.83 / 100G"
    },
    {
        "category": "pantry",
        "href": "https://www.woolworths.com.au/shop/productdetails/59655/hersheys-chocolate-syrup-squeeze",
        "imgName": "059655.jpg",
        "imgSrc": "https://cdn0.woolworths.media/content/wowproductimages/medium/059655.jpg",
        "name": "Hersheys Chocolate Syrup Squeeze 680g",
        "price": 5,
        "unitPrice": "$0.74 / 100G"
    },
    {
        "category": "pantry",
        "href": "https://www.woolworths.com.au/shop/productdetails/591451/spc-diced-pineapple-in-juice",
        "imgName": "591451.jpg",
        "imgSrc": "https://cdn0.woolworths.media/content/wowproductimages/medium/591451.jpg",
        "name": "Spc Diced Pineapple In Juice 4pk 452g",
        "price": 4.6,
        "unitPrice": "$10.18 / 1KG"
    },
    {
        "category": "pantry",
        "href": "https://www.woolworths.com.au/shop/productdetails/534185/tasti-smooshed-brazen-berry-6-wholefood-balls",
        "imgName": "534185.jpg",
        "imgSrc": "https://cdn0.woolworths.media/content/wowproductimages/medium/534185.jpg",
        "name": "Tasti Smooshed Brazen Berry 6 Wholefood Balls 69g",
        "price": 3,
        "unitPrice": "$4.35 / 100G"
    },
    {
        "category": "pantry",
        "href": "https://www.woolworths.com.au/shop/productdetails/574171/arnott-s-bites-tim-tam",
        "imgName": "574171.jpg",
        "imgSrc": "https://cdn0.woolworths.media/content/wowproductimages/medium/574171.jpg",
        "name": "Arnott's Bites Tim Tam 170g",
        "price": 4.4,
        "unitPrice": "$2.59 / 100G"
    },
    {
        "category": "pantry",
        "href": "https://www.woolworths.com.au/shop/productdetails/501763/woolworths-sunflower-seeds",
        "imgName": "501763.jpg",
        "imgSrc": "https://cdn0.woolworths.media/content/wowproductimages/medium/501763.jpg",
        "name": "Woolworths Sunflower Seeds  200g",
        "price": 1.59,
        "unitPrice": "$7.95 / 1KG"
    },
    {
        "category": "pantry",
        "href": "https://www.woolworths.com.au/shop/productdetails/724746/bokoma-pronutro-original-south-african-500g",
        "imgName": "724746.jpg",
        "imgSrc": "https://cdn0.woolworths.media/content/wowproductimages/medium/724746.jpg",
        "name": "Bokoma Pronutro Original South African 500g",
        "price": 7.2,
        "unitPrice": "$1.44 / 100G"
    },
    {
        "category": "pantry",
        "href": "https://www.woolworths.com.au/shop/productdetails/693761/woolworths-select-salmon-tomato-onion",
        "imgName": "693761.jpg",
        "imgSrc": "https://cdn0.woolworths.media/content/wowproductimages/medium/693761.jpg",
        "name": "Woolworths Select Salmon Tomato & Onion 95g",
        "price": 1.2,
        "unitPrice": "$12.63 / 1KG"
    },
    {
        "category": "pantry",
        "href": "https://www.woolworths.com.au/shop/productdetails/27876/herbamare-sauce-seasoning-herb-salt",
        "imgName": "027876.jpg",
        "imgSrc": "https://cdn0.woolworths.media/content/wowproductimages/medium/027876.jpg",
        "name": "Herbamare Sauce Seasoning Herb Salt 250g",
        "price": 7.69,
        "unitPrice": "$3.08 / 100G"
    },
    {
        "category": "pantry",
        "href": "https://www.woolworths.com.au/shop/productdetails/207915/rosella-tomato-sauce-squeezie",
        "imgName": "207915.jpg",
        "imgSrc": "https://cdn0.woolworths.media/content/wowproductimages/medium/207915.jpg",
        "name": "Rosella Tomato Sauce Squeezie 500ml",
        "price": 3,
        "unitPrice": "$0.60 / 100ML"
    },
    {
        "category": "pantry",
        "href": "https://www.woolworths.com.au/shop/productdetails/591701/mccormick-slow-cookers-country-chicken-cassarole",
        "imgName": "591701.jpg",
        "imgSrc": "https://cdn0.woolworths.media/content/wowproductimages/medium/591701.jpg",
        "name": "Mccormick Slow Cookers Country Chicken Cassarole 40g",
        "price": 1.69,
        "unitPrice": "$4.23 / 100G"
    },
    {
        "category": "pantry",
        "href": "https://www.woolworths.com.au/shop/productdetails/663667/safcol-salmon-mild-indian-curry-dinner",
        "imgName": "663667.jpg",
        "imgSrc": "https://cdn0.woolworths.media/content/wowproductimages/medium/663667.jpg",
        "name": "Safcol Salmon Mild Indian Curry Dinner 120g",
        "price": 2.5,
        "unitPrice": "$20.83 / 1KG"
    },
    {
        "category": "pantry",
        "href": "https://www.woolworths.com.au/shop/productdetails/636761/crafted-blends-quinoa-chips-smoked-chipotle",
        "imgName": "636761.jpg",
        "imgSrc": "https://cdn0.woolworths.media/content/wowproductimages/medium/636761.jpg",
        "name": "Crafted Blends Quinoa Chips Smoked Chipotle 100g",
        "price": 5,
        "unitPrice": "$5.00 / 100G"
    },
    {
        "category": "pantry",
        "href": "https://www.woolworths.com.au/shop/productdetails/844371/heinz-top-down-tomato-ketchup",
        "imgName": "844371.jpg",
        "imgSrc": "https://cdn0.woolworths.media/content/wowproductimages/medium/844371.jpg",
        "name": "Heinz Top Down Tomato Ketchup 220ml",
        "price": 1.8,
        "unitPrice": "$0.82 / 100ML"
    },
    {
        "category": "pantry",
        "href": "https://www.woolworths.com.au/shop/productdetails/324175/weight-watchers-macadamia-cranberry-bars",
        "imgName": "324175.jpg",
        "imgSrc": "https://cdn0.woolworths.media/content/wowproductimages/medium/324175.jpg",
        "name": "Weight Watchers Macadamia & Cranberry Bars 4 pk 136g",
        "price": 4,
        "unitPrice": "$2.94 / 100G"
    },
    {
        "category": "pantry",
        "href": "https://www.woolworths.com.au/shop/productdetails/573474/macro-split-pea-chips-hommus-gluten-free",
        "imgName": "573474.jpg",
        "imgSrc": "https://cdn0.woolworths.media/content/wowproductimages/medium/573474.jpg",
        "name": "Macro Split Pea Chips Hommus Gluten Free 175g",
        "price": 4,
        "unitPrice": "$2.29 / 100G"
    },
    {
        "category": "pantry",
        "href": "https://www.woolworths.com.au/shop/productdetails/257885/dollar-sweets-sprinkles-monster-5s",
        "imgName": "257885.jpg",
        "imgSrc": "https://cdn0.woolworths.media/content/wowproductimages/medium/257885.jpg",
        "name": "Dollar Sweets Sprinkles Monster 5s 140g",
        "price": 2,
        "unitPrice": "$1.43 / 100G"
    },
    {
        "category": "pantry",
        "href": "https://www.woolworths.com.au/shop/productdetails/494146/praise-whole-egg-mayonnaise-with-olive-oil",
        "imgName": "494146.jpg",
        "imgSrc": "https://cdn0.woolworths.media/content/wowproductimages/medium/494146.jpg",
        "name": "Praise Whole Egg Mayonnaise With Olive Oil 335g",
        "price": 5,
        "unitPrice": "$1.49 / 100G"
    },
    {
        "category": "pantry",
        "href": "https://www.woolworths.com.au/shop/productdetails/634375/pressed-purity-flaxseed-oil",
        "imgName": "634375.jpg",
        "imgSrc": "https://cdn0.woolworths.media/content/wowproductimages/medium/634375.jpg",
        "name": "Pressed Purity Flaxseed Oil  250ml",
        "price": 9,
        "unitPrice": "$3.60 / 100ML"
    },
    {
        "category": "pantry",
        "href": "https://www.woolworths.com.au/shop/productdetails/636070/messy-monkeys-whole-grain-bites-pizza-flavour",
        "imgName": "636070.jpg",
        "imgSrc": "https://cdn0.woolworths.media/content/wowproductimages/medium/636070.jpg",
        "name": "Messy Monkeys Whole Grain Bites Pizza Flavour 8x160g",
        "price": 7,
        "unitPrice": "$4.38 / 100G"
    },
    {
        "category": "pantry",
        "href": "https://www.woolworths.com.au/shop/productdetails/343891/maggi-2-minute-noodles-chicken-99-fat-free",
        "imgName": "343891.jpg",
        "imgSrc": "https://cdn0.woolworths.media/content/wowproductimages/medium/343891.jpg",
        "name": "Maggi 2 Minute Noodles Chicken 99% Fat Free 5pk x 69g",
        "price": 3.95,
        "unitPrice": "$1.04 / 100G"
    },
    {
        "category": "pantry",
        "href": "https://www.woolworths.com.au/shop/productdetails/619463/san-remo-pasta-chickpea-spirals",
        "imgName": "619463.jpg",
        "imgSrc": "https://cdn0.woolworths.media/content/wowproductimages/medium/619463.jpg",
        "name": "San Remo Pasta Chickpea Spirals 250g",
        "price": 3.99,
        "unitPrice": "$1.60 / 100G"
    },
    {
        "category": "pantry",
        "href": "https://www.woolworths.com.au/shop/productdetails/651500/bertolli-extra-virgin-olive-oil-gentile",
        "imgName": "651500.jpg",
        "imgSrc": "https://cdn0.woolworths.media/content/wowproductimages/medium/651500.jpg",
        "name": "Bertolli Extra Virgin Olive Oil Gentile 750ml",
        "price": 13,
        "unitPrice": "$1.73 / 100ML"
    },
    {
        "category": "pantry",
        "href": "https://www.woolworths.com.au/shop/productdetails/652080/bertolli-robusto-extra-virgin-olive-oil",
        "imgName": "652080.jpg",
        "imgSrc": "https://cdn0.woolworths.media/content/wowproductimages/medium/652080.jpg",
        "name": "Bertolli Robusto Extra Virgin Olive Oil 370ml",
        "price": 7,
        "unitPrice": "$1.89 / 100ML"
    },
    {
        "category": "pantry",
        "href": "https://www.woolworths.com.au/shop/productdetails/662974/sirena-mexican-style-tuna-beans",
        "imgName": "662974.jpg",
        "imgSrc": "https://cdn0.woolworths.media/content/wowproductimages/medium/662974.jpg",
        "name": "Sirena Mexican Style Tuna & Beans 185g",
        "price": 4,
        "unitPrice": "$21.62 / 1KG"
    },
    {
        "category": "pantry",
        "href": "https://www.woolworths.com.au/shop/productdetails/587911/lipton-quality-black-tea-bags",
        "imgName": "587911.jpg",
        "imgSrc": "https://cdn0.woolworths.media/content/wowproductimages/medium/587911.jpg",
        "name": "Lipton Quality Black Tea Bags 100pk",
        "price": 5,
        "unitPrice": "$2.50 / 100G"
    },
    {
        "category": "pantry",
        "href": "https://www.woolworths.com.au/shop/productdetails/520648/dollevi-light-mellow-olive-oil",
        "imgName": "520648.jpg",
        "imgSrc": "https://cdn0.woolworths.media/content/wowproductimages/medium/520648.jpg",
        "name": "Dollevi Light Mellow Olive Oil  4l",
        "price": 27,
        "unitPrice": "$0.68 / 100ML"
    },
    {
        "category": "pantry",
        "href": "https://www.woolworths.com.au/shop/productdetails/313447/fruit-for-life-berries-goji",
        "imgName": "313447.jpg",
        "imgSrc": "https://cdn0.woolworths.media/content/wowproductimages/medium/313447.jpg",
        "name": "Fruit For Life Berries Goji 150g",
        "price": 6.5,
        "unitPrice": "$43.33 / 1KG"
    },
    {
        "category": "pantry",
        "href": "https://www.woolworths.com.au/shop/productdetails/373984/lee-kum-kee-ready-sauce-stir-fry-cantonese-beef",
        "imgName": "373984.jpg",
        "imgSrc": "https://cdn0.woolworths.media/content/wowproductimages/medium/373984.jpg",
        "name": "Lee Kum Kee Ready Sauce Stir Fry Cantonese Beef 100g",
        "price": 2.2,
        "unitPrice": "$2.20 / 100G"
    },
    {
        "category": "pantry",
        "href": "https://www.woolworths.com.au/shop/productdetails/250961/leggo-s-passata-sauce-classic-tomato",
        "imgName": "250961.jpg",
        "imgSrc": "https://cdn0.woolworths.media/content/wowproductimages/medium/250961.jpg",
        "name": "Leggo's Passata Sauce Classic Tomato 700g",
        "price": 2.91,
        "unitPrice": "$0.42 / 100G"
    },
    {
        "category": "pantry",
        "href": "https://www.woolworths.com.au/shop/productdetails/651474/macro-black-chia-seeds",
        "imgName": "651474.jpg",
        "imgSrc": "https://cdn0.woolworths.media/content/wowproductimages/medium/651474.jpg",
        "name": "Macro Black Chia Seeds  350g",
        "price": 8,
        "unitPrice": "$2.29 / 100G"
    },
    {
        "category": "pantry",
        "href": "https://www.woolworths.com.au/shop/productdetails/653327/maggi-hot-chilli-sauce",
        "imgName": "653327.jpg",
        "imgSrc": "https://cdn0.woolworths.media/content/wowproductimages/medium/653327.jpg",
        "name": "Maggi Hot Chilli Sauce  275ml",
        "price": 2.7,
        "unitPrice": "$0.98 / 100ML"
    },
    {
        "category": "pantry",
        "href": "https://www.woolworths.com.au/shop/productdetails/700075/maggi-fusian-hot-spicy-instant-noodles",
        "imgName": "700075.jpg",
        "imgSrc": "https://cdn0.woolworths.media/content/wowproductimages/medium/700075.jpg",
        "name": "Maggi Fusian Hot & Spicy Instant Noodles 5pk 360g",
        "price": 3.95,
        "unitPrice": "$1.10 / 100G"
    },
    {
        "category": "pantry",
        "href": "https://www.woolworths.com.au/shop/productdetails/626732/five-tastes-stir-fry-shots-chinese-hoisin-garlic",
        "imgName": "626732.jpg",
        "imgSrc": "https://cdn0.woolworths.media/content/wowproductimages/medium/626732.jpg",
        "name": "Five Tastes Stir Fry Shots Chinese Hoisin & Garlic 4x45g",
        "price": 4,
        "unitPrice": "$2.22 / 100G"
    },
    {
        "category": "pantry",
        "href": "https://www.woolworths.com.au/shop/productdetails/31860/paramount-salmon-red",
        "imgName": "031860.jpg",
        "imgSrc": "https://cdn0.woolworths.media/content/wowproductimages/medium/031860.jpg",
        "name": "Paramount Salmon Red 415g",
        "price": 8.5,
        "unitPrice": "$20.48 / 1KG"
    },
    {
        "category": "pantry",
        "href": "https://www.woolworths.com.au/shop/productdetails/622043/baxters-classic-tomato-chutney",
        "imgName": "622043.jpg",
        "imgSrc": "https://cdn0.woolworths.media/content/wowproductimages/medium/622043.jpg",
        "name": "Baxters Classic Tomato Chutney 225g",
        "price": 4.3,
        "unitPrice": "$1.91 / 100G"
    },
    {
        "category": "pantry",
        "href": "https://www.woolworths.com.au/shop/productdetails/728606/masterfoods-tomato-sauce-australian-grown",
        "imgName": "728606.jpg",
        "imgSrc": "https://cdn0.woolworths.media/content/wowproductimages/medium/728606.jpg",
        "name": "Masterfoods Tomato Sauce Australian Grown 500ml",
        "price": 3.15,
        "unitPrice": "$0.63 / 100ML"
    },
    {
        "category": "pantry",
        "href": "https://www.woolworths.com.au/shop/productdetails/652682/one-night-in-mexico-spice-taco-sauce",
        "imgName": "652682.jpg",
        "imgSrc": "https://cdn0.woolworths.media/content/wowproductimages/medium/652682.jpg",
        "name": "One Night In Mexico Spice Taco Sauce 250ml",
        "price": 4,
        "unitPrice": "$1.60 / 100ML"
    },
    {
        "category": "pantry",
        "href": "https://www.woolworths.com.au/shop/productdetails/335400/macro-organic-flour-white-spelt",
        "imgName": "335400.jpg",
        "imgSrc": "https://cdn0.woolworths.media/content/wowproductimages/medium/335400.jpg",
        "name": "Macro Organic Flour White Spelt 750g",
        "price": 7.5,
        "unitPrice": "$10.00 / 1KG"
    },
    {
        "category": "pantry",
        "href": "https://www.woolworths.com.au/shop/productdetails/799368/heinz-seriously-good-whole-egg-mayonnaise",
        "imgName": "799368.jpg",
        "imgSrc": "https://cdn0.woolworths.media/content/wowproductimages/medium/799368.jpg",
        "name": "Heinz Seriously Good Whole Egg Mayonnaise",
        "price": 6,
        "unitPrice": "$1.20 / 100ML"
    },
    {
        "category": "pantry",
        "href": "https://www.woolworths.com.au/shop/productdetails/187786/betty-crocker-apple-cinnamon-97-fat-free-muffin-mix",
        "imgName": "187786.jpg",
        "imgSrc": "https://cdn0.woolworths.media/content/wowproductimages/medium/187786.jpg",
        "name": "Betty Crocker Apple & Cinnamon 97% Fat Free Muffin Mix 500g",
        "price": 5.2,
        "unitPrice": "$1.04 / 100G"
    },
    {
        "category": "pantry",
        "href": "https://www.woolworths.com.au/shop/productdetails/629912/mars-chocolate-bites",
        "imgName": "629912.jpg",
        "imgSrc": "https://cdn0.woolworths.media/content/wowproductimages/medium/629912.jpg",
        "name": "Mars Chocolate Bites  150g",
        "price": 4.25,
        "unitPrice": "$2.83 / 100G"
    },
    {
        "category": "pantry",
        "href": "https://www.woolworths.com.au/shop/productdetails/263256/hikari-japanese-miso-soup-instant-wakame",
        "imgName": "263256.jpg",
        "imgSrc": "https://cdn0.woolworths.media/content/wowproductimages/medium/263256.jpg",
        "name": "Hikari Japanese Miso Soup Instant Wakame 216g",
        "price": 3.85,
        "unitPrice": "$1.78 / 100G"
    },
    {
        "category": "pantry",
        "href": "https://www.woolworths.com.au/shop/productdetails/666833/leggo-s-fresh-poached-chicken-mushroom-pasta-sauce",
        "imgName": "666833.jpg",
        "imgSrc": "https://cdn0.woolworths.media/content/wowproductimages/medium/666833.jpg",
        "name": "Leggo's Fresh Poached Chicken & Mushroom Pasta Sauce 350g",
        "price": 7.5,
        "unitPrice": "$2.14 / 100G"
    },
    {
        "category": "pantry",
        "href": "https://www.woolworths.com.au/shop/productdetails/658730/grinders-espresso-capsules",
        "imgName": "658730.jpg",
        "imgSrc": "https://cdn0.woolworths.media/content/wowproductimages/medium/658730.jpg",
        "name": "Grinders Espresso Capsules 10pk",
        "price": 6.5,
        "unitPrice": "$0.65 / 1EA"
    },
    {
        "category": "pantry",
        "href": "https://www.woolworths.com.au/shop/productdetails/493527/aunt-betty-s-creamy-rice-dairy-free-coconut-milk",
        "imgName": "493527.jpg",
        "imgSrc": "https://cdn0.woolworths.media/content/wowproductimages/medium/493527.jpg",
        "name": "Aunt Betty's Creamy Rice Dairy Free Coconut Milk 240g",
        "price": 3,
        "unitPrice": "$1.25 / 100G"
    },
    {
        "category": "pantry",
        "href": "https://www.woolworths.com.au/shop/productdetails/600492/goulburn-valley-peaches-in-coconut-water",
        "imgName": "600492.jpg",
        "imgSrc": "https://cdn0.woolworths.media/content/wowproductimages/medium/600492.jpg",
        "name": "Goulburn Valley Peaches In Coconut Water 700g",
        "price": 5.1,
        "unitPrice": "$7.29 / 1KG"
    },
    {
        "category": "pantry",
        "href": "https://www.woolworths.com.au/shop/productdetails/586678/smiths-chips-cheese-onion",
        "imgName": "586678.jpg",
        "imgSrc": "https://cdn0.woolworths.media/content/wowproductimages/medium/586678.jpg",
        "name": "Smiths Chips Cheese & Onion  60g",
        "price": 2,
        "unitPrice": "$3.33 / 100G"
    },
    {
        "category": "pantry",
        "href": "https://www.woolworths.com.au/shop/productdetails/606726/oreo-thins-mocha",
        "imgName": "606726.jpg",
        "imgSrc": "https://cdn0.woolworths.media/content/wowproductimages/medium/606726.jpg",
        "name": "Oreo Thins Mocha  95g",
        "price": 2,
        "unitPrice": "$2.11 / 100G"
    },
    {
        "category": "pantry",
        "href": "https://www.woolworths.com.au/shop/productdetails/10848/spam-ham-lite",
        "imgName": "010848.jpg",
        "imgSrc": "https://cdn0.woolworths.media/content/wowproductimages/medium/010848.jpg",
        "name": "Spam Ham Lite 340g",
        "price": 4.9,
        "unitPrice": "$14.41 / 1KG"
    },
    {
        "category": "pantry",
        "href": "https://www.woolworths.com.au/shop/productdetails/957592/leggos-providore-tomato-grilled-vegetable",
        "imgName": "957592.jpg",
        "imgSrc": "https://cdn0.woolworths.media/content/wowproductimages/medium/957592.jpg",
        "name": "Leggos Providore Tomato & Grilled Vegetable 400g",
        "price": 4.99,
        "unitPrice": "$1.25 / 100G"
    },
    {
        "category": "pantry",
        "href": "https://www.woolworths.com.au/shop/productdetails/6580/stagg-beef",
        "imgName": "006580.jpg",
        "imgSrc": "https://cdn0.woolworths.media/content/wowproductimages/medium/006580.jpg",
        "name": "Stagg Beef  425g",
        "price": 4,
        "unitPrice": "$9.41 / 1KG"
    },
    {
        "category": "pantry",
        "href": "https://www.woolworths.com.au/shop/productdetails/298153/campbell-s-chunky-canned-soup-beef-potato-curry",
        "imgName": "298153.jpg",
        "imgSrc": "https://cdn0.woolworths.media/content/wowproductimages/medium/298153.jpg",
        "name": "Campbell's Chunky Canned Soup Beef & Potato Curry 505g",
        "price": 3.29,
        "unitPrice": "$0.65 / 100G"
    },
    {
        "category": "pantry",
        "href": "https://www.woolworths.com.au/shop/productdetails/245573/campbell-s-chunky-canned-soup-beef-hearty-filling",
        "imgName": "245573.jpg",
        "imgSrc": "https://cdn0.woolworths.media/content/wowproductimages/medium/245573.jpg",
        "name": "Campbell's Chunky Canned Soup Beef Hearty & Filling 505g",
        "price": 3.29,
        "unitPrice": "$0.65 / 100G"
    },
    {
        "category": "pantry",
        "href": "https://www.woolworths.com.au/shop/productdetails/767483/sandhurst-vinegar-apple-cider",
        "imgName": "767483.jpg",
        "imgSrc": "https://cdn0.woolworths.media/content/wowproductimages/medium/767483.jpg",
        "name": "Sandhurst Vinegar Apple Cider 250ml",
        "price": 4,
        "unitPrice": "$1.60 / 100ML"
    },
    {
        "category": "pantry",
        "href": "https://www.woolworths.com.au/shop/productdetails/36040/arnott-s-teddy-bear",
        "imgName": "036040.jpg",
        "imgSrc": "https://cdn0.woolworths.media/content/wowproductimages/medium/036040.jpg",
        "name": "Arnott's Teddy Bear  250g",
        "price": 2.85,
        "unitPrice": "$1.14 / 100G"
    },
    {
        "category": "pantry",
        "href": "https://www.woolworths.com.au/shop/productdetails/40313/erawan-rice-stick-medium",
        "imgName": "040313.jpg",
        "imgSrc": "https://cdn0.woolworths.media/content/wowproductimages/medium/040313.jpg",
        "name": "Erawan Rice Stick Medium 375g",
        "price": 2.2,
        "unitPrice": "$0.59 / 100G"
    },
    {
        "category": "pantry",
        "href": "https://www.woolworths.com.au/shop/productdetails/929100/pacific-organic-coconut-oil-refined",
        "imgName": "929100.jpg",
        "imgSrc": "https://cdn0.woolworths.media/content/wowproductimages/medium/929100.jpg",
        "name": "Pacific Organic Coconut Oil Refined 700ml",
        "price": 12,
        "unitPrice": "$1.71 / 100ML"
    },
    {
        "category": "pantry",
        "href": "https://www.woolworths.com.au/shop/productdetails/969024/woolworths-morning-balance-flakes-berries",
        "imgName": "969024.jpg",
        "imgSrc": "https://cdn0.woolworths.media/content/wowproductimages/medium/969024.jpg",
        "name": "Woolworths Morning Balance Flakes Berries 450g",
        "price": 4.5,
        "unitPrice": "$1.00 / 100G"
    },
    {
        "category": "pantry",
        "href": "https://www.woolworths.com.au/shop/productdetails/637642/nut-cashew",
        "imgName": "637642.jpg",
        "imgSrc": "https://cdn0.woolworths.media/content/wowproductimages/medium/637642.jpg",
        "name": "Nut Cashew  400g",
        "price": 8,
        "unitPrice": "$20.00 / 1KG"
    },
    {
        "category": "pantry",
        "href": "https://www.woolworths.com.au/shop/productdetails/250981/woolworths-select-basil-leaves",
        "imgName": "250981.jpg",
        "imgSrc": "https://cdn0.woolworths.media/content/wowproductimages/medium/250981.jpg",
        "name": "Woolworths Select Basil Leaves 10g",
        "price": 1.5,
        "unitPrice": "$1.50 / 10G"
    },
    {
        "category": "pantry",
        "href": "https://www.woolworths.com.au/shop/productdetails/948513/gourmet-garden-paste-italian",
        "imgName": "948513.jpg",
        "imgSrc": "https://cdn0.woolworths.media/content/wowproductimages/medium/948513.jpg",
        "name": "Gourmet Garden Paste Italian 80g",
        "price": 3.5,
        "unitPrice": "$4.38 / 100G"
    },
    {
        "category": "pantry",
        "href": "https://www.woolworths.com.au/shop/productdetails/218915/woolworths-select-mixed-vegetable-peas-carrots",
        "imgName": "218915.jpg",
        "imgSrc": "https://cdn0.woolworths.media/content/wowproductimages/medium/218915.jpg",
        "name": "Woolworths Select Mixed Vegetable Peas & Carrots 420g",
        "price": 1.4,
        "unitPrice": "$3.33 / 1KG"
    },
    {
        "category": "pantry",
        "href": "https://www.woolworths.com.au/shop/productdetails/658538/kelloggs-coco-pops-cookie-cream-chex",
        "imgName": "658538.jpg",
        "imgSrc": "https://cdn0.woolworths.media/content/wowproductimages/medium/658538.jpg",
        "name": "Kelloggs Coco Pops Cookie & Cream Chex 260g",
        "price": 5,
        "unitPrice": "$1.92 / 100G"
    },
    {
        "category": "pantry",
        "href": "https://www.woolworths.com.au/shop/productdetails/608475/il-molino-farino-flour",
        "imgName": "608475.jpg",
        "imgSrc": "https://cdn0.woolworths.media/content/wowproductimages/medium/608475.jpg",
        "name": "Il Molino Farino Flour  1kg",
        "price": 3,
        "unitPrice": "$3.00 / 1KG"
    },
    {
        "category": "pantry",
        "href": "https://www.woolworths.com.au/shop/productdetails/33107/guzzi-fettuccine-pasta",
        "imgName": "033107.jpg",
        "imgSrc": "https://cdn0.woolworths.media/content/wowproductimages/medium/033107.jpg",
        "name": "Guzzi Fettuccine Pasta 250g",
        "price": 3.6,
        "unitPrice": "$1.44 / 100G"
    },
    {
        "category": "pantry",
        "href": "https://www.woolworths.com.au/shop/productdetails/229890/sunbeam-classic-mixed-fruit",
        "imgName": "229890.jpg",
        "imgSrc": "https://cdn0.woolworths.media/content/wowproductimages/medium/229890.jpg",
        "name": "Sunbeam Classic Mixed Fruit  6pk 240g",
        "price": 5,
        "unitPrice": "$20.83 / 1KG"
    },
    {
        "category": "pantry",
        "href": "https://www.woolworths.com.au/shop/productdetails/651470/peckish-rice-crackers-double-up-cheese",
        "imgName": "651470.jpg",
        "imgSrc": "https://cdn0.woolworths.media/content/wowproductimages/medium/651470.jpg",
        "name": "Peckish Rice Crackers Double Up Cheese 200g",
        "price": 3.5,
        "unitPrice": "$1.75 / 100G"
    },
    {
        "category": "pantry",
        "href": "https://www.woolworths.com.au/shop/productdetails/15344/tandaco-stuffing-mix",
        "imgName": "015344.jpg",
        "imgSrc": "https://cdn0.woolworths.media/content/wowproductimages/medium/015344.jpg",
        "name": "Tandaco Stuffing Mix  200g",
        "price": 2.5,
        "unitPrice": "$0.13 / 10G"
    },
    {
        "category": "pantry",
        "href": "https://www.woolworths.com.au/shop/productdetails/135984/john-west-tempters-tuna-mild-indian-curry",
        "imgName": "135984.jpg",
        "imgSrc": "https://cdn0.woolworths.media/content/wowproductimages/medium/135984.jpg",
        "name": "John West Tempters Tuna Mild Indian Curry 95g",
        "price": 2,
        "unitPrice": "$21.05 / 1KG"
    },
    {
        "category": "pantry",
        "href": "https://www.woolworths.com.au/shop/productdetails/442462/campbells-real-soup-base-malaysian",
        "imgName": "442462.jpg",
        "imgSrc": "https://cdn0.woolworths.media/content/wowproductimages/medium/442462.jpg",
        "name": "Campbells Real Soup Base Malaysian 1l",
        "price": 5,
        "unitPrice": "$0.50 / 100ML"
    },
    {
        "category": "pantry",
        "href": "https://www.woolworths.com.au/shop/productdetails/491369/multix-party-patty-pans",
        "imgName": "491369.jpg",
        "imgSrc": "https://cdn0.woolworths.media/content/wowproductimages/medium/491369.jpg",
        "name": "Multix Party Patty Pans  40pk",
        "price": 2
    },
    {
        "category": "pantry",
        "href": "https://www.woolworths.com.au/shop/productdetails/259168/sunbeam-natural-sultanas",
        "imgName": "259168.jpg",
        "imgSrc": "https://cdn0.woolworths.media/content/wowproductimages/medium/259168.jpg",
        "name": "Sunbeam Natural Sultanas 450g",
        "price": 4,
        "unitPrice": "$8.89 / 1KG"
    },
    {
        "category": "pantry",
        "href": "https://www.woolworths.com.au/shop/productdetails/18161/heinz-soup-for-one-canned-soup-creamy-tomato",
        "imgName": "018161.jpg",
        "imgSrc": "https://cdn0.woolworths.media/content/wowproductimages/medium/018161.jpg",
        "name": "Heinz Soup For One Canned Soup Creamy Tomato 300g",
        "price": 1.95,
        "unitPrice": "$0.65 / 100G"
    },
    {
        "category": "pantry",
        "href": "https://www.woolworths.com.au/shop/productdetails/577126/mckenzies-minestrone-soup-kit",
        "imgName": "577126.jpg",
        "imgSrc": "https://cdn0.woolworths.media/content/wowproductimages/medium/577126.jpg",
        "name": "Mckenzies Minestrone Soup Kit  180g",
        "price": 2.49,
        "unitPrice": "$1.38 / 100G"
    },
    {
        "category": "pantry",
        "href": "https://www.woolworths.com.au/shop/productdetails/339976/campbell-s-country-ladle-canned-soup-roast-chicken-vegetable",
        "imgName": "339976.jpg",
        "imgSrc": "https://cdn0.woolworths.media/content/wowproductimages/medium/339976.jpg",
        "name": "Campbell's Country Ladle Canned Soup Roast Chicken & Vegetable 505g",
        "price": 3.29,
        "unitPrice": "$0.65 / 100G"
    },
    {
        "category": "pantry",
        "href": "https://www.woolworths.com.au/shop/productdetails/748501/bega-peanut-butter-no-added-sugar-or-salt-smooth",
        "imgName": "748501.jpg",
        "imgSrc": "https://cdn0.woolworths.media/content/wowproductimages/medium/748501.jpg",
        "name": "Bega Peanut Butter No Added Sugar Or Salt Smooth 325g",
        "price": 4.65,
        "unitPrice": "$1.43 / 100G"
    },
    {
        "category": "pantry",
        "href": "https://www.woolworths.com.au/shop/productdetails/59360/fountain-thick-mint-sauce",
        "imgName": "059360.jpg",
        "imgSrc": "https://cdn0.woolworths.media/content/wowproductimages/medium/059360.jpg",
        "name": "Fountain Thick Mint Sauce  250ml",
        "price": 2.5,
        "unitPrice": "$1.00 / 100ML"
    },
    {
        "category": "pantry",
        "href": "https://www.woolworths.com.au/shop/productdetails/94621/hoyts-saffron-powder",
        "imgName": "094621.jpg",
        "imgSrc": "https://cdn0.woolworths.media/content/wowproductimages/medium/094621.jpg",
        "name": "Hoyts Saffron Powder 15g",
        "price": 1.7,
        "unitPrice": "$1.13 / 10G"
    },
    {
        "category": "pantry",
        "href": "https://www.woolworths.com.au/shop/productdetails/242762/sandhurst-baby-capers-in-wine-vinegar",
        "imgName": "242762.jpg",
        "imgSrc": "https://cdn0.woolworths.media/content/wowproductimages/medium/242762.jpg",
        "name": "Sandhurst Baby Capers In Wine Vinegar 110g",
        "price": 2.3,
        "unitPrice": "$20.91 / 1KG"
    },
    {
        "category": "pantry",
        "href": "https://www.woolworths.com.au/shop/productdetails/261314/beerenberg-chutney-fruit",
        "imgName": "261314.jpg",
        "imgSrc": "https://cdn0.woolworths.media/content/wowproductimages/medium/261314.jpg",
        "name": "Beerenberg Chutney Fruit 290g",
        "price": 5,
        "unitPrice": "$17.24 / 1KG"
    },
    {
        "category": "pantry",
        "href": "https://www.woolworths.com.au/shop/productdetails/610279/spc-bean-pot-rich-tomato",
        "imgName": "610279.jpg",
        "imgSrc": "https://cdn0.woolworths.media/content/wowproductimages/medium/610279.jpg",
        "name": "Spc Bean Pot Rich Tomato 175g",
        "price": 1.5,
        "unitPrice": "$0.86 / 100G"
    },
    {
        "category": "pantry",
        "href": "https://www.woolworths.com.au/shop/productdetails/610349/spc-bean-pot-moroccan",
        "imgName": "610349.jpg",
        "imgSrc": "https://cdn0.woolworths.media/content/wowproductimages/medium/610349.jpg",
        "name": "Spc Bean Pot Moroccan 175g",
        "price": 1.5,
        "unitPrice": "$0.86 / 100G"
    },
    {
        "category": "pantry",
        "href": "https://www.woolworths.com.au/shop/productdetails/454006/dole-peach-slices-in-juice",
        "imgName": "454006.jpg",
        "imgSrc": "https://cdn0.woolworths.media/content/wowproductimages/medium/454006.jpg",
        "name": "Dole Peach Slices In Juice  810g",
        "price": 3,
        "unitPrice": "$3.70 / 1KG"
    },
    {
        "category": "pantry",
        "href": "https://www.woolworths.com.au/shop/productdetails/260061/spiral-miso-soup-instant-red",
        "imgName": "260061.jpg",
        "imgSrc": "https://cdn0.woolworths.media/content/wowproductimages/medium/260061.jpg",
        "name": "Spiral Miso Soup Instant Red 35g",
        "price": 6.5,
        "unitPrice": "$18.57 / 100G"
    },
    {
        "category": "pantry",
        "href": "https://www.woolworths.com.au/shop/productdetails/581341/keens-chilli-blend",
        "imgName": "581341.jpg",
        "imgSrc": "https://cdn0.woolworths.media/content/wowproductimages/medium/581341.jpg",
        "name": "Keens Chilli Blend  50g",
        "price": 3.69,
        "unitPrice": "$0.74 / 10G"
    },
    {
        "category": "pantry",
        "href": "https://www.woolworths.com.au/shop/productdetails/657423/heinz-baked-beans-english-recipe",
        "imgName": "657423.jpg",
        "imgSrc": "https://cdn0.woolworths.media/content/wowproductimages/medium/657423.jpg",
        "name": "Heinz Baked Beans English Recipe 555g",
        "price": 3,
        "unitPrice": "$0.54 / 100G"
    },
    {
        "category": "pantry",
        "href": "https://www.woolworths.com.au/shop/productdetails/517500/annalisa-diced-tomatoes",
        "imgName": "517500.jpg",
        "imgSrc": "https://cdn0.woolworths.media/content/wowproductimages/medium/517500.jpg",
        "name": "Annalisa Diced Tomatoes  800g",
        "price": 2.5,
        "unitPrice": "$3.13 / 1KG"
    },
    {
        "category": "pantry",
        "href": "https://www.woolworths.com.au/shop/productdetails/120286/spiral-rice-cracker-black-sesame",
        "imgName": "120286.jpg",
        "imgSrc": "https://cdn0.woolworths.media/content/wowproductimages/medium/120286.jpg",
        "name": "Spiral Rice Cracker Black Sesame 75g",
        "price": 5.47,
        "unitPrice": "$7.29 / 100G"
    },
    {
        "category": "pantry",
        "href": "https://www.woolworths.com.au/shop/productdetails/966533/edgell-corn-kernels",
        "imgName": "966533.jpg",
        "imgSrc": "https://cdn0.woolworths.media/content/wowproductimages/medium/966533.jpg",
        "name": "Edgell Corn Kernels  300g",
        "price": 1.7,
        "unitPrice": "$5.67 / 1KG"
    },
    {
        "category": "pantry",
        "href": "https://www.woolworths.com.au/shop/productdetails/572502/la-zuppa-just-add-water-chicken-vegetable",
        "imgName": "572502.jpg",
        "imgSrc": "https://cdn0.woolworths.media/content/wowproductimages/medium/572502.jpg",
        "name": "La Zuppa Just Add Water Chicken & Vegetable 100g",
        "price": 1.6,
        "unitPrice": "$1.60 / 100G"
    },
    {
        "category": "pantry",
        "href": "https://www.woolworths.com.au/shop/productdetails/652070/whole-earth-sweetener-raw-cane-sugar-stevia-blend",
        "imgName": "652070.jpg",
        "imgSrc": "https://cdn0.woolworths.media/content/wowproductimages/medium/652070.jpg",
        "name": "Whole Earth Sweetener Raw Cane Sugar & Stevia Blend 16g 80pk",
        "price": 5,
        "unitPrice": "$0.06 / 1EA"
    },
    {
        "category": "pantry",
        "href": "https://www.woolworths.com.au/shop/productdetails/966526/edgell-creamed-corn",
        "imgName": "966526.jpg",
        "imgSrc": "https://cdn0.woolworths.media/content/wowproductimages/medium/966526.jpg",
        "name": "Edgell Creamed Corn  300g",
        "price": 1.7,
        "unitPrice": "$5.67 / 1KG"
    },
    {
        "category": "pantry",
        "href": "https://www.woolworths.com.au/shop/productdetails/626956/obento-tonkatsu-sauce",
        "imgName": "626956.jpg",
        "imgSrc": "https://cdn0.woolworths.media/content/wowproductimages/medium/626956.jpg",
        "name": "Obento Tonkatsu Sauce  250ml",
        "price": 3,
        "unitPrice": "$1.20 / 100ML"
    },
    {
        "category": "pantry",
        "href": "https://www.woolworths.com.au/shop/productdetails/639181/m-m-s-neapolitan",
        "imgName": "639181.jpg",
        "imgSrc": "https://cdn0.woolworths.media/content/wowproductimages/medium/639181.jpg",
        "name": "M&m's Neapolitan  160g",
        "price": 4.25,
        "unitPrice": "$2.66 / 100G"
    },
    {
        "category": "pantry",
        "href": "https://www.woolworths.com.au/shop/productdetails/495007/pancake-parlour-pancake-mix",
        "imgName": "495007.jpg",
        "imgSrc": "https://cdn0.woolworths.media/content/wowproductimages/medium/495007.jpg",
        "name": "Pancake Parlour Pancake Mix  500g",
        "price": 6.6,
        "unitPrice": "$1.32 / 100G"
    },
    {
        "category": "pantry",
        "href": "https://www.woolworths.com.au/shop/productdetails/541478/sirena-tuna-teriyaki",
        "imgName": "541478.jpg",
        "imgSrc": "https://cdn0.woolworths.media/content/wowproductimages/medium/541478.jpg",
        "name": "Sirena Tuna Teriyaki 95g",
        "price": 2.5,
        "unitPrice": "$26.32 / 1KG"
    },
    {
        "category": "pantry",
        "href": "https://www.woolworths.com.au/shop/productdetails/619813/always-fresh-salad-olives",
        "imgName": "619813.jpg",
        "imgSrc": "https://cdn0.woolworths.media/content/wowproductimages/medium/619813.jpg",
        "name": "Always Fresh Salad Olives  50g",
        "price": 2,
        "unitPrice": "$4.00 / 100G"
    },
    {
        "category": "pantry",
        "href": "https://www.woolworths.com.au/shop/productdetails/662589/dr-oetker-rose-icing-decorations",
        "imgName": "662589.jpg",
        "imgSrc": "https://cdn0.woolworths.media/content/wowproductimages/medium/662589.jpg",
        "name": "Dr. Oetker Rose Icing Decorations 16pk 16g",
        "price": 3.5,
        "unitPrice": "$21.88 / 100G"
    },
    {
        "category": "pantry",
        "href": "https://www.woolworths.com.au/shop/productdetails/799459/heinz-seriously-good-aioli-garlic-mayonnaise",
        "imgName": "799459.jpg",
        "imgSrc": "https://cdn0.woolworths.media/content/wowproductimages/medium/799459.jpg",
        "name": "Heinz Seriously Good Aioli Garlic Mayonnaise",
        "price": 6,
        "unitPrice": "$1.20 / 100ML"
    },
    {
        "category": "pantry",
        "href": "https://www.woolworths.com.au/shop/productdetails/320499/campbell-s-country-ladle-canned-soup-garden-veg-w-grain-barley",
        "imgName": "320499.jpg",
        "imgSrc": "https://cdn0.woolworths.media/content/wowproductimages/medium/320499.jpg",
        "name": "Campbell's Country Ladle Canned Soup Garden Veg & W/grain Barley 500g",
        "price": 3.29,
        "unitPrice": "$0.66 / 100G"
    },
    {
        "category": "pantry",
        "href": "https://www.woolworths.com.au/shop/productdetails/541553/john-west-street-asian-tuna-indonesian-sambal-chilli",
        "imgName": "541553.jpg",
        "imgSrc": "https://cdn0.woolworths.media/content/wowproductimages/medium/541553.jpg",
        "name": "John West Street Asian Tuna Indonesian Sambal Chilli 95g",
        "price": 2,
        "unitPrice": "$21.05 / 1KG"
    },
    {
        "category": "pantry",
        "href": "https://www.woolworths.com.au/shop/productdetails/747239/queen-jel-it-in-vegetarian-gelling-powder",
        "imgName": "747239.jpg",
        "imgSrc": "https://cdn0.woolworths.media/content/wowproductimages/medium/747239.jpg",
        "name": "Queen Jel-it-in Vegetarian Gelling Powder 64g",
        "price": 4,
        "unitPrice": "$6.25 / 100G"
    },
    {
        "category": "pantry",
        "href": "https://www.woolworths.com.au/shop/productdetails/449743/dr-oetker-edible-decorations-mini-wafer-butterflies",
        "imgName": "449743.jpg",
        "imgSrc": "https://cdn0.woolworths.media/content/wowproductimages/medium/449743.jpg",
        "name": "Dr Oetker Edible Decorations Mini Wafer Butterflies 8g",
        "price": 3.3,
        "unitPrice": "$3.30 / 1EA"
    },
    {
        "category": "pantry",
        "href": "https://www.woolworths.com.au/shop/productdetails/255712/fyna-licorice",
        "imgName": "255712.jpg",
        "imgSrc": "https://cdn0.woolworths.media/content/wowproductimages/medium/255712.jpg",
        "name": "Fyna Licorice  2m 240g",
        "price": 2.5,
        "unitPrice": "$1.04 / 100G"
    },
    {
        "category": "pantry",
        "href": "https://www.woolworths.com.au/shop/productdetails/750196/masterfoods-perfect-for-chicken-with-paprika-onion-garlic",
        "imgName": "750196.jpg",
        "imgSrc": "https://cdn0.woolworths.media/content/wowproductimages/medium/750196.jpg",
        "name": "Masterfoods Perfect For Chicken With Paprika, Onion & Garlic 20g",
        "price": 2.5,
        "unitPrice": "$1.25 / 10G"
    },
    {
        "category": "pantry",
        "href": "https://www.woolworths.com.au/shop/productdetails/608244/ranchero-sour-cream-mexican-spice-seasoning",
        "imgName": "608244.jpg",
        "imgSrc": "https://cdn0.woolworths.media/content/wowproductimages/medium/608244.jpg",
        "name": "Ranchero Sour Cream Mexican Spice Seasoning 30g",
        "price": 2,
        "unitPrice": "$6.67 / 100G"
    },
    {
        "category": "pantry",
        "href": "https://www.woolworths.com.au/shop/productdetails/785278/white-wings-pancake-mix-dark-chocolate-vanilla",
        "imgName": "785278.jpg",
        "imgSrc": "https://cdn0.woolworths.media/content/wowproductimages/medium/785278.jpg",
        "name": "White Wings Pancake Mix Dark Chocolate & Vanilla 370g",
        "price": 5,
        "unitPrice": "$1.35 / 100G"
    },
    {
        "category": "pantry",
        "href": "https://www.woolworths.com.au/shop/productdetails/636150/maltesers-honeycomb",
        "imgName": "636150.jpg",
        "imgSrc": "https://cdn0.woolworths.media/content/wowproductimages/medium/636150.jpg",
        "name": "Maltesers Honeycomb  140g",
        "price": 4.25,
        "unitPrice": "$3.04 / 100G"
    },
    {
        "category": "pantry",
        "href": "https://www.woolworths.com.au/shop/productdetails/828523/rosella-canned-soup-condensed-cream-of-mushroom",
        "imgName": "828523.jpg",
        "imgSrc": "https://cdn0.woolworths.media/content/wowproductimages/medium/828523.jpg",
        "name": "Rosella Canned Soup Condensed Cream Of Mushroom 500g",
        "price": 2.25,
        "unitPrice": "$0.45 / 100G"
    },
    {
        "category": "pantry",
        "href": "https://www.woolworths.com.au/shop/productdetails/825214/woolworths-gold-linseed-sunflower-pumpkin-seed-gouda-edam-butter-straws",
        "imgName": "825214.jpg",
        "imgSrc": "https://cdn0.woolworths.media/content/wowproductimages/medium/825214.jpg",
        "name": "Woolworths Gold Linseed Sunflower & Pumpkin Seed Gouda & Edam Butter Straws 100g",
        "price": 3,
        "unitPrice": "$3.00 / 100G"
    },
    {
        "category": "pantry",
        "href": "https://www.woolworths.com.au/shop/productdetails/793006/kellogg-s-special-k-blackcurrant-pepita-nourish",
        "imgName": "793006.jpg",
        "imgSrc": "https://cdn0.woolworths.media/content/wowproductimages/medium/793006.jpg",
        "name": "Kellogg's Special K Blackcurrant & Pepita Nourish 380g",
        "price": 5.99,
        "unitPrice": "$1.58 / 100G"
    },
    {
        "category": "pantry",
        "href": "https://www.woolworths.com.au/shop/productdetails/180429/ayam-coconut-milk-light",
        "imgName": "180429.jpg",
        "imgSrc": "https://cdn0.woolworths.media/content/wowproductimages/medium/180429.jpg",
        "name": "Ayam Coconut Milk Light 270ml",
        "price": 2.4,
        "unitPrice": "$0.89 / 100ML"
    },
    {
        "category": "pantry",
        "href": "https://www.woolworths.com.au/shop/productdetails/7620/buderim-ginger-crystallised",
        "imgName": "007620.jpg",
        "imgSrc": "https://cdn0.woolworths.media/content/wowproductimages/medium/007620.jpg",
        "name": "Buderim Ginger Crystallised 250g",
        "price": 5.25,
        "unitPrice": "$21.00 / 1KG"
    },
    {
        "category": "pantry",
        "href": "https://www.woolworths.com.au/shop/productdetails/265889/nestle-tex-bar",
        "imgName": "265889.jpg",
        "imgSrc": "https://cdn0.woolworths.media/content/wowproductimages/medium/265889.jpg",
        "name": "Nestle Tex Bar  40g",
        "price": 2,
        "unitPrice": "$5.00 / 100G"
    },
    {
        "category": "pantry",
        "href": "https://www.woolworths.com.au/shop/productdetails/492072/woolworths-champignon-pieces-stems",
        "imgName": "492072.jpg",
        "imgSrc": "https://cdn0.woolworths.media/content/wowproductimages/medium/492072.jpg",
        "name": "Woolworths Champignon Pieces & Stems 184g",
        "price": 0.85,
        "unitPrice": "$4.62 / 1KG"
    },
    {
        "category": "pantry",
        "href": "https://www.woolworths.com.au/shop/productdetails/594757/spc-diced-peaches-in-juice",
        "imgName": "594757.jpg",
        "imgSrc": "https://cdn0.woolworths.media/content/wowproductimages/medium/594757.jpg",
        "name": "Spc Diced Peaches In Juice  8x120g",
        "price": 7.2,
        "unitPrice": "$7.50 / 1KG"
    },
    {
        "category": "pantry",
        "href": "https://www.woolworths.com.au/shop/productdetails/747180/real-foods-corn-thins-tasty-cheese",
        "imgName": "747180.jpg",
        "imgSrc": "https://cdn0.woolworths.media/content/wowproductimages/medium/747180.jpg",
        "name": "Real Foods Corn Thins Tasty Cheese 125g",
        "price": 2,
        "unitPrice": "$1.60 / 100G"
    },
    {
        "category": "pantry",
        "href": "https://www.woolworths.com.au/shop/productdetails/20380/hoyts-cumin-seeds-whole",
        "imgName": "020380.jpg",
        "imgSrc": "https://cdn0.woolworths.media/content/wowproductimages/medium/020380.jpg",
        "name": "Hoyts Cumin Seeds Whole 25g",
        "price": 1.9,
        "unitPrice": "$0.76 / 10G"
    },
    {
        "category": "pantry",
        "href": "https://www.woolworths.com.au/shop/productdetails/78083/ovaltine-ovalteenies",
        "imgName": "078083.jpg",
        "imgSrc": "https://cdn0.woolworths.media/content/wowproductimages/medium/078083.jpg",
        "name": "Ovaltine Ovalteenies  135g pack",
        "price": 4,
        "unitPrice": "$2.96 / 100G"
    },
    {
        "category": "pantry",
        "href": "https://www.woolworths.com.au/shop/productdetails/94630/hoyts-chilli-powder",
        "imgName": "094630.jpg",
        "imgSrc": "https://cdn0.woolworths.media/content/wowproductimages/medium/094630.jpg",
        "name": "Hoyts Chilli Powder 50g",
        "price": 1.6,
        "unitPrice": "$0.32 / 10G"
    },
    {
        "category": "pantry",
        "href": "https://www.woolworths.com.au/shop/productdetails/166677/be-natural-protein-nut-bars-nut-delight",
        "imgName": "166677.jpg",
        "imgSrc": "https://cdn0.woolworths.media/content/wowproductimages/medium/166677.jpg",
        "name": "Be Natural Protein Nut Bars Nut Delight 4pk 160g",
        "price": 5,
        "unitPrice": "$3.13 / 100G"
    },
    {
        "category": "pantry",
        "href": "https://www.woolworths.com.au/shop/productdetails/491829/woolworths-baby-corn-spears",
        "imgName": "491829.jpg",
        "imgSrc": "https://cdn0.woolworths.media/content/wowproductimages/medium/491829.jpg",
        "name": "Woolworths Baby Corn Spears  410g can",
        "price": 1.1,
        "unitPrice": "$2.68 / 1KG"
    },
    {
        "category": "pantry",
        "href": "https://www.woolworths.com.au/shop/productdetails/279814/hoyts-pickling-dried-spices",
        "imgName": "279814.jpg",
        "imgSrc": "https://cdn0.woolworths.media/content/wowproductimages/medium/279814.jpg",
        "name": "Hoyts Pickling Dried Spices  35g",
        "price": 2.11,
        "unitPrice": "$0.60 / 10G"
    },
    {
        "category": "pantry",
        "href": "https://www.woolworths.com.au/shop/productdetails/701734/kellogg-s-special-k-advantage",
        "imgName": "701734.jpg",
        "imgSrc": "https://cdn0.woolworths.media/content/wowproductimages/medium/701734.jpg",
        "name": "Kellogg's Special K Advantage 315g",
        "price": 4.69,
        "unitPrice": "$1.49 / 100G"
    },
    {
        "category": "pantry",
        "href": "https://www.woolworths.com.au/shop/productdetails/882697/woolworths-select-sultanas-milk-chocolate",
        "imgName": "882697.jpg",
        "imgSrc": "https://cdn0.woolworths.media/content/wowproductimages/medium/882697.jpg",
        "name": "Woolworths Select Sultanas Milk Chocolate 200g bag",
        "price": 2.3,
        "unitPrice": "$1.15 / 100G"
    },
    {
        "category": "pantry",
        "href": "https://www.woolworths.com.au/shop/productdetails/829041/i-quit-sugar-superfood-protein-ball-mix-cacao-chia",
        "imgName": "829041.jpg",
        "imgSrc": "https://cdn0.woolworths.media/content/wowproductimages/medium/829041.jpg",
        "name": "I Quit Sugar Superfood Protein Ball Mix Cacao & Chia 270g",
        "price": 6.4,
        "unitPrice": "$2.37 / 100G"
    },
    {
        "category": "pantry",
        "href": "https://www.woolworths.com.au/shop/productdetails/446829/oreo-cookie-strawberry",
        "imgName": "446829.jpg",
        "imgSrc": "https://cdn0.woolworths.media/content/wowproductimages/medium/446829.jpg",
        "name": "Oreo Cookie Strawberry 137g",
        "price": 2,
        "unitPrice": "$1.46 / 100G"
    },
    {
        "category": "pantry",
        "href": "https://www.woolworths.com.au/shop/productdetails/782589/cadburys-irish-golden-crisp",
        "imgName": "default.png",
        "imgSrc": "https://cdn0.woolworths.media/content/wowproductimages/large/default.png",
        "name": "Cadburys Irish Golden Crisp  53g",
        "price": 2.75,
        "unitPrice": "$5.09 / 100G"
    },
    {
        "category": "pantry",
        "href": "https://www.woolworths.com.au/shop/productdetails/593275/cadbury-dairy-milk-marvellous-creations-spider-choc-orange",
        "imgName": "593275.jpg",
        "imgSrc": "https://cdn0.woolworths.media/content/wowproductimages/medium/593275.jpg",
        "name": "Cadbury Dairy Milk Marvellous Creations Spider Choc Orange 170g block",
        "price": 5,
        "unitPrice": "$2.94 / 100G"
    },
    {
        "category": "pantry",
        "href": "https://www.woolworths.com.au/shop/productdetails/362258/bisto-ingredients-original-beef-gravy",
        "imgName": "362258.jpg",
        "imgSrc": "https://cdn0.woolworths.media/content/wowproductimages/medium/362258.jpg",
        "name": "Bisto Ingredients Original Beef Gravy 170g",
        "price": 6,
        "unitPrice": "$3.53 / 100G"
    },
    {
        "category": "pantry",
        "href": "https://www.woolworths.com.au/shop/productdetails/466062/sunbeam-yoghurt-coated-sultanas",
        "imgName": "466062.jpg",
        "imgSrc": "https://cdn0.woolworths.media/content/wowproductimages/medium/466062.jpg",
        "name": "Sunbeam Yoghurt Coated Sultanas  180g",
        "price": 3.5,
        "unitPrice": "$19.44 / 1KG"
    },
    {
        "category": "pantry",
        "href": "https://www.woolworths.com.au/shop/productdetails/772565/edgell-four-bean-mix-mix",
        "imgName": "772565.jpg",
        "imgSrc": "https://cdn0.woolworths.media/content/wowproductimages/medium/772565.jpg",
        "name": "Edgell Four Bean Mix Mix 300g",
        "price": 1.7,
        "unitPrice": "$5.67 / 1KG"
    },
    {
        "category": "pantry",
        "href": "https://www.woolworths.com.au/shop/productdetails/587055/cadbury-dark-milk-roasted-caramelised-hazelnut",
        "imgName": "587055.jpg",
        "imgSrc": "https://cdn0.woolworths.media/content/wowproductimages/medium/587055.jpg",
        "name": "Cadbury Dark Milk Roasted & Caramelised Hazelnut 35g",
        "price": 2,
        "unitPrice": "$5.71 / 100G"
    },
    {
        "category": "pantry",
        "href": "https://www.woolworths.com.au/shop/productdetails/591707/spc-diced-apricots-in-juice",
        "imgName": "591707.jpg",
        "imgSrc": "https://cdn0.woolworths.media/content/wowproductimages/medium/591707.jpg",
        "name": "Spc Diced Apricots In Juice 4pk 480g",
        "price": 4.6,
        "unitPrice": "$9.58 / 1KG"
    },
    {
        "category": "pantry",
        "href": "https://www.woolworths.com.au/shop/productdetails/40339/mae-ploy-paste-green-curry",
        "imgName": "040339.jpg",
        "imgSrc": "https://cdn0.woolworths.media/content/wowproductimages/medium/040339.jpg",
        "name": "Mae Ploy Paste Green Curry 50g",
        "price": 1.2,
        "unitPrice": "$2.40 / 100G"
    },
    {
        "category": "pantry",
        "href": "https://www.woolworths.com.au/shop/productdetails/748896/woolworths-tomato-paste-sachet",
        "imgName": "748896.jpg",
        "imgSrc": "https://cdn0.woolworths.media/content/wowproductimages/medium/748896.jpg",
        "name": "Woolworths Tomato Paste Sachet 4pk 200g",
        "price": 1.99,
        "unitPrice": "$1.00 / 100G"
    },
    {
        "category": "pantry",
        "href": "https://www.woolworths.com.au/shop/productdetails/732354/ardmona-rich-thick-chopped-herb-tomatoes",
        "imgName": "732354.jpg",
        "imgSrc": "https://cdn0.woolworths.media/content/wowproductimages/medium/732354.jpg",
        "name": "Ardmona Rich & Thick Chopped Herb Tomatoes 410g",
        "price": 1.8,
        "unitPrice": "$4.39 / 1KG"
    },
    {
        "category": "pantry",
        "href": "https://www.woolworths.com.au/shop/productdetails/593276/cadbury-dairy-milk-marvellous-creations-spider-choc-raspberry",
        "imgName": "593276.jpg",
        "imgSrc": "https://cdn0.woolworths.media/content/wowproductimages/medium/593276.jpg",
        "name": "Cadbury Dairy Milk Marvellous Creations Spider Choc Raspberry 170g block",
        "price": 5,
        "unitPrice": "$2.94 / 100G"
    },
    {
        "category": "pantry",
        "href": "https://www.woolworths.com.au/shop/productdetails/445957/dole-pineapple-pieces-in-juice",
        "imgName": "445957.jpg",
        "imgSrc": "https://cdn0.woolworths.media/content/wowproductimages/medium/445957.jpg",
        "name": "Dole Pineapple Pieces In Juice  115g",
        "price": 1,
        "unitPrice": "$8.70 / 1KG"
    },
    {
        "category": "pantry",
        "href": "https://www.woolworths.com.au/shop/productdetails/600478/goulburn-valley-mangoes-in-coconut-water",
        "imgName": "600478.jpg",
        "imgSrc": "https://cdn0.woolworths.media/content/wowproductimages/medium/600478.jpg",
        "name": "Goulburn Valley Mangoes In Coconut Water 685g",
        "price": 5.1,
        "unitPrice": "$7.45 / 1KG"
    },
    {
        "category": "pantry",
        "href": "https://www.woolworths.com.au/shop/productdetails/663635/safcol-premium-salmon-lemon-thyme",
        "imgName": "663635.jpg",
        "imgSrc": "https://cdn0.woolworths.media/content/wowproductimages/medium/663635.jpg",
        "name": "Safcol Premium Salmon Lemon & Thyme 95g",
        "price": 1.5,
        "unitPrice": "$15.79 / 1KG"
    },
    {
        "category": "pantry",
        "href": "https://www.woolworths.com.au/shop/productdetails/660999/aunt-betty-s-chocolate-creamy-rice-with-cacao",
        "imgName": "660999.jpg",
        "imgSrc": "https://cdn0.woolworths.media/content/wowproductimages/medium/660999.jpg",
        "name": "Aunt Betty's Chocolate Creamy Rice With Cacao 2x120g",
        "price": 3,
        "unitPrice": "$1.25 / 100G"
    },
    {
        "category": "pantry",
        "href": "https://www.woolworths.com.au/shop/productdetails/54666/homebrand-oysters-smoked",
        "imgName": "054666.jpg",
        "imgSrc": "https://cdn0.woolworths.media/content/wowproductimages/medium/054666.jpg",
        "name": "Homebrand Oysters Smoked 100g",
        "price": 1.4,
        "unitPrice": "$14.00 / 1KG"
    },
    {
        "category": "pantry",
        "href": "https://www.woolworths.com.au/shop/productdetails/587008/cadbury-dark-milk-bar",
        "imgName": "587008.jpg",
        "imgSrc": "https://cdn0.woolworths.media/content/wowproductimages/medium/587008.jpg",
        "name": "Cadbury Dark Milk Bar 35g",
        "price": 2,
        "unitPrice": "$5.71 / 100G"
    },
    {
        "category": "pantry",
        "href": "https://www.woolworths.com.au/shop/productdetails/653431/cadbury-cookie-soft-choc-chip",
        "imgName": "653431.jpg",
        "imgSrc": "https://cdn0.woolworths.media/content/wowproductimages/medium/653431.jpg",
        "name": "Cadbury Cookie Soft Choc Chip 156g",
        "price": 3.5,
        "unitPrice": "$2.24 / 100G"
    },
    {
        "category": "pantry",
        "href": "https://www.woolworths.com.au/shop/productdetails/580267/premium-crispbread-sesame",
        "imgName": "580267.jpg",
        "imgSrc": "https://cdn0.woolworths.media/content/wowproductimages/medium/580267.jpg",
        "name": "Premium Crispbread Sesame 100g",
        "price": 1.5,
        "unitPrice": "$1.50 / 100G"
    },
    {
        "category": "pantry",
        "href": "https://www.woolworths.com.au/shop/productdetails/572976/woolworths-tuna-with-rice-mediterranean-style",
        "imgName": "572976.jpg",
        "imgSrc": "https://cdn0.woolworths.media/content/wowproductimages/medium/572976.jpg",
        "name": "Woolworths Tuna With Rice Mediterranean Style 350g",
        "price": 4,
        "unitPrice": "$1.14 / 100G"
    },
    {
        "category": "pantry",
        "href": "https://www.woolworths.com.au/shop/productdetails/207750/arnott-s-salada-light-97-fat-free-multi-grain",
        "imgName": "207750.jpg",
        "imgSrc": "https://cdn0.woolworths.media/content/wowproductimages/medium/207750.jpg",
        "name": "Arnott's Salada Light 97% Fat Free Multi Grain 250g",
        "price": 3,
        "unitPrice": "$1.20 / 100G"
    },
    {
        "category": "pantry",
        "href": "https://www.woolworths.com.au/shop/productdetails/660971/nudie-brekkie-banana-and-date-dairy-free",
        "imgName": "660971.jpg",
        "imgSrc": "https://cdn0.woolworths.media/content/wowproductimages/medium/660971.jpg",
        "name": "Nudie Brekkie Banana And Date Dairy Free 3 x 250 ml",
        "price": 6.4,
        "unitPrice": "$8.53 / 1L"
    },
    {
        "category": "pantry",
        "href": "https://www.woolworths.com.au/shop/productdetails/827594/nestle-milo-duo-cereal",
        "imgName": "827594.jpg",
        "imgSrc": "https://cdn0.woolworths.media/content/wowproductimages/medium/827594.jpg",
        "name": "Nestle Milo Duo Cereal 660g",
        "price": 6.99,
        "unitPrice": "$1.06 / 100G"
    },
    {
        "category": "pantry",
        "href": "https://www.woolworths.com.au/shop/productdetails/574897/cadbury-dark-milk-sweet-zingy-raspberry",
        "imgName": "574897.jpg",
        "imgSrc": "https://cdn0.woolworths.media/content/wowproductimages/medium/574897.jpg",
        "name": "Cadbury Dark Milk Sweet Zingy Raspberry 160g block",
        "price": 5,
        "unitPrice": "$3.13 / 100G"
    },
    {
        "category": "pantry",
        "href": "https://www.woolworths.com.au/shop/productdetails/652681/one-night-in-mexico-flame-grilled-bbq-seasoning",
        "imgName": "652681.jpg",
        "imgSrc": "https://cdn0.woolworths.media/content/wowproductimages/medium/652681.jpg",
        "name": "One Night In Mexico Flame Grilled Bbq Seasoning 30g",
        "price": 2.5,
        "unitPrice": "$8.33 / 100G"
    },
    {
        "category": "pantry",
        "href": "https://www.woolworths.com.au/shop/productdetails/596108/leggo-s-lasagne-bake-tomato-sauce",
        "imgName": "596108.jpg",
        "imgSrc": "https://cdn0.woolworths.media/content/wowproductimages/medium/596108.jpg",
        "name": "Leggo's Lasagne Bake Tomato Sauce 500g",
        "price": 3,
        "unitPrice": "$0.60 / 100G"
    },
    {
        "category": "pantry",
        "href": "https://www.woolworths.com.au/shop/productdetails/634482/paul-newman-s-honey-apple-cider-salad-dressing",
        "imgName": "634482.jpg",
        "imgSrc": "https://cdn0.woolworths.media/content/wowproductimages/medium/634482.jpg",
        "name": "Paul Newman's Honey & Apple Cider Salad Dressing 250ml",
        "price": 4,
        "unitPrice": "$1.60 / 100ML"
    },
    {
        "category": "pantry",
        "href": "https://www.woolworths.com.au/shop/productdetails/610194/woolworths-peach-passionfruit-flavoured-topping",
        "imgName": "610194.jpg",
        "imgSrc": "https://cdn0.woolworths.media/content/wowproductimages/medium/610194.jpg",
        "name": "Woolworths Peach & Passionfruit Flavoured Topping 585g",
        "price": 2.8,
        "unitPrice": "$0.48 / 100G"
    },
    {
        "category": "pantry",
        "href": "https://www.woolworths.com.au/shop/productdetails/574325/arnott-s-tim-tam-dark-value-pack",
        "imgName": "574325.jpg",
        "imgSrc": "https://cdn0.woolworths.media/content/wowproductimages/medium/574325.jpg",
        "name": "Arnott's Tim Tam Dark Value Pack 330g",
        "price": 3.6,
        "unitPrice": "$1.09 / 100G"
    },
    {
        "category": "pantry",
        "href": "https://www.woolworths.com.au/shop/productdetails/700648/macro-organic-pasta-sauce-passata",
        "imgName": "700648.jpg",
        "imgSrc": "https://cdn0.woolworths.media/content/wowproductimages/medium/700648.jpg",
        "name": "Macro Organic Pasta Sauce Passata 700g",
        "price": 2.99,
        "unitPrice": "$0.43 / 100G"
    },
    {
        "category": "pantry",
        "href": "https://www.woolworths.com.au/shop/productdetails/383039/winn-cherries-red-glace",
        "imgName": "383039.jpg",
        "imgSrc": "https://cdn0.woolworths.media/content/wowproductimages/medium/383039.jpg",
        "name": "Winn Cherries Red Glace 200g",
        "price": 4.5,
        "unitPrice": "$22.50 / 1KG"
    },
    {
        "category": "pantry",
        "href": "https://www.woolworths.com.au/shop/productdetails/49486/tunnocks-snacks-caramel-wafer",
        "imgName": "049486.jpg",
        "imgSrc": "https://cdn0.woolworths.media/content/wowproductimages/medium/049486.jpg",
        "name": "Tunnocks Snacks Caramel Wafer 8pk 240g",
        "price": 6,
        "unitPrice": "$2.50 / 100G"
    },
    {
        "category": "pantry",
        "href": "https://www.woolworths.com.au/shop/productdetails/829238/buontempo-pasta-spaghetti",
        "imgName": "829238.jpg",
        "imgSrc": "https://cdn0.woolworths.media/content/wowproductimages/medium/829238.jpg",
        "name": "Buontempo Pasta Spaghetti 500g",
        "price": 3.6,
        "unitPrice": "$0.72 / 100G"
    },
    {
        "category": "pantry",
        "href": "https://www.woolworths.com.au/shop/productdetails/300452/woolworths-select-coffee-beans-espresso",
        "imgName": "300452.jpg",
        "imgSrc": "https://cdn0.woolworths.media/content/wowproductimages/medium/300452.jpg",
        "name": "Woolworths Select Coffee Beans Espresso 1kg",
        "price": 12,
        "unitPrice": "$1.20 / 100G"
    },
    {
        "category": "pantry",
        "href": "https://www.woolworths.com.au/shop/productdetails/54768/gravox-gravy-instant-supreme-chicken",
        "imgName": "054768.jpg",
        "imgSrc": "https://cdn0.woolworths.media/content/wowproductimages/medium/054768.jpg",
        "name": "Gravox Gravy Instant Supreme Chicken 29g",
        "price": 1,
        "special": 0.9,
        "unitPrice": "$0.31 / 10G"
    },
    {
        "category": "pantry",
        "href": "https://www.woolworths.com.au/shop/productdetails/727897/wrigley-s-eclipse-chewy-mints-fruit-trio",
        "imgName": "727897.jpg",
        "imgSrc": "https://cdn0.woolworths.media/content/wowproductimages/medium/727897.jpg",
        "name": "Wrigley's Eclipse Chewy Mints Fruit Trio 27g",
        "price": 1.5,
        "unitPrice": "$5.56 / 100G"
    },
    {
        "category": "pantry",
        "href": "https://www.woolworths.com.au/shop/productdetails/839689/kinder-chocolate-sharepack",
        "imgName": "839689.jpg",
        "imgSrc": "https://cdn0.woolworths.media/content/wowproductimages/medium/839689.jpg",
        "name": "Kinder Chocolate Sharepack 16pk 200g",
        "price": 5,
        "unitPrice": "$2.50 / 100G"
    },
    {
        "category": "pantry",
        "href": "https://www.woolworths.com.au/shop/productdetails/933016/birch-waite-herb-mayonnaise-mayonnaise",
        "imgName": "933016.jpg",
        "imgSrc": "https://cdn0.woolworths.media/content/wowproductimages/medium/933016.jpg",
        "name": "Birch & Waite Herb Mayonnaise Mayonnaise 250ml",
        "price": 5,
        "unitPrice": "$2.00 / 100ML"
    },
    {
        "category": "pantry",
        "href": "https://www.woolworths.com.au/shop/productdetails/343892/maggi-chicken-2-minute-noodle-value-pack",
        "imgName": "343892.jpg",
        "imgSrc": "https://cdn0.woolworths.media/content/wowproductimages/medium/343892.jpg",
        "name": "Maggi Chicken 2 Minute Noodle Value Pack 12pk x 72g",
        "price": 8,
        "unitPrice": "$0.93 / 100G"
    },
    {
        "category": "pantry",
        "href": "https://www.woolworths.com.au/shop/productdetails/830021/wrigley-s-extra-gum-bubblemint",
        "imgName": "830021.jpg",
        "imgSrc": "https://cdn0.woolworths.media/content/wowproductimages/medium/830021.jpg",
        "name": "Wrigley's Extra Gum Bubblemint 46pce bottle",
        "price": 4,
        "unitPrice": "$6.25 / 100G"
    },
    {
        "category": "pantry",
        "href": "https://www.woolworths.com.au/shop/productdetails/45777/campbell-s-country-ladle-canned-soup-minestrone",
        "imgName": "045777.jpg",
        "imgSrc": "https://cdn0.woolworths.media/content/wowproductimages/medium/045777.jpg",
        "name": "Campbell's Country Ladle Canned Soup Minestrone 495g",
        "price": 3.29,
        "unitPrice": "$0.66 / 100G"
    },
    {
        "category": "pantry",
        "href": "https://www.woolworths.com.au/shop/productdetails/194384/beechworth-pure-squeezable-honey",
        "imgName": "194384.jpg",
        "imgSrc": "https://cdn0.woolworths.media/content/wowproductimages/medium/194384.jpg",
        "name": "Beechworth Pure Squeezable Honey 400g",
        "price": 7,
        "unitPrice": "$1.75 / 100G"
    },
    {
        "category": "pantry",
        "href": "https://www.woolworths.com.au/shop/productdetails/87855/cadbury-time-out",
        "imgName": "087855.jpg",
        "imgSrc": "https://cdn0.woolworths.media/content/wowproductimages/medium/087855.jpg",
        "name": "Cadbury Time Out  40g bar",
        "price": 2,
        "unitPrice": "$5.00 / 100G"
    },
    {
        "category": "pantry",
        "href": "https://www.woolworths.com.au/shop/productdetails/65702/madura-english-breakfast-tea-bags",
        "imgName": "065702.jpg",
        "imgSrc": "https://cdn0.woolworths.media/content/wowproductimages/medium/065702.jpg",
        "name": "Madura English Breakfast Tea Bags 50pk 100g",
        "price": 4.85,
        "unitPrice": "$4.85 / 100G"
    },
    {
        "category": "pantry",
        "href": "https://www.woolworths.com.au/shop/productdetails/24306/gravox-gravy-sauce-pepper",
        "imgName": "024306.jpg",
        "imgSrc": "https://cdn0.woolworths.media/content/wowproductimages/medium/024306.jpg",
        "name": "Gravox Gravy Sauce Pepper 29g",
        "price": 1,
        "special": 0.9,
        "unitPrice": "$0.31 / 10G"
    },
    {
        "category": "pantry",
        "href": "https://www.woolworths.com.au/shop/productdetails/460703/mars-pods-twix",
        "imgName": "460703.jpg",
        "imgSrc": "https://cdn0.woolworths.media/content/wowproductimages/medium/460703.jpg",
        "name": "Mars Pods Twix 160g bag",
        "price": 4.25,
        "unitPrice": "$2.66 / 100G"
    },
    {
        "category": "pantry",
        "href": "https://www.woolworths.com.au/shop/productdetails/369518/woolworths-tamari-almonds",
        "imgName": "369518.jpg",
        "imgSrc": "https://cdn0.woolworths.media/content/wowproductimages/medium/369518.jpg",
        "name": "Woolworths Tamari Almonds 225g",
        "price": 6,
        "unitPrice": "$26.67 / 1KG"
    },
    {
        "category": "pantry",
        "href": "https://www.woolworths.com.au/shop/productdetails/948525/gourmet-garden-paste-lemongrass",
        "imgName": "948525.jpg",
        "imgSrc": "https://cdn0.woolworths.media/content/wowproductimages/medium/948525.jpg",
        "name": "Gourmet Garden Paste Lemongrass 80g",
        "price": 3.5,
        "unitPrice": "$4.38 / 100G"
    },
    {
        "category": "pantry",
        "href": "https://www.woolworths.com.au/shop/productdetails/635763/praise-deli-style-chilli-lime",
        "imgName": "635763.jpg",
        "imgSrc": "https://cdn0.woolworths.media/content/wowproductimages/medium/635763.jpg",
        "name": "Praise Deli Style Chilli Lime 250ml",
        "price": 3.5,
        "unitPrice": "$1.40 / 100ML"
    },
    {
        "category": "pantry",
        "href": "https://www.woolworths.com.au/shop/productdetails/635732/praise-deli-style-creamy-roast-garlic",
        "imgName": "635732.jpg",
        "imgSrc": "https://cdn0.woolworths.media/content/wowproductimages/medium/635732.jpg",
        "name": "Praise Deli Style Creamy Roast Garlic 250ml",
        "price": 3.5,
        "unitPrice": "$1.40 / 100ML"
    },
    {
        "category": "pantry",
        "href": "https://www.woolworths.com.au/shop/productdetails/34055/heinz-spaghetti-tomato-sauce",
        "imgName": "034055.jpg",
        "imgSrc": "https://cdn0.woolworths.media/content/wowproductimages/medium/034055.jpg",
        "name": "Heinz Spaghetti Tomato Sauce 130g",
        "price": 1.1,
        "unitPrice": "$0.85 / 100G"
    },
    {
        "category": "pantry",
        "href": "https://www.woolworths.com.au/shop/productdetails/310375/aeroplane-jelly-reduced-sugar-raspberry",
        "imgName": "310375.jpg",
        "imgSrc": "https://cdn0.woolworths.media/content/wowproductimages/medium/310375.jpg",
        "name": "Aeroplane Jelly Reduced Sugar Raspberry 85g",
        "price": 1.3,
        "unitPrice": "$1.53 / 100G"
    },
    {
        "category": "pantry",
        "href": "https://www.woolworths.com.au/shop/productdetails/5678/aeroplane-jelly-lite-orange-mango",
        "imgName": "005678.jpg",
        "imgSrc": "https://cdn0.woolworths.media/content/wowproductimages/medium/005678.jpg",
        "name": "Aeroplane Jelly Lite Orange Mango 2x9g",
        "price": 1.9,
        "unitPrice": "$10.56 / 100G"
    },
    {
        "category": "pantry",
        "href": "https://www.woolworths.com.au/shop/productdetails/829584/gloria-jeans-coffee-capsules-nicaragua-single-origin",
        "imgName": "829584.jpg",
        "imgSrc": "https://cdn0.woolworths.media/content/wowproductimages/medium/829584.jpg",
        "name": "Gloria Jeans Coffee Capsules Nicaragua Single Origin 10pk",
        "price": 6,
        "special": 4.8,
        "unitPrice": "$6.00 / 100G"
    },
    {
        "category": "pantry",
        "href": "https://www.woolworths.com.au/shop/productdetails/574245/mars-m-m-s-milk-chocolate-block",
        "imgName": "574245.jpg",
        "imgSrc": "https://cdn0.woolworths.media/content/wowproductimages/medium/574245.jpg",
        "name": "Mars M&m's Milk Chocolate Block 160g",
        "price": 4.8,
        "special": 3.5,
        "unitPrice": "$2.19 / 100G"
    },
    {
        "category": "pantry",
        "href": "https://www.woolworths.com.au/shop/productdetails/576360/haribo-gold-bears",
        "imgName": "576360.jpg",
        "imgSrc": "https://cdn0.woolworths.media/content/wowproductimages/medium/576360.jpg",
        "name": "Haribo Gold Bears  150g",
        "price": 2.4,
        "special": 2,
        "unitPrice": "$1.33 / 100G"
    },
    {
        "category": "pantry",
        "href": "https://www.woolworths.com.au/shop/productdetails/549571/moccona-mixes-choc-toffee-latte",
        "imgName": "549571.jpg",
        "imgSrc": "https://cdn0.woolworths.media/content/wowproductimages/medium/549571.jpg",
        "name": "Moccona Mixes Choc Toffee Latte 10pk 165g",
        "price": 4.5,
        "unitPrice": "$2.73 / 100G"
    },
    {
        "category": "pantry",
        "href": "https://www.woolworths.com.au/shop/productdetails/446485/maggi-butter-chicken-recipe-base",
        "imgName": "446485.jpg",
        "imgSrc": "https://cdn0.woolworths.media/content/wowproductimages/medium/446485.jpg",
        "name": "Maggi Butter Chicken Recipe Base 27g",
        "price": 1.75,
        "unitPrice": "$6.48 / 100G"
    },
    {
        "category": "pantry",
        "href": "https://www.woolworths.com.au/shop/productdetails/213198/paul-newmans-dressings-creamy-caesar",
        "imgName": "213198.jpg",
        "imgSrc": "https://cdn0.woolworths.media/content/wowproductimages/medium/213198.jpg",
        "name": "Paul Newmans Dressings Creamy Caesar 250ml",
        "price": 4,
        "unitPrice": "$1.60 / 100ML"
    },
    {
        "category": "pantry",
        "href": "https://www.woolworths.com.au/shop/productdetails/208931/lucky-nut-mix-almonds-and-cashews",
        "imgName": "208931.jpg",
        "imgSrc": "https://cdn0.woolworths.media/content/wowproductimages/medium/208931.jpg",
        "name": "Lucky Nut Mix Almonds And Cashews 6x30g",
        "price": 7.4,
        "special": 5.7,
        "unitPrice": "$31.67 / 1KG"
    },
    {
        "category": "pantry",
        "href": "https://www.woolworths.com.au/shop/productdetails/781393/red-rock-deli-share-pack-lime-black-pepper",
        "imgName": "781393.jpg",
        "imgSrc": "https://cdn0.woolworths.media/content/wowproductimages/medium/781393.jpg",
        "name": "Red Rock Deli Share Pack Lime & Black Pepper 165g",
        "price": 4.49,
        "special": 3,
        "unitPrice": "$1.82 / 100G"
    },
    {
        "category": "pantry",
        "href": "https://www.woolworths.com.au/shop/productdetails/634885/iddy-biddy-fruit-snacks",
        "imgName": "634885.jpg",
        "imgSrc": "https://cdn0.woolworths.media/content/wowproductimages/medium/634885.jpg",
        "name": "Iddy Biddy Fruit Snacks  8pk",
        "price": 4,
        "special": 3,
        "unitPrice": "$1.88 / 100G"
    },
    {
        "category": "pantry",
        "href": "https://www.woolworths.com.au/shop/productdetails/662054/chunky-funkeez-bluberry-clouds",
        "imgName": "662054.jpg",
        "imgSrc": "https://cdn0.woolworths.media/content/wowproductimages/medium/662054.jpg",
        "name": "Chunky Funkeez Bluberry Clouds  190g",
        "price": 2.5,
        "special": 2,
        "unitPrice": "$1.05 / 100G"
    },
    {
        "category": "pantry",
        "href": "https://www.woolworths.com.au/shop/productdetails/660969/arkadia-coconut-dark-chocolate-diy-ice-cream",
        "imgName": "660969.jpg",
        "imgSrc": "https://cdn0.woolworths.media/content/wowproductimages/medium/660969.jpg",
        "name": "Arkadia Coconut & Dark Chocolate Diy Ice Cream 170g",
        "price": 6,
        "special": 4,
        "unitPrice": "$1.18 / 100G"
    },
    {
        "category": "pantry",
        "href": "https://www.woolworths.com.au/shop/productdetails/652586/moro-intenso-extra-virgin-olive-oil",
        "imgName": "652586.jpg",
        "imgSrc": "https://cdn0.woolworths.media/content/wowproductimages/medium/652586.jpg",
        "name": "Moro Intenso Extra Virgin Olive Oil 1l",
        "price": 15,
        "special": 8.5,
        "unitPrice": "$0.85 / 100ML"
    },
    {
        "category": "pantry",
        "href": "https://www.woolworths.com.au/shop/productdetails/474369/tabasco-chipotle-sauce",
        "imgName": "474369.jpg",
        "imgSrc": "https://cdn0.woolworths.media/content/wowproductimages/medium/474369.jpg",
        "name": "Tabasco Chipotle Sauce  60ml",
        "price": 4.4,
        "special": 3.5,
        "unitPrice": "$5.83 / 100ML"
    },
    {
        "category": "pantry",
        "href": "https://www.woolworths.com.au/shop/productdetails/665506/carman-s-apple-cashew-coconut-bliss-balls",
        "imgName": "665506.jpg",
        "imgSrc": "https://cdn0.woolworths.media/content/wowproductimages/medium/665506.jpg",
        "name": "Carman's Apple Cashew Coconut Bliss Balls 80g",
        "price": 4.5,
        "special": 4,
        "unitPrice": "$5.00 / 100G"
    },
    {
        "category": "pantry",
        "href": "https://www.woolworths.com.au/shop/productdetails/332064/nice-natural-nut-bar-original",
        "imgName": "332064.jpg",
        "imgSrc": "https://cdn0.woolworths.media/content/wowproductimages/medium/332064.jpg",
        "name": "Nice & Natural Nut Bar Original 192g",
        "price": 4,
        "special": 3,
        "unitPrice": "$1.56 / 100G"
    },
    {
        "category": "pantry",
        "href": "https://www.woolworths.com.au/shop/productdetails/575832/twinings-morning-tea",
        "imgName": "575832.jpg",
        "imgSrc": "https://cdn0.woolworths.media/content/wowproductimages/medium/575832.jpg",
        "name": "Twinings Morning Tea  100pk",
        "price": 11,
        "special": 7,
        "unitPrice": "$0.07 / 1EA"
    },
    {
        "category": "pantry",
        "href": "https://www.woolworths.com.au/shop/productdetails/34044/tom-piper-sausages-vegetables",
        "imgName": "034044.jpg",
        "imgSrc": "https://cdn0.woolworths.media/content/wowproductimages/medium/034044.jpg",
        "name": "Tom Piper Sausages & Vegetables 400g",
        "price": 3,
        "unitPrice": "$7.50 / 1KG"
    },
    {
        "category": "pantry",
        "href": "https://www.woolworths.com.au/shop/productdetails/604173/l-or-espresso-papua-coffee-capsule",
        "imgName": "604173.jpg",
        "imgSrc": "https://cdn0.woolworths.media/content/wowproductimages/medium/604173.jpg",
        "name": "L'or Espresso Papua Coffee Capsule 10pk 52g",
        "price": 6,
        "special": 4,
        "unitPrice": "$7.69 / 100G"
    },
    {
        "category": "pantry",
        "href": "https://www.woolworths.com.au/shop/productdetails/329304/jumpy-s-multipack-chicken-chips",
        "imgName": "329304.jpg",
        "imgSrc": "https://cdn0.woolworths.media/content/wowproductimages/medium/329304.jpg",
        "name": "Jumpy's Multipack Chicken Chips 6pk 108g",
        "price": 3.19,
        "unitPrice": "$2.95 / 100G"
    },
    {
        "category": "pantry",
        "href": "https://www.woolworths.com.au/shop/productdetails/600202/starburst-original-chewing-gum",
        "imgName": "600202.jpg",
        "imgSrc": "https://cdn0.woolworths.media/content/wowproductimages/medium/600202.jpg",
        "name": "Starburst Original Chewing Gum 28g",
        "price": 2,
        "special": 1.6,
        "unitPrice": "$5.71 / 100G"
    },
    {
        "category": "pantry",
        "href": "https://www.woolworths.com.au/shop/productdetails/46037/paul-newmans-dressings-ranch",
        "imgName": "046037.jpg",
        "imgSrc": "https://cdn0.woolworths.media/content/wowproductimages/medium/046037.jpg",
        "name": "Paul Newmans Dressings Ranch 250ml",
        "price": 4,
        "unitPrice": "$1.60 / 100ML"
    },
    {
        "category": "pantry",
        "href": "https://www.woolworths.com.au/shop/productdetails/5180/wrigley-s-extra-sugarfree-gum-spearmint",
        "imgName": "005180.jpg",
        "imgSrc": "https://cdn0.woolworths.media/content/wowproductimages/medium/005180.jpg",
        "name": "Wrigley's Extra Sugarfree Gum Spearmint 42pce 81g",
        "price": 4,
        "unitPrice": "$4.94 / 100G"
    },
    {
        "category": "pantry",
        "href": "https://www.woolworths.com.au/shop/productdetails/327943/aeroplane-jelly-creaming-soda",
        "imgName": "327943.jpg",
        "imgSrc": "https://cdn0.woolworths.media/content/wowproductimages/medium/327943.jpg",
        "name": "Aeroplane Jelly Creaming Soda 85g",
        "price": 1.15,
        "unitPrice": "$1.35 / 100G"
    },
    {
        "category": "pantry",
        "href": "https://www.woolworths.com.au/shop/productdetails/8838/arnott-s-shortbread",
        "imgName": "008838.jpg",
        "imgSrc": "https://cdn0.woolworths.media/content/wowproductimages/medium/008838.jpg",
        "name": "Arnott's Shortbread  250g",
        "price": 2.9,
        "special": 2.5,
        "unitPrice": "$1.00 / 100G"
    },
    {
        "category": "pantry",
        "href": "https://www.woolworths.com.au/shop/productdetails/33279/cottee-s-ice-magic-mint-chocolate",
        "imgName": "033279.jpg",
        "imgSrc": "https://cdn0.woolworths.media/content/wowproductimages/medium/033279.jpg",
        "name": "Cottee's Ice Magic Mint Chocolate 220g",
        "price": 3.95,
        "special": 3.2,
        "unitPrice": "$1.45 / 100G"
    },
    {
        "category": "pantry",
        "href": "https://www.woolworths.com.au/shop/productdetails/368778/woolworths-select-mustard-wholegrain",
        "imgName": "368778.jpg",
        "imgSrc": "https://cdn0.woolworths.media/content/wowproductimages/medium/368778.jpg",
        "name": "Woolworths Select Mustard Wholegrain 190g",
        "price": 2,
        "unitPrice": "$1.05 / 100G"
    },
    {
        "category": "pantry",
        "href": "https://www.woolworths.com.au/shop/productdetails/618383/cadbury-dairy-milk-mega-crunchie",
        "imgName": "618383.jpg",
        "imgSrc": "https://cdn0.woolworths.media/content/wowproductimages/medium/618383.jpg",
        "name": "Cadbury Dairy Milk Mega Crunchie  200g",
        "price": 5,
        "special": 3.5,
        "unitPrice": "$1.75 / 100G"
    },
    {
        "category": "pantry",
        "href": "https://www.woolworths.com.au/shop/productdetails/231567/wrigley-s-eclipse-mints-peppermint",
        "imgName": "231567.jpg",
        "imgSrc": "https://cdn0.woolworths.media/content/wowproductimages/medium/231567.jpg",
        "name": "Wrigley's Eclipse Mints Peppermint 34g",
        "price": 2.6,
        "special": 2,
        "unitPrice": "$5.88 / 100G"
    },
    {
        "category": "pantry",
        "href": "https://www.woolworths.com.au/shop/productdetails/793246/betty-crocker-gluten-free-devils-food-cake-mix",
        "imgName": "793246.jpg",
        "imgSrc": "https://cdn0.woolworths.media/content/wowproductimages/medium/793246.jpg",
        "name": "Betty Crocker Gluten Free Devils Food Cake Mix 550g",
        "price": 5.99,
        "unitPrice": "$1.09 / 100G"
    },
    {
        "category": "pantry",
        "href": "https://www.woolworths.com.au/shop/productdetails/770249/weight-watchers-coconut-delight-bars",
        "imgName": "770249.jpg",
        "imgSrc": "https://cdn0.woolworths.media/content/wowproductimages/medium/770249.jpg",
        "name": "Weight Watchers Coconut Delight Bars 5pk 105g",
        "price": 4,
        "unitPrice": "$3.81 / 100G"
    },
    {
        "category": "pantry",
        "href": "https://www.woolworths.com.au/shop/productdetails/228278/vicks-vapodrops-throat-lozenges-menthol",
        "imgName": "228278.jpg",
        "imgSrc": "https://cdn0.woolworths.media/content/wowproductimages/medium/228278.jpg",
        "name": "Vicks Vapodrops Throat Lozenges Menthol 3x10pk",
        "price": 4.25,
        "unitPrice": "$0.14 / 1EA"
    },
    {
        "category": "pantry",
        "href": "https://www.woolworths.com.au/shop/productdetails/716227/masterfoods-perfect-for-fish-coconut-lemon-myrtle-garlic",
        "imgName": "716227.jpg",
        "imgSrc": "https://cdn0.woolworths.media/content/wowproductimages/medium/716227.jpg",
        "name": "Masterfoods Perfect For Fish Coconut, Lemon Myrtle & Garlic 20g",
        "price": 2.5,
        "unitPrice": "$1.25 / 10G"
    },
    {
        "category": "pantry",
        "href": "https://www.woolworths.com.au/shop/productdetails/759827/masterfoods-marjoram-leaves",
        "imgName": "759827.jpg",
        "imgSrc": "https://cdn0.woolworths.media/content/wowproductimages/medium/759827.jpg",
        "name": "Masterfoods Marjoram Leaves 6g",
        "price": 2.6,
        "unitPrice": "$4.33 / 10G"
    },
    {
        "category": "pantry",
        "href": "https://www.woolworths.com.au/shop/productdetails/200130/bovril-cooking-additive",
        "imgName": "200130.jpg",
        "imgSrc": "https://cdn0.woolworths.media/content/wowproductimages/medium/200130.jpg",
        "name": "Bovril Cooking Additive  125g",
        "price": 6,
        "unitPrice": "$0.48 / 10G"
    },
    {
        "category": "pantry",
        "href": "https://www.woolworths.com.au/shop/productdetails/830601/mcvities-go-ahead-crispy-slices-sultana-forest-fruit-5x3p-",
        "imgName": "830601.jpg",
        "imgSrc": "https://cdn0.woolworths.media/content/wowproductimages/medium/830601.jpg",
        "name": "Mcvities Go Ahead Crispy Slices Sultana & Forest Fruit (5x3p) 218g",
        "price": 3.7,
        "unitPrice": "$1.70 / 100G"
    },
    {
        "category": "pantry",
        "href": "https://www.woolworths.com.au/shop/productdetails/772966/capilano-molasses",
        "imgName": "772966.jpg",
        "imgSrc": "https://cdn0.woolworths.media/content/wowproductimages/medium/772966.jpg",
        "name": "Capilano Molasses  500g",
        "price": 3.5,
        "unitPrice": "$0.70 / 100G"
    },
    {
        "category": "pantry",
        "href": "https://www.woolworths.com.au/shop/productdetails/355478/masterfoods-seasoning-all-purpose-pepper",
        "imgName": "355478.jpg",
        "imgSrc": "https://cdn0.woolworths.media/content/wowproductimages/medium/355478.jpg",
        "name": "Masterfoods Seasoning All Purpose Pepper 50g",
        "price": 3,
        "unitPrice": "$0.60 / 10G"
    },
    {
        "category": "pantry",
        "href": "https://www.woolworths.com.au/shop/productdetails/435300/carmans-honey-vanilla-cinnamon-gourmet-porridge-sachets",
        "imgName": "435300.jpg",
        "imgSrc": "https://cdn0.woolworths.media/content/wowproductimages/medium/435300.jpg",
        "name": "Carmans Honey, Vanilla & Cinnamon Gourmet Porridge Sachets 320g",
        "price": 5.7,
        "unitPrice": "$1.78 / 100G"
    },
    {
        "category": "pantry",
        "href": "https://www.woolworths.com.au/shop/productdetails/778314/health-attack-crispyfruits-mango",
        "imgName": "778314.jpg",
        "imgSrc": "https://cdn0.woolworths.media/content/wowproductimages/medium/778314.jpg",
        "name": "Health Attack Crispyfruits Mango 10g",
        "price": 1.5,
        "unitPrice": "$150.00 / 1KG"
    },
    {
        "category": "pantry",
        "href": "https://www.woolworths.com.au/shop/productdetails/574085/arnott-s-bites-caramel-crowns",
        "imgName": "574085.jpg",
        "imgSrc": "https://cdn0.woolworths.media/content/wowproductimages/medium/574085.jpg",
        "name": "Arnott's Bites Caramel Crowns 170g",
        "price": 4.4,
        "unitPrice": "$2.59 / 100G"
    },
    {
        "category": "pantry",
        "href": "https://www.woolworths.com.au/shop/productdetails/35816/ayam-plum-sauce",
        "imgName": "035816.jpg",
        "imgSrc": "https://cdn0.woolworths.media/content/wowproductimages/medium/035816.jpg",
        "name": "Ayam Plum Sauce 210ml",
        "price": 3.2,
        "unitPrice": "$1.52 / 100ML"
    },
    {
        "category": "pantry",
        "href": "https://www.woolworths.com.au/shop/productdetails/33817/lipton-quality-tips-loose-leaf-tea",
        "imgName": "033817.jpg",
        "imgSrc": "https://cdn0.woolworths.media/content/wowproductimages/medium/033817.jpg",
        "name": "Lipton Quality Tips Loose Leaf Tea 250g",
        "price": 4.39,
        "unitPrice": "$1.76 / 100G"
    },
    {
        "category": "pantry",
        "href": "https://www.woolworths.com.au/shop/productdetails/329808/meiji-biscuit-hello-panda-snacks-chocolate",
        "imgName": "329808.jpg",
        "imgSrc": "https://cdn0.woolworths.media/content/wowproductimages/medium/329808.jpg",
        "name": "Meiji Biscuit Hello Panda Snacks Chocolate 50g",
        "price": 1.9,
        "unitPrice": "$3.80 / 100G"
    },
    {
        "category": "pantry",
        "href": "https://www.woolworths.com.au/shop/productdetails/630644/uncle-tobys-chewy-oh-my-choc-muesli-bars-limited-edition-aussie-faves",
        "imgName": "630644.jpg",
        "imgSrc": "https://cdn0.woolworths.media/content/wowproductimages/medium/630644.jpg",
        "name": "Uncle Tobys Chewy Oh My Choc Muesli Bars Limited Edition Aussie Faves 185g",
        "price": 4,
        "unitPrice": "$2.16 / 100G"
    },
    {
        "category": "pantry",
        "href": "https://www.woolworths.com.au/shop/productdetails/35927/tandaco-one-pan-dinner-pasta-tomato-lasagne",
        "imgName": "035927.jpg",
        "imgSrc": "https://cdn0.woolworths.media/content/wowproductimages/medium/035927.jpg",
        "name": "Tandaco One Pan Dinner Pasta Tomato Lasagne 200g",
        "price": 5,
        "unitPrice": "$2.50 / 100G"
    },
    {
        "category": "pantry",
        "href": "https://www.woolworths.com.au/shop/productdetails/700845/spc-kids-crush-ups-tropical",
        "imgName": "700845.jpg",
        "imgSrc": "https://cdn0.woolworths.media/content/wowproductimages/medium/700845.jpg",
        "name": "Spc Kids Crush Ups Tropical 90g",
        "price": 1.4,
        "unitPrice": "$15.56 / 1KG"
    },
    {
        "category": "pantry",
        "href": "https://www.woolworths.com.au/shop/productdetails/142839/continental-cup-a-soup-asian-laksa",
        "imgName": "142839.jpg",
        "imgSrc": "https://cdn0.woolworths.media/content/wowproductimages/medium/142839.jpg",
        "name": "Continental Cup A Soup Asian Laksa 2pk 65g",
        "price": 2,
        "unitPrice": "$3.08 / 100G"
    },
    {
        "category": "pantry",
        "href": "https://www.woolworths.com.au/shop/productdetails/780359/uncle-tobys-quick-oats-sachets-fruit-variety",
        "imgName": "780359.jpg",
        "imgSrc": "https://cdn0.woolworths.media/content/wowproductimages/medium/780359.jpg",
        "name": "Uncle Tobys Quick Oats Sachets Fruit Variety 12pk 420g",
        "price": 5.5,
        "unitPrice": "$1.31 / 100G"
    },
    {
        "category": "pantry",
        "href": "https://www.woolworths.com.au/shop/productdetails/262166/nerada-organic-rosehip-tea-bags",
        "imgName": "262166.jpg",
        "imgSrc": "https://cdn0.woolworths.media/content/wowproductimages/medium/262166.jpg",
        "name": "Nerada Organic Rosehip Tea Bags 40pk 60g",
        "price": 5,
        "unitPrice": "$0.13 / 1EA"
    },
    {
        "category": "pantry",
        "href": "https://www.woolworths.com.au/shop/productdetails/957033/leggos-stir-through-tomato-garlic-caramelised-onion",
        "imgName": "957033.jpg",
        "imgSrc": "https://cdn0.woolworths.media/content/wowproductimages/medium/957033.jpg",
        "name": "Leggos Stir Through Tomato Garlic & Caramelised Onion 350g",
        "price": 3.99,
        "unitPrice": "$1.14 / 100G"
    },
    {
        "category": "pantry",
        "href": "https://www.woolworths.com.au/shop/productdetails/764856/masterfoods-simmer-sauce-honey-mustard-chicken",
        "imgName": "764856.jpg",
        "imgSrc": "https://cdn0.woolworths.media/content/wowproductimages/medium/764856.jpg",
        "name": "Masterfoods Simmer Sauce Honey Mustard Chicken 505g",
        "price": 3.69,
        "unitPrice": "$0.73 / 100G"
    },
    {
        "category": "pantry",
        "href": "https://www.woolworths.com.au/shop/productdetails/716127/macro-organic-white-rice-medium-grain",
        "imgName": "716127.jpg",
        "imgSrc": "https://cdn0.woolworths.media/content/wowproductimages/medium/716127.jpg",
        "name": "Macro Organic White Rice Medium Grain 1kg",
        "price": 4,
        "unitPrice": "$0.40 / 100G"
    },
    {
        "category": "pantry",
        "href": "https://www.woolworths.com.au/shop/productdetails/53389/wai-wai-noodles-rice-vermicelli-instant",
        "imgName": "053389.jpg",
        "imgSrc": "https://cdn0.woolworths.media/content/wowproductimages/medium/053389.jpg",
        "name": "Wai Wai Noodles Rice Vermicelli Instant 55g",
        "price": 0.7,
        "unitPrice": "$1.27 / 100G"
    },
    {
        "category": "pantry",
        "href": "https://www.woolworths.com.au/shop/productdetails/749392/pressed-purity-macadamia-oil",
        "imgName": "749392.jpg",
        "imgSrc": "https://cdn0.woolworths.media/content/wowproductimages/medium/749392.jpg",
        "name": "Pressed Purity Macadamia Oil  250ml",
        "price": 6,
        "unitPrice": "$2.40 / 100ML"
    },
    {
        "category": "pantry",
        "href": "https://www.woolworths.com.au/shop/productdetails/258585/lee-kum-kee-sauce-soy-salt-reduced",
        "imgName": "258585.jpg",
        "imgSrc": "https://cdn0.woolworths.media/content/wowproductimages/medium/258585.jpg",
        "name": "Lee Kum Kee Sauce Soy Salt Reduced 150ml",
        "price": 2.9,
        "unitPrice": "$1.93 / 100ML"
    },
    {
        "category": "pantry",
        "href": "https://www.woolworths.com.au/shop/productdetails/36370/uncle-tobys-natural-style-swiss-blend-muesli",
        "imgName": "036370.jpg",
        "imgSrc": "https://cdn0.woolworths.media/content/wowproductimages/medium/036370.jpg",
        "name": "Uncle Tobys Natural Style Swiss Blend Muesli 1kg",
        "price": 7.2,
        "unitPrice": "$0.72 / 100G"
    },
    {
        "category": "pantry",
        "href": "https://www.woolworths.com.au/shop/productdetails/443382/white-wings-cake-in-a-cup-double-chocolate",
        "imgName": "443382.jpg",
        "imgSrc": "https://cdn0.woolworths.media/content/wowproductimages/medium/443382.jpg",
        "name": "White Wings Cake In A Cup Double Chocolate 220g",
        "price": 5,
        "unitPrice": "$2.27 / 100G"
    },
    {
        "category": "pantry",
        "href": "https://www.woolworths.com.au/shop/productdetails/780739/jordans-chunky-nut-crispy-oat-clusters",
        "imgName": "780739.jpg",
        "imgSrc": "https://cdn0.woolworths.media/content/wowproductimages/medium/780739.jpg",
        "name": "Jordans Chunky Nut Crispy Oat Clusters 500g",
        "price": 7.18,
        "unitPrice": "$1.44 / 100G"
    },
    {
        "category": "pantry",
        "href": "https://www.woolworths.com.au/shop/productdetails/346893/republica-organic-coffee-beans-signature-blend",
        "imgName": "346893.jpg",
        "imgSrc": "https://cdn0.woolworths.media/content/wowproductimages/medium/346893.jpg",
        "name": "Republica Organic Coffee Beans Signature Blend 1kg",
        "price": 30,
        "unitPrice": "$3.00 / 100G"
    },
    {
        "category": "pantry",
        "href": "https://www.woolworths.com.au/shop/productdetails/710969/praise-whole-egg-mayonnaise-light",
        "imgName": "710969.jpg",
        "imgSrc": "https://cdn0.woolworths.media/content/wowproductimages/medium/710969.jpg",
        "name": "Praise Whole Egg Mayonnaise Light 380g",
        "price": 5,
        "unitPrice": "$1.32 / 100G"
    },
    {
        "category": "pantry",
        "href": "https://www.woolworths.com.au/shop/productdetails/377593/cobs-popcorn-sweet-salty-gluten-free",
        "imgName": "377593.jpg",
        "imgSrc": "https://cdn0.woolworths.media/content/wowproductimages/medium/377593.jpg",
        "name": "Cobs Popcorn Sweet & Salty Gluten Free 120g",
        "price": 2.85,
        "unitPrice": "$2.38 / 100G"
    },
    {
        "category": "pantry",
        "href": "https://www.woolworths.com.au/shop/productdetails/766937/sunrice-white-rice-low-gi",
        "imgName": "766937.jpg",
        "imgSrc": "https://cdn0.woolworths.media/content/wowproductimages/medium/766937.jpg",
        "name": "Sunrice White Rice Low Gi 750g",
        "price": 3.5,
        "unitPrice": "$0.47 / 100G"
    },
    {
        "category": "pantry",
        "href": "https://www.woolworths.com.au/shop/productdetails/827169/homebrand-sardines-in-tomato-sauce",
        "imgName": "827169.jpg",
        "imgSrc": "https://cdn0.woolworths.media/content/wowproductimages/medium/827169.jpg",
        "name": "Homebrand Sardines In Tomato Sauce  125g",
        "price": 0.65,
        "unitPrice": "$5.20 / 1KG"
    },
    {
        "category": "pantry",
        "href": "https://www.woolworths.com.au/shop/productdetails/160683/altimate-extra-thick-ice-cream-wafers",
        "imgName": "160683.jpg",
        "imgSrc": "https://cdn0.woolworths.media/content/wowproductimages/medium/160683.jpg",
        "name": "Altimate Extra Thick Ice Cream Wafers 80g",
        "price": 2.6,
        "unitPrice": "$3.25 / 100G"
    },
    {
        "category": "pantry",
        "href": "https://www.woolworths.com.au/shop/productdetails/368718/woolworths-oven-roasted-mixed-nuts",
        "imgName": "368718.jpg",
        "imgSrc": "https://cdn0.woolworths.media/content/wowproductimages/medium/368718.jpg",
        "name": "Woolworths Oven Roasted Mixed Nuts 200g",
        "price": 6,
        "unitPrice": "$30.00 / 1KG"
    },
    {
        "category": "pantry",
        "href": "https://www.woolworths.com.au/shop/productdetails/758299/dolmio-extra-pasta-sauce-spicy-peppers",
        "imgName": "758299.jpg",
        "imgSrc": "https://cdn0.woolworths.media/content/wowproductimages/medium/758299.jpg",
        "name": "Dolmio Extra Pasta Sauce Spicy Peppers 500g",
        "price": 3.29,
        "unitPrice": "$0.66 / 100G"
    },
    {
        "category": "pantry",
        "href": "https://www.woolworths.com.au/shop/productdetails/92971/masterfoods-seasoning-garlic-steak",
        "imgName": "092971.jpg",
        "imgSrc": "https://cdn0.woolworths.media/content/wowproductimages/medium/092971.jpg",
        "name": "Masterfoods Seasoning Garlic Steak 50g",
        "price": 3.4,
        "unitPrice": "$0.68 / 10G"
    },
    {
        "category": "pantry",
        "href": "https://www.woolworths.com.au/shop/productdetails/541542/john-west-street-asian-tuna-malaysian-curry",
        "imgName": "541542.jpg",
        "imgSrc": "https://cdn0.woolworths.media/content/wowproductimages/medium/541542.jpg",
        "name": "John West Street Asian Tuna Malaysian Curry 95g",
        "price": 2,
        "unitPrice": "$21.05 / 1KG"
    },
    {
        "category": "pantry",
        "href": "https://www.woolworths.com.au/shop/productdetails/1538/splenda-sweetener-granular",
        "imgName": "001538.jpg",
        "imgSrc": "https://cdn0.woolworths.media/content/wowproductimages/medium/001538.jpg",
        "name": "Splenda Sweetener Granular 120g",
        "price": 8.3,
        "unitPrice": "$6.92 / 100G"
    },
    {
        "category": "pantry",
        "href": "https://www.woolworths.com.au/shop/productdetails/741386/harvest-rice-bran-oil",
        "imgName": "741386.jpg",
        "imgSrc": "https://cdn0.woolworths.media/content/wowproductimages/medium/741386.jpg",
        "name": "Harvest Rice Bran Oil  1l",
        "price": 6,
        "unitPrice": "$0.60 / 100ML"
    },
    {
        "category": "pantry",
        "href": "https://www.woolworths.com.au/shop/productdetails/39236/orgran-no-egg-egg-replacer",
        "imgName": "039236.jpg",
        "imgSrc": "https://cdn0.woolworths.media/content/wowproductimages/medium/039236.jpg",
        "name": "Orgran No Egg Egg Replacer 200g",
        "price": 4,
        "unitPrice": "$2.00 / 100G"
    },
    {
        "category": "pantry",
        "href": "https://www.woolworths.com.au/shop/productdetails/226670/vittoria-coffee-oro-coffee-beans-oro",
        "imgName": "226670.jpg",
        "imgSrc": "https://cdn0.woolworths.media/content/wowproductimages/medium/226670.jpg",
        "name": "Vittoria Coffee Oro Coffee Beans Oro 500g",
        "price": 20,
        "unitPrice": "$4.00 / 100G"
    },
    {
        "category": "pantry",
        "href": "https://www.woolworths.com.au/shop/productdetails/97941/continental-cup-a-soup-creamy-garden-vegetable",
        "imgName": "097941.jpg",
        "imgSrc": "https://cdn0.woolworths.media/content/wowproductimages/medium/097941.jpg",
        "name": "Continental Cup A Soup Creamy Garden Vegetable 2pk 70g",
        "price": 2,
        "unitPrice": "$2.86 / 100G"
    },
    {
        "category": "pantry",
        "href": "https://www.woolworths.com.au/shop/productdetails/194993/taylors-simmer-sauce-thai-green-curry",
        "imgName": "194993.jpg",
        "imgSrc": "https://cdn0.woolworths.media/content/wowproductimages/medium/194993.jpg",
        "name": "Taylors Simmer Sauce Thai Green Curry 500g",
        "price": 3.79,
        "unitPrice": "$0.76 / 100G"
    },
    {
        "category": "pantry",
        "href": "https://www.woolworths.com.au/shop/productdetails/97190/hoyts-chilli-dry",
        "imgName": "097190.jpg",
        "imgSrc": "https://cdn0.woolworths.media/content/wowproductimages/medium/097190.jpg",
        "name": "Hoyts Chilli Dry 25g",
        "price": 1.8,
        "unitPrice": "$0.72 / 10G"
    },
    {
        "category": "pantry",
        "href": "https://www.woolworths.com.au/shop/productdetails/33977/edgell-asparagus-spears",
        "imgName": "033977.jpg",
        "imgSrc": "https://cdn0.woolworths.media/content/wowproductimages/medium/033977.jpg",
        "name": "Edgell Asparagus Spears 425g",
        "price": 4.75,
        "unitPrice": "$11.18 / 1KG"
    },
    {
        "category": "pantry",
        "href": "https://www.woolworths.com.au/shop/productdetails/724085/kellogg-s-k-time-twist-raspberries-apple",
        "imgName": "724085.jpg",
        "imgSrc": "https://cdn0.woolworths.media/content/wowproductimages/medium/724085.jpg",
        "name": "Kellogg's K-time Twist Raspberries & Apple 185gm",
        "price": 4,
        "unitPrice": "$2.16 / 100G"
    },
    {
        "category": "pantry",
        "href": "https://www.woolworths.com.au/shop/productdetails/308171/savour-canned-spicy-beans-broad",
        "imgName": "308171.jpg",
        "imgSrc": "https://cdn0.woolworths.media/content/wowproductimages/medium/308171.jpg",
        "name": "Savour Canned Spicy Beans Broad 100g",
        "price": 1.95,
        "unitPrice": "$19.50 / 1KG"
    },
    {
        "category": "pantry",
        "href": "https://www.woolworths.com.au/shop/productdetails/466184/king-oscar-mackerel-in-brine",
        "imgName": "466184.jpg",
        "imgSrc": "https://cdn0.woolworths.media/content/wowproductimages/medium/466184.jpg",
        "name": "King Oscar Mackerel In Brine 115g",
        "price": 3.3,
        "unitPrice": "$28.70 / 1KG"
    },
    {
        "category": "pantry",
        "href": "https://www.woolworths.com.au/shop/productdetails/94317/homebrand-canola-oil-spray",
        "imgName": "094317.jpg",
        "imgSrc": "https://cdn0.woolworths.media/content/wowproductimages/medium/094317.jpg",
        "name": "Homebrand Canola Oil Spray 400g",
        "price": 1.85,
        "unitPrice": "$0.46 / 100G"
    },
    {
        "category": "pantry",
        "href": "https://www.woolworths.com.au/shop/productdetails/213293/altimate-waffle-ice-cream-cones",
        "imgName": "213293.jpg",
        "imgSrc": "https://cdn0.woolworths.media/content/wowproductimages/medium/213293.jpg",
        "name": "Altimate Waffle Ice Cream Cones 12pk",
        "price": 4.2,
        "unitPrice": "$2.80 / 100G"
    },
    {
        "category": "pantry",
        "href": "https://www.woolworths.com.au/shop/productdetails/438612/beechworth-bee-cause-bush-honey",
        "imgName": "438612.jpg",
        "imgSrc": "https://cdn0.woolworths.media/content/wowproductimages/medium/438612.jpg",
        "name": "Beechworth Bee Cause Bush Honey 400g",
        "price": 7,
        "unitPrice": "$1.75 / 100G"
    },
    {
        "category": "pantry",
        "href": "https://www.woolworths.com.au/shop/productdetails/113817/doritos-salsa-medium",
        "imgName": "113817.jpg",
        "imgSrc": "https://cdn0.woolworths.media/content/wowproductimages/medium/113817.jpg",
        "name": "Doritos Salsa Medium 300g",
        "price": 2.99,
        "unitPrice": "$1.00 / 100G"
    },
    {
        "category": "pantry",
        "href": "https://www.woolworths.com.au/shop/productdetails/214325/sandhurst-tomatoes-semi-dried-canola-oil",
        "imgName": "214325.jpg",
        "imgSrc": "https://cdn0.woolworths.media/content/wowproductimages/medium/214325.jpg",
        "name": "Sandhurst Tomatoes Semi Dried Canola Oil 270g",
        "price": 4.6,
        "unitPrice": "$17.04 / 1KG"
    },
    {
        "category": "pantry",
        "href": "https://www.woolworths.com.au/shop/productdetails/122361/nissin-noodles-instant-tonkotsu",
        "imgName": "122361.jpg",
        "imgSrc": "https://cdn0.woolworths.media/content/wowproductimages/medium/122361.jpg",
        "name": "Nissin Noodles Instant Tonkotsu 100g",
        "price": 1.3,
        "unitPrice": "$1.30 / 100G"
    },
    {
        "category": "pantry",
        "href": "https://www.woolworths.com.au/shop/productdetails/931137/twinings-peppermint-lime-tea-bags",
        "imgName": "931137.jpg",
        "imgSrc": "https://cdn0.woolworths.media/content/wowproductimages/medium/931137.jpg",
        "name": "Twinings Peppermint & Lime Tea Bags 10pk",
        "price": 2.7,
        "unitPrice": "$0.27 / 1EA"
    },
    {
        "category": "pantry",
        "href": "https://www.woolworths.com.au/shop/productdetails/788558/beerenberg-relish-spicy-bbq-caramelised-onion",
        "imgName": "788558.jpg",
        "imgSrc": "https://cdn0.woolworths.media/content/wowproductimages/medium/788558.jpg",
        "name": "Beerenberg Relish Spicy Bbq Caramelised Onion 280g",
        "price": 5,
        "unitPrice": "$17.86 / 1KG"
    },
    {
        "category": "pantry",
        "href": "https://www.woolworths.com.au/shop/productdetails/958003/twinings-summer-berry-green-tea",
        "imgName": "958003.jpg",
        "imgSrc": "https://cdn0.woolworths.media/content/wowproductimages/medium/958003.jpg",
        "name": "Twinings Summer Berry Green Tea 15pk",
        "price": 5,
        "unitPrice": "$0.33 / 1EA"
    },
    {
        "category": "pantry",
        "href": "https://www.woolworths.com.au/shop/productdetails/8519/golden-days-snacks-sesame-snaps",
        "imgName": "008519.jpg",
        "imgSrc": "https://cdn0.woolworths.media/content/wowproductimages/medium/008519.jpg",
        "name": "Golden Days Snacks Sesame Snaps 3x40g",
        "price": 2.3,
        "unitPrice": "$1.92 / 100G"
    },
    {
        "category": "pantry",
        "href": "https://www.woolworths.com.au/shop/productdetails/323394/masterfoods-slow-cooker-lamb-casserole",
        "imgName": "323394.jpg",
        "imgSrc": "https://cdn0.woolworths.media/content/wowproductimages/medium/323394.jpg",
        "name": "Masterfoods Slow Cooker Lamb Casserole 175g",
        "price": 2.19,
        "unitPrice": "$1.25 / 100G"
    },
    {
        "category": "pantry",
        "href": "https://www.woolworths.com.au/shop/productdetails/90000423/breakfast-on-the-go-h2coco-coffee-coconut-water-belvita-bar-bundle",
        "imgName": "90000423.jpg",
        "imgSrc": "https://cdn0.woolworths.media/content/wowproductimages/medium/90000423.jpg",
        "name": "Breakfast On The Go H2coco Coffee Coconut Water & Belvita Bar Bundle",
        "price": 8
    },
    {
        "category": "pantry",
        "href": "https://www.woolworths.com.au/shop/productdetails/90000639/sunrice-microwave-white-long-grain-rice-250g-x6-bundle",
        "imgName": "90000639.jpg",
        "imgSrc": "https://cdn0.woolworths.media/content/wowproductimages/medium/90000639.jpg",
        "name": "Sunrice Microwave White Long Grain Rice 250g X6 Bundle",
        "price": 11,
        "unitPrice": "$0.73 / 100G"
    },
    {
        "category": "pantry",
        "href": "https://www.woolworths.com.au/shop/productdetails/90000249/ardmona-rich-thick-basil-garlic-tomatoes-410g-x12-bundle",
        "imgName": "90000249.jpg",
        "imgSrc": "https://cdn0.woolworths.media/content/wowproductimages/medium/90000249.jpg",
        "name": "Ardmona Rich & Thick Basil & Garlic Tomatoes 410g X12 Bundle",
        "price": 18,
        "unitPrice": "$3.66 / 1KG"
    },
    {
        "category": "pantry",
        "href": "https://www.woolworths.com.au/shop/productdetails/297889/old-el-paso-mexican-light-tortillas",
        "imgName": "297889.jpg",
        "imgSrc": "https://cdn0.woolworths.media/content/wowproductimages/medium/297889.jpg",
        "name": "Old El Paso Mexican Light Tortillas 6pk 240g",
        "price": 3,
        "unitPrice": "$1.25 / 100G"
    },
    {
        "category": "pantry",
        "href": "https://www.woolworths.com.au/shop/productdetails/34434/cornwells-mint-sauce-mint",
        "imgName": "034434.jpg",
        "imgSrc": "https://cdn0.woolworths.media/content/wowproductimages/medium/034434.jpg",
        "name": "Cornwells Mint Sauce Mint 200ml",
        "price": 1.95,
        "unitPrice": "$0.98 / 100ML"
    },
    {
        "category": "pantry",
        "href": "https://www.woolworths.com.au/shop/productdetails/705262/macro-organic-chutney-tomato",
        "imgName": "705262.jpg",
        "imgSrc": "https://cdn0.woolworths.media/content/wowproductimages/medium/705262.jpg",
        "name": "Macro Organic Chutney Tomato 275g",
        "price": 3.6,
        "unitPrice": "$13.09 / 1KG"
    },
    {
        "category": "pantry",
        "href": "https://www.woolworths.com.au/shop/productdetails/250962/leggo-s-passata-sauce-sugo-di-pomodoro",
        "imgName": "250962.jpg",
        "imgSrc": "https://cdn0.woolworths.media/content/wowproductimages/medium/250962.jpg",
        "name": "Leggo's Passata Sauce Sugo Di Pomodoro 700g",
        "price": 2.91,
        "unitPrice": "$0.42 / 100G"
    },
    {
        "category": "pantry",
        "href": "https://www.woolworths.com.au/shop/productdetails/230533/woolworths-select-asian-sauce-hoi-sin",
        "imgName": "230533.jpg",
        "imgSrc": "https://cdn0.woolworths.media/content/wowproductimages/medium/230533.jpg",
        "name": "Woolworths Select Asian Sauce Hoi Sin 320ml",
        "price": 2.39,
        "unitPrice": "$0.75 / 100ML"
    },
    {
        "category": "pantry",
        "href": "https://www.woolworths.com.au/shop/productdetails/763574/spc-kids-crush-ups-mango",
        "imgName": "763574.jpg",
        "imgSrc": "https://cdn0.woolworths.media/content/wowproductimages/medium/763574.jpg",
        "name": "Spc Kids Crush Ups Mango 90g",
        "price": 1.4,
        "unitPrice": "$15.56 / 1KG"
    },
    {
        "category": "pantry",
        "href": "https://www.woolworths.com.au/shop/productdetails/901141/snack-seeds-fruit-nut",
        "imgName": "901141.jpg",
        "imgSrc": "https://cdn0.woolworths.media/content/wowproductimages/medium/901141.jpg",
        "name": "Snack Seeds Fruit & Nut  400g",
        "price": 7,
        "unitPrice": "$17.50 / 1KG"
    },
    {
        "category": "pantry",
        "href": "https://www.woolworths.com.au/shop/productdetails/21997/nissin-noodle-soup-sesame-oil",
        "imgName": "021997.jpg",
        "imgSrc": "https://cdn0.woolworths.media/content/wowproductimages/medium/021997.jpg",
        "name": "Nissin Noodle Soup Sesame Oil 100g",
        "price": 1.3,
        "unitPrice": "$1.30 / 100G"
    },
    {
        "category": "pantry",
        "href": "https://www.woolworths.com.au/shop/productdetails/47036/masterfoods-bouquet-garni-sachet",
        "imgName": "047036.jpg",
        "imgSrc": "https://cdn0.woolworths.media/content/wowproductimages/medium/047036.jpg",
        "name": "Masterfoods Bouquet Garni Sachet 4g",
        "price": 3.59,
        "unitPrice": "$8.98 / 10G"
    },
    {
        "category": "pantry",
        "href": "https://www.woolworths.com.au/shop/productdetails/8675/hoyts-sesame-seeds-jar",
        "imgName": "008675.jpg",
        "imgSrc": "https://cdn0.woolworths.media/content/wowproductimages/medium/008675.jpg",
        "name": "Hoyts Sesame Seeds Jar 230g",
        "price": 4.5,
        "unitPrice": "$0.20 / 10G"
    },
    {
        "category": "pantry",
        "href": "https://www.woolworths.com.au/shop/productdetails/872593/woolworths-brisling-sardines-in-tomato-sauce",
        "imgName": "872593.jpg",
        "imgSrc": "https://cdn0.woolworths.media/content/wowproductimages/medium/872593.jpg",
        "name": "Woolworths Brisling Sardines In Tomato Sauce 110g",
        "price": 1.4,
        "unitPrice": "$12.73 / 1KG"
    },
    {
        "category": "pantry",
        "href": "https://www.woolworths.com.au/shop/productdetails/552489/woolworths-long-grain-rice-microwave-cups",
        "imgName": "552489.jpg",
        "imgSrc": "https://cdn0.woolworths.media/content/wowproductimages/medium/552489.jpg",
        "name": "Woolworths Long Grain Rice Microwave Cups 125g",
        "price": 2,
        "unitPrice": "$0.80 / 100G"
    },
    {
        "category": "pantry",
        "href": "https://www.woolworths.com.au/shop/productdetails/226931/hoyts-garam-masala",
        "imgName": "226931.jpg",
        "imgSrc": "https://cdn0.woolworths.media/content/wowproductimages/medium/226931.jpg",
        "name": "Hoyts Garam Masala  25g",
        "price": 2.1,
        "unitPrice": "$0.84 / 10G"
    },
    {
        "category": "pantry",
        "href": "https://www.woolworths.com.au/shop/productdetails/775116/woolworths-roasted-salted-macadamias",
        "imgName": "775116.jpg",
        "imgSrc": "https://cdn0.woolworths.media/content/wowproductimages/medium/775116.jpg",
        "name": "Woolworths Roasted & Salted Macadamias  120g",
        "price": 6,
        "unitPrice": "$50.00 / 1KG"
    },
    {
        "category": "pantry",
        "href": "https://www.woolworths.com.au/shop/productdetails/47300/mrs-balls-chutney-hot",
        "imgName": "047300.jpg",
        "imgSrc": "https://cdn0.woolworths.media/content/wowproductimages/medium/047300.jpg",
        "name": "Mrs. Balls Chutney Hot 470g",
        "price": 4,
        "unitPrice": "$8.51 / 1KG"
    },
    {
        "category": "pantry",
        "href": "https://www.woolworths.com.au/shop/productdetails/931004/edgell-red-kidney-bean-salad",
        "imgName": "931004.jpg",
        "imgSrc": "https://cdn0.woolworths.media/content/wowproductimages/medium/931004.jpg",
        "name": "Edgell Red Kidney Bean Salad  200g",
        "price": 3.5,
        "unitPrice": "$17.50 / 1KG"
    },
    {
        "category": "pantry",
        "href": "https://www.woolworths.com.au/shop/productdetails/352822/healtheries-kidscare-rice-snacks-wheels-burger",
        "imgName": "352822.jpg",
        "imgSrc": "https://cdn0.woolworths.media/content/wowproductimages/medium/352822.jpg",
        "name": "Healtheries Kidscare Rice Snacks Wheels Burger 10pk 180g",
        "price": 5.39,
        "unitPrice": "$2.99 / 100G"
    },
    {
        "category": "pantry",
        "href": "https://www.woolworths.com.au/shop/productdetails/943302/riviana-sliced-water-chestnuts",
        "imgName": "943302.jpg",
        "imgSrc": "https://cdn0.woolworths.media/content/wowproductimages/medium/943302.jpg",
        "name": "Riviana Sliced Water Chestnuts  230g",
        "price": 1.7,
        "unitPrice": "$7.39 / 1KG"
    },
    {
        "category": "pantry",
        "href": "https://www.woolworths.com.au/shop/productdetails/30872/arnott-s-tic-toc-biscuits",
        "imgName": "030872.jpg",
        "imgSrc": "https://cdn0.woolworths.media/content/wowproductimages/medium/030872.jpg",
        "name": "Arnott's Tic Toc Biscuits  250g",
        "price": 3.05,
        "unitPrice": "$1.22 / 100G"
    },
    {
        "category": "pantry",
        "href": "https://www.woolworths.com.au/shop/productdetails/33364/dollar-sweets-sprinkles-fives",
        "imgName": "033364.jpg",
        "imgSrc": "https://cdn0.woolworths.media/content/wowproductimages/medium/033364.jpg",
        "name": "Dollar Sweets Sprinkles Fives 125g",
        "price": 2,
        "unitPrice": "$1.60 / 100G"
    },
    {
        "category": "pantry",
        "href": "https://www.woolworths.com.au/shop/productdetails/70348/hoyts-seasoning-lemon-pepper",
        "imgName": "070348.jpg",
        "imgSrc": "https://cdn0.woolworths.media/content/wowproductimages/medium/070348.jpg",
        "name": "Hoyts Seasoning Lemon & Pepper 50g",
        "price": 2.15,
        "unitPrice": "$0.43 / 10G"
    },
    {
        "category": "pantry",
        "href": "https://www.woolworths.com.au/shop/productdetails/256680/pataks-paste-curry-tandoori",
        "imgName": "256680.jpg",
        "imgSrc": "https://cdn0.woolworths.media/content/wowproductimages/medium/256680.jpg",
        "name": "Pataks Paste Curry Tandoori 295g",
        "price": 5.5,
        "unitPrice": "$1.86 / 100G"
    },
    {
        "category": "pantry",
        "href": "https://www.woolworths.com.au/shop/productdetails/632125/birch-waite-coleslaw-dressing",
        "imgName": "632125.jpg",
        "imgSrc": "https://cdn0.woolworths.media/content/wowproductimages/medium/632125.jpg",
        "name": "Birch & Waite Coleslaw Dressing  250ml",
        "price": 5,
        "unitPrice": "$2.00 / 100ML"
    },
    {
        "category": "pantry",
        "href": "https://www.woolworths.com.au/shop/productdetails/344/mckenzie-s-acid-citric",
        "imgName": "000344.jpg",
        "imgSrc": "https://cdn0.woolworths.media/content/wowproductimages/medium/000344.jpg",
        "name": "Mckenzie's Acid Citric  75g",
        "price": 2.25,
        "unitPrice": "$3.00 / 100G"
    },
    {
        "category": "pantry",
        "href": "https://www.woolworths.com.au/shop/productdetails/38576/king-oscar-sardines-in-soya-oil",
        "imgName": "038576.jpg",
        "imgSrc": "https://cdn0.woolworths.media/content/wowproductimages/medium/038576.jpg",
        "name": "King Oscar Sardines In Soya Oil 105g",
        "price": 3.3,
        "unitPrice": "$31.43 / 1KG"
    },
    {
        "category": "pantry",
        "href": "https://www.woolworths.com.au/shop/productdetails/87173/nestle-rolo",
        "imgName": "087173.jpg",
        "imgSrc": "https://cdn0.woolworths.media/content/wowproductimages/medium/087173.jpg",
        "name": "Nestle Rolo  200g block",
        "price": 4.5,
        "unitPrice": "$2.25 / 100G"
    },
    {
        "category": "pantry",
        "href": "https://www.woolworths.com.au/shop/productdetails/87275/twinings-chamomile-spearmint-tea-bags",
        "imgName": "087275.jpg",
        "imgSrc": "https://cdn0.woolworths.media/content/wowproductimages/medium/087275.jpg",
        "name": "Twinings Chamomile & Spearmint Tea Bags 10pk 15g",
        "price": 2.7,
        "unitPrice": "$18.00 / 100G"
    },
    {
        "category": "pantry",
        "href": "https://www.woolworths.com.au/shop/productdetails/233925/woolworths-crunchy-peanut-butter",
        "imgName": "233925.jpg",
        "imgSrc": "https://cdn0.woolworths.media/content/wowproductimages/medium/233925.jpg",
        "name": "Woolworths Crunchy Peanut Butter 500g",
        "price": 4,
        "unitPrice": "$0.80 / 100G"
    },
    {
        "category": "pantry",
        "href": "https://www.woolworths.com.au/shop/productdetails/794766/massel-7-s-chicken-cubes-gluten-free",
        "imgName": "794766.jpg",
        "imgSrc": "https://cdn0.woolworths.media/content/wowproductimages/medium/794766.jpg",
        "name": "Massel 7's Chicken Cubes Gluten Free 35g",
        "price": 1,
        "unitPrice": "$0.29 / 10G"
    },
    {
        "category": "pantry",
        "href": "https://www.woolworths.com.au/shop/productdetails/750394/la-zuppa-soup-pouch-rustic-vegetable",
        "imgName": "750394.jpg",
        "imgSrc": "https://cdn0.woolworths.media/content/wowproductimages/medium/750394.jpg",
        "name": "La Zuppa Soup Pouch Rustic Vegetable 540g",
        "price": 4.4,
        "unitPrice": "$0.81 / 100G"
    },
    {
        "category": "pantry",
        "href": "https://www.woolworths.com.au/shop/productdetails/188087/illy-ground-coffee-espresso",
        "imgName": "188087.jpg",
        "imgSrc": "https://cdn0.woolworths.media/content/wowproductimages/medium/188087.jpg",
        "name": "Illy Ground Coffee Espresso 250g",
        "price": 15,
        "unitPrice": "$6.00 / 100G"
    },
    {
        "category": "pantry",
        "href": "https://www.woolworths.com.au/shop/productdetails/427360/lipton-green-tea-joyful-jasmine",
        "imgName": "427360.jpg",
        "imgSrc": "https://cdn0.woolworths.media/content/wowproductimages/medium/427360.jpg",
        "name": "Lipton Green Tea Joyful Jasmine 40pk",
        "price": 4.79,
        "unitPrice": "$0.12 / 1EA"
    },
    {
        "category": "pantry",
        "href": "https://www.woolworths.com.au/shop/productdetails/693762/woolworths-select-salmon-naturally-smoked",
        "imgName": "693762.jpg",
        "imgSrc": "https://cdn0.woolworths.media/content/wowproductimages/medium/693762.jpg",
        "name": "Woolworths Select Salmon Naturally Smoked 95g",
        "price": 1.2,
        "unitPrice": "$12.63 / 1KG"
    },
    {
        "category": "pantry",
        "href": "https://www.woolworths.com.au/shop/productdetails/799385/woolworths-select-chicken-curry-pasta",
        "imgName": "799385.jpg",
        "imgSrc": "https://cdn0.woolworths.media/content/wowproductimages/medium/799385.jpg",
        "name": "Woolworths Select Chicken Curry Pasta 125g",
        "price": 1,
        "unitPrice": "$0.80 / 100G"
    },
    {
        "category": "pantry",
        "href": "https://www.woolworths.com.au/shop/productdetails/318280/qi-wellness-organic-detox-green-tea-bags",
        "imgName": "318280.jpg",
        "imgSrc": "https://cdn0.woolworths.media/content/wowproductimages/medium/318280.jpg",
        "name": "Qi Wellness Organic Detox Green Tea Bags 25pk 40g",
        "price": 5,
        "unitPrice": "$12.50 / 100G"
    },
    {
        "category": "pantry",
        "href": "https://www.woolworths.com.au/shop/productdetails/843228/grill-mates-smokehouse-bbq-sauce",
        "imgName": "843228.jpg",
        "imgSrc": "https://cdn0.woolworths.media/content/wowproductimages/medium/843228.jpg",
        "name": "Grill Mates Smokehouse Bbq Sauce 500ml",
        "price": 4.49,
        "unitPrice": "$0.90 / 100ML"
    },
    {
        "category": "pantry",
        "href": "https://www.woolworths.com.au/shop/productdetails/297788/aussie-drops-eucalyptus-drops-eucalyptus-share-pack",
        "imgName": "297788.jpg",
        "imgSrc": "https://cdn0.woolworths.media/content/wowproductimages/medium/297788.jpg",
        "name": "Aussie Drops Eucalyptus Drops Eucalyptus Share Pack 150g bag",
        "price": 3,
        "unitPrice": "$2.00 / 100G"
    },
    {
        "category": "pantry",
        "href": "https://www.woolworths.com.au/shop/productdetails/310714/mamee-rice-snacks-sticks-cheese-flavour",
        "imgName": "310714.jpg",
        "imgSrc": "https://cdn0.woolworths.media/content/wowproductimages/medium/310714.jpg",
        "name": "Mamee Rice Snacks Sticks Cheese Flavour 200g",
        "price": 5.99,
        "unitPrice": "$3.00 / 100G"
    },
    {
        "category": "pantry",
        "href": "https://www.woolworths.com.au/shop/productdetails/720084/masterfoods-recipe-base-chilli-con-carne",
        "imgName": "720084.jpg",
        "imgSrc": "https://cdn0.woolworths.media/content/wowproductimages/medium/720084.jpg",
        "name": "Masterfoods Recipe Base Chilli Con Carne 40g",
        "price": 2.29,
        "unitPrice": "$5.73 / 100G"
    },
    {
        "category": "pantry",
        "href": "https://www.woolworths.com.au/shop/productdetails/780867/street-kitchen-cooking-north-indian-butter-chicken",
        "imgName": "780867.jpg",
        "imgSrc": "https://cdn0.woolworths.media/content/wowproductimages/medium/780867.jpg",
        "name": "Street Kitchen Cooking North Indian Butter Chicken 255g",
        "price": 4.5,
        "unitPrice": "$1.76 / 100G"
    },
    {
        "category": "pantry",
        "href": "https://www.woolworths.com.au/shop/productdetails/799387/woolworths-select-mushroom-chicken-garlic-pasta",
        "imgName": "799387.jpg",
        "imgSrc": "https://cdn0.woolworths.media/content/wowproductimages/medium/799387.jpg",
        "name": "Woolworths Select Mushroom Chicken & Garlic Pasta 125g",
        "price": 1,
        "unitPrice": "$0.80 / 100G"
    },
    {
        "category": "pantry",
        "href": "https://www.woolworths.com.au/shop/productdetails/429976/uncle-tobys-o-g-granola-cashew-almond-quinoa",
        "imgName": "429976.jpg",
        "imgSrc": "https://cdn0.woolworths.media/content/wowproductimages/medium/429976.jpg",
        "name": "Uncle Tobys O&g Granola Cashew Almond & Quinoa 450g",
        "price": 5.99,
        "unitPrice": "$1.33 / 100G"
    },
    {
        "category": "pantry",
        "href": "https://www.woolworths.com.au/shop/productdetails/758323/dolmio-extra-pasta-sauce-mushroom",
        "imgName": "758323.jpg",
        "imgSrc": "https://cdn0.woolworths.media/content/wowproductimages/medium/758323.jpg",
        "name": "Dolmio Extra Pasta Sauce Mushroom 500g",
        "price": 3.29,
        "unitPrice": "$0.66 / 100G"
    },
    {
        "category": "pantry",
        "href": "https://www.woolworths.com.au/shop/productdetails/757524/continental-cook-in-bag-recipe-base-roasted-garlic-herbs",
        "imgName": "757524.jpg",
        "imgSrc": "https://cdn0.woolworths.media/content/wowproductimages/medium/757524.jpg",
        "name": "Continental Cook-in-bag Recipe Base Roasted Garlic & Herbs 40g",
        "price": 2.5,
        "unitPrice": "$6.25 / 100G"
    },
    {
        "category": "pantry",
        "href": "https://www.woolworths.com.au/shop/productdetails/90000633/riviana-basmati-rice-pakistan-long-grain-5kg-x3-bundle",
        "imgName": "90000633.jpg",
        "imgSrc": "https://cdn0.woolworths.media/content/wowproductimages/medium/90000633.jpg",
        "name": "Riviana Basmati Rice Pakistan Long Grain 5kg X3 Bundle",
        "price": 35,
        "unitPrice": "$0.23 / 100G"
    },
    {
        "category": "pantry",
        "href": "https://www.woolworths.com.au/shop/productdetails/90000869/moccona-latte-10pk-x-3-bundle",
        "imgName": "90000869.jpg",
        "imgSrc": "https://cdn0.woolworths.media/content/wowproductimages/medium/90000869.jpg",
        "name": "Moccona Latte 10pk X 3 Bundle",
        "price": 10,
        "unitPrice": "$2.22 / G"
    },
    {
        "category": "pantry",
        "href": "https://www.woolworths.com.au/shop/productdetails/90000827/doritos-cheese-supreme-60g-x-12-bundle",
        "imgName": "90000827.jpg",
        "imgSrc": "https://cdn0.woolworths.media/content/wowproductimages/medium/90000827.jpg",
        "name": "Doritos Cheese Supreme 60g X 12 Bundle",
        "price": 12,
        "unitPrice": "$1.67 / G"
    },
    {
        "category": "pantry",
        "href": "https://www.woolworths.com.au/shop/productdetails/90000632/sunrice-white-medium-calrose-grain-rice-10kg-x3k-bundle",
        "imgName": "90000632.jpg",
        "imgSrc": "https://cdn0.woolworths.media/content/wowproductimages/medium/90000632.jpg",
        "name": "Sunrice White Medium Calrose Grain Rice 10kg X3k Bundle",
        "price": 55,
        "unitPrice": "$0.18 / 100G"
    },
    {
        "category": "pantry",
        "href": "https://www.woolworths.com.au/shop/productdetails/90000636/sunrice-brown-rice-low-gi-750g-x6-bundle",
        "imgName": "90000636.jpg",
        "imgSrc": "https://cdn0.woolworths.media/content/wowproductimages/medium/90000636.jpg",
        "name": "Sunrice Brown Rice Low Gi 750g X6 Bundle",
        "price": 15,
        "unitPrice": "$0.33 / 100G"
    },
    {
        "category": "pantry",
        "href": "https://www.woolworths.com.au/shop/productdetails/867860/carman-s-cranberry-blueberry-oat-slice",
        "imgName": "867860.jpg",
        "imgSrc": "https://cdn0.woolworths.media/content/wowproductimages/medium/867860.jpg",
        "name": "Carman's Cranberry & Blueberry Oat Slice 6pk 210g",
        "price": 5.6,
        "unitPrice": "$2.67 / 100G"
    },
    {
        "category": "pantry",
        "href": "https://www.woolworths.com.au/shop/productdetails/32928/continental-cup-a-soup-classic-hearty-beef",
        "imgName": "032928.jpg",
        "imgSrc": "https://cdn0.woolworths.media/content/wowproductimages/medium/032928.jpg",
        "name": "Continental Cup A Soup Classic Hearty Beef 4pk 55g",
        "price": 2,
        "unitPrice": "$3.64 / 100G"
    },
    {
        "category": "pantry",
        "href": "https://www.woolworths.com.au/shop/productdetails/38647/continental-dried-vegetables-minted-peas",
        "imgName": "038647.jpg",
        "imgSrc": "https://cdn0.woolworths.media/content/wowproductimages/medium/038647.jpg",
        "name": "Continental Dried Vegetables & Minted Peas 55g",
        "price": 2.55,
        "unitPrice": "$46.36 / 1KG"
    },
    {
        "category": "pantry",
        "href": "https://www.woolworths.com.au/shop/productdetails/33847/robertsons-fruit-mix-mince",
        "imgName": "033847.jpg",
        "imgSrc": "https://cdn0.woolworths.media/content/wowproductimages/medium/033847.jpg",
        "name": "Robertsons Fruit Mix Mince 410g",
        "price": 4.5,
        "unitPrice": "$10.98 / 1KG"
    },
    {
        "category": "pantry",
        "href": "https://www.woolworths.com.au/shop/productdetails/8242/maggi-fish-sauce",
        "imgName": "008242.jpg",
        "imgSrc": "https://cdn0.woolworths.media/content/wowproductimages/medium/008242.jpg",
        "name": "Maggi Fish Sauce  300ml",
        "price": 3,
        "unitPrice": "$1.00 / 100ML"
    },
    {
        "category": "pantry",
        "href": "https://www.woolworths.com.au/shop/productdetails/49156/quelch-fruit-sticks-ice-blocks",
        "imgName": "049156.jpg",
        "imgSrc": "https://cdn0.woolworths.media/content/wowproductimages/medium/049156.jpg",
        "name": "Quelch Fruit Sticks Ice Blocks 24x70ml",
        "price": 7,
        "unitPrice": "$0.42 / 100ML"
    },
    {
        "category": "pantry",
        "href": "https://www.woolworths.com.au/shop/productdetails/94637/hoyts-garlic-powder",
        "imgName": "094637.jpg",
        "imgSrc": "https://cdn0.woolworths.media/content/wowproductimages/medium/094637.jpg",
        "name": "Hoyts Garlic Powder 25g",
        "price": 1.3,
        "unitPrice": "$0.52 / 10G"
    },
    {
        "category": "pantry",
        "href": "https://www.woolworths.com.au/shop/productdetails/182267/masterfoods-stir-fry-sauce-teriyaki-chicken",
        "imgName": "182267.jpg",
        "imgSrc": "https://cdn0.woolworths.media/content/wowproductimages/medium/182267.jpg",
        "name": "Masterfoods Stir Fry Sauce Teriyaki Chicken 175g",
        "price": 2.19,
        "unitPrice": "$1.25 / 100G"
    },
    {
        "category": "pantry",
        "href": "https://www.woolworths.com.au/shop/productdetails/228523/lipton-quality-black-leaf-tea-intense",
        "imgName": "228523.jpg",
        "imgSrc": "https://cdn0.woolworths.media/content/wowproductimages/medium/228523.jpg",
        "name": "Lipton Quality Black Leaf Tea Intense 100pk 240g",
        "price": 6.1,
        "unitPrice": "$2.54 / 100G"
    },
    {
        "category": "pantry",
        "href": "https://www.woolworths.com.au/shop/productdetails/210717/hakubuku-japanese-ramen-noodle",
        "imgName": "210717.jpg",
        "imgSrc": "https://cdn0.woolworths.media/content/wowproductimages/medium/210717.jpg",
        "name": "Hakubuku Japanese Ramen Noodle 270g",
        "price": 3.7,
        "unitPrice": "$1.37 / 100G"
    },
    {
        "category": "pantry",
        "href": "https://www.woolworths.com.au/shop/productdetails/251132/woolworths-select-parsley-flakes",
        "imgName": "251132.jpg",
        "imgSrc": "https://cdn0.woolworths.media/content/wowproductimages/medium/251132.jpg",
        "name": "Woolworths Select Parsley Flakes 5g",
        "price": 1.2,
        "unitPrice": "$2.40 / 10G"
    },
    {
        "category": "pantry",
        "href": "https://www.woolworths.com.au/shop/productdetails/297890/old-el-paso-mexican-wholegrain-tortillas",
        "imgName": "297890.jpg",
        "imgSrc": "https://cdn0.woolworths.media/content/wowproductimages/medium/297890.jpg",
        "name": "Old El Paso Mexican Wholegrain Tortillas 6pk 240g",
        "price": 3,
        "unitPrice": "$1.25 / 100G"
    },
    {
        "category": "pantry",
        "href": "https://www.woolworths.com.au/shop/productdetails/321598/cobram-estate-extra-light-delicate-olive-oil-spray",
        "imgName": "321598.jpg",
        "imgSrc": "https://cdn0.woolworths.media/content/wowproductimages/medium/321598.jpg",
        "name": "Cobram Estate Extra Light & Delicate Olive Oil Spray 225g",
        "price": 5,
        "unitPrice": "$2.22 / 100G"
    },
    {
        "category": "pantry",
        "href": "https://www.woolworths.com.au/shop/productdetails/334639/woolworths-select-pepper-grinder-black-peppercorn",
        "imgName": "334639.jpg",
        "imgSrc": "https://cdn0.woolworths.media/content/wowproductimages/medium/334639.jpg",
        "name": "Woolworths Select Pepper Grinder Black Peppercorn 50g",
        "price": 3,
        "unitPrice": "$0.60 / 10G"
    },
    {
        "category": "pantry",
        "href": "https://www.woolworths.com.au/shop/productdetails/261833/ricci-licorice-traditional-soft",
        "imgName": "261833.jpg",
        "imgSrc": "https://cdn0.woolworths.media/content/wowproductimages/medium/261833.jpg",
        "name": "Ricci Licorice Traditional Soft 500g",
        "price": 3.5,
        "unitPrice": "$0.70 / 100G"
    },
    {
        "category": "pantry",
        "href": "https://www.woolworths.com.au/shop/productdetails/429937/uncle-tobys-o-g-granola-apple-coconut-quinoa",
        "imgName": "429937.jpg",
        "imgSrc": "https://cdn0.woolworths.media/content/wowproductimages/medium/429937.jpg",
        "name": "Uncle Tobys O&g Granola Apple Coconut & Quinoa 450g",
        "price": 5.99,
        "unitPrice": "$1.33 / 100G"
    },
    {
        "category": "pantry",
        "href": "https://www.woolworths.com.au/shop/productdetails/433435/continental-cup-a-soup-homestyle-vegetable",
        "imgName": "433435.jpg",
        "imgSrc": "https://cdn0.woolworths.media/content/wowproductimages/medium/433435.jpg",
        "name": "Continental Cup A Soup Homestyle Vegetable 50g",
        "price": 2,
        "unitPrice": "$4.00 / 100G"
    },
    {
        "category": "pantry",
        "href": "https://www.woolworths.com.au/shop/productdetails/610629/continental-pasta-sauce-mac-cheese",
        "imgName": "610629.jpg",
        "imgSrc": "https://cdn0.woolworths.media/content/wowproductimages/medium/610629.jpg",
        "name": "Continental Pasta & Sauce Mac & Cheese 4pk 220g",
        "price": 5,
        "unitPrice": "$2.27 / 100G"
    },
    {
        "category": "pantry",
        "href": "https://www.woolworths.com.au/shop/productdetails/578154/the-spice-tailor-tangy-punjabi-wrap",
        "imgName": "578154.jpg",
        "imgSrc": "https://cdn0.woolworths.media/content/wowproductimages/medium/578154.jpg",
        "name": "The Spice Tailor Tangy Punjabi Wrap  444g",
        "price": 7,
        "unitPrice": "$1.58 / 100G"
    },
    {
        "category": "pantry",
        "href": "https://www.woolworths.com.au/shop/productdetails/598179/woolworths-peanuts-unsalted",
        "imgName": "598179.jpg",
        "imgSrc": "https://cdn0.woolworths.media/content/wowproductimages/medium/598179.jpg",
        "name": "Woolworths Peanuts Unsalted 375g",
        "price": 2.1,
        "unitPrice": "$0.56 / 100G"
    },
    {
        "category": "pantry",
        "href": "https://www.woolworths.com.au/shop/productdetails/501319/cobram-olive-oil-herb",
        "imgName": "501319.jpg",
        "imgSrc": "https://cdn0.woolworths.media/content/wowproductimages/medium/501319.jpg",
        "name": "Cobram Olive Oil Herb 250ml",
        "price": 5.5,
        "unitPrice": "$2.20 / 100ML"
    },
    {
        "category": "pantry",
        "href": "https://www.woolworths.com.au/shop/productdetails/532344/kinder-bueno-white",
        "imgName": "532344.jpg",
        "imgSrc": "https://cdn0.woolworths.media/content/wowproductimages/medium/532344.jpg",
        "name": "Kinder Bueno White  39g",
        "price": 2,
        "unitPrice": "$5.13 / 100G"
    },
    {
        "category": "pantry",
        "href": "https://www.woolworths.com.au/shop/productdetails/467387/fehlbergs-european-style-dill-pickled-cucumbers",
        "imgName": "467387.jpg",
        "imgSrc": "https://cdn0.woolworths.media/content/wowproductimages/medium/467387.jpg",
        "name": "Fehlbergs European Style Dill Pickled Cucumbers 680g",
        "price": 3.25,
        "unitPrice": "$4.78 / 1KG"
    },
    {
        "category": "pantry",
        "href": "https://www.woolworths.com.au/shop/productdetails/710168/birch-waite-balsamic-vinaigrette",
        "imgName": "710168.jpg",
        "imgSrc": "https://cdn0.woolworths.media/content/wowproductimages/medium/710168.jpg",
        "name": "Birch & Waite Balsamic Vinaigrette  250ml",
        "price": 5,
        "unitPrice": "$2.00 / 100ML"
    },
    {
        "category": "pantry",
        "href": "https://www.woolworths.com.au/shop/productdetails/729040/sunrice-brown-rice-low-gi",
        "imgName": "729040.jpg",
        "imgSrc": "https://cdn0.woolworths.media/content/wowproductimages/medium/729040.jpg",
        "name": "Sunrice Brown Rice Low Gi 750g",
        "price": 3.5,
        "unitPrice": "$0.47 / 100G"
    },
    {
        "category": "pantry",
        "href": "https://www.woolworths.com.au/shop/productdetails/701750/kellogg-s-forest-berries-special-k",
        "imgName": "701750.jpg",
        "imgSrc": "https://cdn0.woolworths.media/content/wowproductimages/medium/701750.jpg",
        "name": "Kellogg's Forest Berries Special K 380g",
        "price": 5.79,
        "unitPrice": "$1.52 / 100G"
    },
    {
        "category": "pantry",
        "href": "https://www.woolworths.com.au/shop/productdetails/720579/protea-foods-biltong-slices-peri-peri",
        "imgName": "720579.jpg",
        "imgSrc": "https://cdn0.woolworths.media/content/wowproductimages/medium/720579.jpg",
        "name": "Protea Foods Biltong Slices Peri Peri 100g",
        "price": 9.25,
        "unitPrice": "$9.25 / 100G"
    },
    {
        "category": "pantry",
        "href": "https://www.woolworths.com.au/shop/productdetails/760464/betty-crocker-vanilla-cake-mix",
        "imgName": "760464.jpg",
        "imgSrc": "https://cdn0.woolworths.media/content/wowproductimages/medium/760464.jpg",
        "name": "Betty Crocker Vanilla Cake Mix 540g",
        "price": 5.2,
        "unitPrice": "$0.96 / 100G"
    },
    {
        "category": "pantry",
        "href": "https://www.woolworths.com.au/shop/productdetails/773761/dollar-sweets-sprinkles-pirate-toppings",
        "imgName": "773761.jpg",
        "imgSrc": "https://cdn0.woolworths.media/content/wowproductimages/medium/773761.jpg",
        "name": "Dollar Sweets Sprinkles Pirate Toppings 145g",
        "price": 6,
        "unitPrice": "$4.14 / 100G"
    },
    {
        "category": "pantry",
        "href": "https://www.woolworths.com.au/shop/productdetails/770073/woolworths-free-from-brownie-mix",
        "imgName": "770073.jpg",
        "imgSrc": "https://cdn0.woolworths.media/content/wowproductimages/medium/770073.jpg",
        "name": "Woolworths Free From Brownie Mix  400g",
        "price": 4,
        "unitPrice": "$1.00 / 100G"
    },
    {
        "category": "pantry",
        "href": "https://www.woolworths.com.au/shop/productdetails/720342/homebrand-brown-sugar",
        "imgName": "720342.jpg",
        "imgSrc": "https://cdn0.woolworths.media/content/wowproductimages/medium/720342.jpg",
        "name": "Homebrand Brown Sugar  1kg",
        "price": 2.69,
        "unitPrice": "$0.27 / 100G"
    },
    {
        "category": "pantry",
        "href": "https://www.woolworths.com.au/shop/productdetails/796511/arnott-s-shapes-light-crispy-balsamic-vinegar-sea-salt",
        "imgName": "796511.jpg",
        "imgSrc": "https://cdn0.woolworths.media/content/wowproductimages/medium/796511.jpg",
        "name": "Arnott's Shapes Light & Crispy Balsamic Vinegar & Sea Salt 120g",
        "price": 3,
        "unitPrice": "$2.50 / 100G"
    },
    {
        "category": "pantry",
        "href": "https://www.woolworths.com.au/shop/productdetails/827530/bega-almond-spread-crunchy",
        "imgName": "827530.jpg",
        "imgSrc": "https://cdn0.woolworths.media/content/wowproductimages/medium/827530.jpg",
        "name": "Bega Almond Spread Crunchy 325g",
        "price": 5.7,
        "unitPrice": "$1.75 / 100G"
    },
    {
        "category": "pantry",
        "href": "https://www.woolworths.com.au/shop/productdetails/795482/well-naturally-bar-milk",
        "imgName": "795482.jpg",
        "imgSrc": "https://cdn0.woolworths.media/content/wowproductimages/medium/795482.jpg",
        "name": "Well Naturally Bar Milk 90g",
        "price": 4.98,
        "unitPrice": "$5.53 / 100G"
    },
    {
        "category": "pantry",
        "href": "https://www.woolworths.com.au/shop/productdetails/798252/guzzi-pasta-pappardelle",
        "imgName": "798252.jpg",
        "imgSrc": "https://cdn0.woolworths.media/content/wowproductimages/medium/798252.jpg",
        "name": "Guzzi Pasta Pappardelle  375g",
        "price": 4.5,
        "unitPrice": "$1.20 / 100G"
    },
    {
        "category": "pantry",
        "href": "https://www.woolworths.com.au/shop/productdetails/927881/happy-snack-roasted-chic-peas-lightly-salted",
        "imgName": "927881.jpg",
        "imgSrc": "https://cdn0.woolworths.media/content/wowproductimages/medium/927881.jpg",
        "name": "Happy Snack Roasted Chic Peas Lightly Salted 6x25g",
        "price": 5.3,
        "unitPrice": "$3.53 / 100G"
    },
    {
        "category": "pantry",
        "href": "https://www.woolworths.com.au/shop/productdetails/11253/san-remo-fettuccine-egg-noodle-pasta",
        "imgName": "011253.jpg",
        "imgSrc": "https://cdn0.woolworths.media/content/wowproductimages/medium/011253.jpg",
        "name": "San Remo Fettuccine Egg Noodle Pasta 250g",
        "price": 1.85,
        "unitPrice": "$0.74 / 100G"
    },
    {
        "category": "pantry",
        "href": "https://www.woolworths.com.au/shop/productdetails/36349/masterfoods-mixed-herbs-dried",
        "imgName": "036349.jpg",
        "imgSrc": "https://cdn0.woolworths.media/content/wowproductimages/medium/036349.jpg",
        "name": "Masterfoods Mixed Herbs Dried 10g",
        "price": 1.98,
        "unitPrice": "$1.98 / 10G"
    },
    {
        "category": "pantry",
        "href": "https://www.woolworths.com.au/shop/productdetails/82492/rosella-canned-soup-tomato-condensed",
        "imgName": "082492.jpg",
        "imgSrc": "https://cdn0.woolworths.media/content/wowproductimages/medium/082492.jpg",
        "name": "Rosella Canned Soup Tomato Condensed 500g",
        "price": 2.25,
        "unitPrice": "$0.45 / 100G"
    },
    {
        "category": "pantry",
        "href": "https://www.woolworths.com.au/shop/productdetails/379648/old-el-paso-mexican-guacamole-spice-mix",
        "imgName": "379648.jpg",
        "imgSrc": "https://cdn0.woolworths.media/content/wowproductimages/medium/379648.jpg",
        "name": "Old El Paso Mexican Guacamole Spice Mix 30g",
        "price": 2.3,
        "unitPrice": "$7.67 / 100G"
    },
    {
        "category": "pantry",
        "href": "https://www.woolworths.com.au/shop/productdetails/242926/san-remo-lasagne-gluten-free",
        "imgName": "242926.jpg",
        "imgSrc": "https://cdn0.woolworths.media/content/wowproductimages/medium/242926.jpg",
        "name": "San Remo Lasagne Gluten Free 200g",
        "price": 3.99,
        "unitPrice": "$2.00 / 100G"
    },
    {
        "category": "pantry",
        "href": "https://www.woolworths.com.au/shop/productdetails/450975/woolworths-original-pancake-shaker",
        "imgName": "450975.jpg",
        "imgSrc": "https://cdn0.woolworths.media/content/wowproductimages/medium/450975.jpg",
        "name": "Woolworths Original Pancake Shaker  300g",
        "price": 1.5,
        "unitPrice": "$0.50 / 100G"
    },
    {
        "category": "pantry",
        "href": "https://www.woolworths.com.au/shop/productdetails/827537/bega-cashew-spread-smooth",
        "imgName": "827537.jpg",
        "imgSrc": "https://cdn0.woolworths.media/content/wowproductimages/medium/827537.jpg",
        "name": "Bega Cashew Spread Smooth 325g",
        "price": 5.7,
        "unitPrice": "$1.75 / 100G"
    },
    {
        "category": "pantry",
        "href": "https://www.woolworths.com.au/shop/productdetails/271087/uncle-bens-express-microwave-egg-fried-rice",
        "imgName": "271087.jpg",
        "imgSrc": "https://cdn0.woolworths.media/content/wowproductimages/medium/271087.jpg",
        "name": "Uncle Bens Express Microwave Egg Fried Rice 250g",
        "price": 3.25,
        "unitPrice": "$1.30 / 100G"
    },
    {
        "category": "pantry",
        "href": "https://www.woolworths.com.au/shop/productdetails/258376/sacla-pesto-tomato-pesto",
        "imgName": "258376.jpg",
        "imgSrc": "https://cdn0.woolworths.media/content/wowproductimages/medium/258376.jpg",
        "name": "Sacla Pesto Tomato Pesto 190g",
        "price": 4.85,
        "unitPrice": "$2.55 / 100G"
    },
    {
        "category": "pantry",
        "href": "https://www.woolworths.com.au/shop/productdetails/358075/indomie-mi-goreng-noodle-cup",
        "imgName": "358075.jpg",
        "imgSrc": "https://cdn0.woolworths.media/content/wowproductimages/medium/358075.jpg",
        "name": "Indomie Mi Goreng Noodle Cup 75g",
        "price": 1.8,
        "unitPrice": "$2.40 / 100G"
    },
    {
        "category": "pantry",
        "href": "https://www.woolworths.com.au/shop/productdetails/739484/woolworths-select-honey-oats",
        "imgName": "739484.jpg",
        "imgSrc": "https://cdn0.woolworths.media/content/wowproductimages/medium/739484.jpg",
        "name": "Woolworths Select Honey Oats 12pk 420g",
        "price": 4,
        "unitPrice": "$0.95 / 100G"
    },
    {
        "category": "pantry",
        "href": "https://www.woolworths.com.au/shop/productdetails/931155/twinings-ginger-apple-tea-bags",
        "imgName": "931155.jpg",
        "imgSrc": "https://cdn0.woolworths.media/content/wowproductimages/medium/931155.jpg",
        "name": "Twinings Ginger & Apple Tea Bags 10pk",
        "price": 2.7,
        "unitPrice": "$0.27 / 1EA"
    },
    {
        "category": "pantry",
        "href": "https://www.woolworths.com.au/shop/productdetails/257657/continental-cup-a-soup-dutch-curry-with-rice",
        "imgName": "257657.jpg",
        "imgSrc": "https://cdn0.woolworths.media/content/wowproductimages/medium/257657.jpg",
        "name": "Continental Cup A Soup Dutch Curry With Rice  2pk 55g",
        "price": 2,
        "unitPrice": "$3.64 / 100G"
    },
    {
        "category": "pantry",
        "href": "https://www.woolworths.com.au/shop/productdetails/261735/uncle-bens-express-microwave-savoury-chicken-flavour-rice",
        "imgName": "261735.jpg",
        "imgSrc": "https://cdn0.woolworths.media/content/wowproductimages/medium/261735.jpg",
        "name": "Uncle Bens Express Microwave Savoury Chicken Flavour Rice 250g",
        "price": 3.25,
        "unitPrice": "$1.30 / 100G"
    },
    {
        "category": "pantry",
        "href": "https://www.woolworths.com.au/shop/productdetails/272188/tilda-microwave-steamed-pure-basmati-pure",
        "imgName": "272188.jpg",
        "imgSrc": "https://cdn0.woolworths.media/content/wowproductimages/medium/272188.jpg",
        "name": "Tilda Microwave Steamed Pure Basmati Pure 250g",
        "price": 3.4,
        "unitPrice": "$1.36 / 100G"
    },
    {
        "category": "pantry",
        "href": "https://www.woolworths.com.au/shop/productdetails/700639/macro-organic-beans-cannellini",
        "imgName": "700639.jpg",
        "imgSrc": "https://cdn0.woolworths.media/content/wowproductimages/medium/700639.jpg",
        "name": "Macro Organic Beans Cannellini 425g",
        "price": 1.3,
        "unitPrice": "$3.06 / 1KG"
    },
    {
        "category": "pantry",
        "href": "https://www.woolworths.com.au/shop/productdetails/705091/carman-s-indulgent-variety-bars",
        "imgName": "705091.jpg",
        "imgSrc": "https://cdn0.woolworths.media/content/wowproductimages/medium/705091.jpg",
        "name": "Carman's Indulgent Variety Bars 420g",
        "price": 10,
        "unitPrice": "$2.38 / 100G"
    },
    {
        "category": "pantry",
        "href": "https://www.woolworths.com.au/shop/productdetails/937313/spiral-foods-apple-cider-vinegar",
        "imgName": "937313.jpg",
        "imgSrc": "https://cdn0.woolworths.media/content/wowproductimages/medium/937313.jpg",
        "name": "Spiral Foods Apple Cider Vinegar  500ml",
        "price": 6,
        "unitPrice": "$1.20 / 100ML"
    },
    {
        "category": "pantry",
        "href": "https://www.woolworths.com.au/shop/productdetails/567738/woolworths-garlic-aioli",
        "imgName": "567738.jpg",
        "imgSrc": "https://cdn0.woolworths.media/content/wowproductimages/medium/567738.jpg",
        "name": "Woolworths Garlic Aioli  250ml",
        "price": 2,
        "unitPrice": "$0.80 / 100ML"
    },
    {
        "category": "pantry",
        "href": "https://www.woolworths.com.au/shop/productdetails/445119/gravox-gravy-cracked-pepper-shiraz",
        "imgName": "445119.jpg",
        "imgSrc": "https://cdn0.woolworths.media/content/wowproductimages/medium/445119.jpg",
        "name": "Gravox Gravy Cracked Pepper & Shiraz 160g",
        "price": 3,
        "unitPrice": "$0.19 / 10G"
    },
    {
        "category": "pantry",
        "href": "https://www.woolworths.com.au/shop/productdetails/449918/dr-oetker-gelatine-powder",
        "imgName": "449918.jpg",
        "imgSrc": "https://cdn0.woolworths.media/content/wowproductimages/medium/449918.jpg",
        "name": "Dr Oetker Gelatine Powder  36g",
        "price": 2.3,
        "unitPrice": "$6.39 / 100G"
    },
    {
        "category": "pantry",
        "href": "https://www.woolworths.com.au/shop/productdetails/700306/mother-earth-golden-baked-oaty-slice-golden-oats",
        "imgName": "700306.jpg",
        "imgSrc": "https://cdn0.woolworths.media/content/wowproductimages/medium/700306.jpg",
        "name": "Mother Earth Golden  Baked Oaty Slice Golden Oats 6pk 240g",
        "price": 4,
        "unitPrice": "$1.67 / 100G"
    },
    {
        "category": "pantry",
        "href": "https://www.woolworths.com.au/shop/productdetails/93510/jila-mints-peppermint",
        "imgName": "093510.jpg",
        "imgSrc": "https://cdn0.woolworths.media/content/wowproductimages/medium/093510.jpg",
        "name": "Jila Mints Peppermint 27g",
        "price": 1,
        "unitPrice": "$3.70 / 100G"
    },
    {
        "category": "pantry",
        "href": "https://www.woolworths.com.au/shop/productdetails/94625/hoyts-turmeric",
        "imgName": "094625.jpg",
        "imgSrc": "https://cdn0.woolworths.media/content/wowproductimages/medium/094625.jpg",
        "name": "Hoyts Turmeric  25g",
        "price": 1.5,
        "unitPrice": "$0.60 / 10G"
    },
    {
        "category": "pantry",
        "href": "https://www.woolworths.com.au/shop/productdetails/94626/hoyts-bay-leaves",
        "imgName": "094626.jpg",
        "imgSrc": "https://cdn0.woolworths.media/content/wowproductimages/medium/094626.jpg",
        "name": "Hoyts Bay Leaves  15g",
        "price": 1.4,
        "unitPrice": "$0.93 / 10G"
    },
    {
        "category": "pantry",
        "href": "https://www.woolworths.com.au/shop/productdetails/166406/essentials-corn-kernels",
        "imgName": "166406.jpg",
        "imgSrc": "https://cdn0.woolworths.media/content/wowproductimages/medium/166406.jpg",
        "name": "Essentials Corn Kernels 400g",
        "price": 0.9,
        "unitPrice": "$2.25 / 1KG"
    },
    {
        "category": "pantry",
        "href": "https://www.woolworths.com.au/shop/productdetails/256881/woolworths-select-vinegar-white-wine",
        "imgName": "256881.jpg",
        "imgSrc": "https://cdn0.woolworths.media/content/wowproductimages/medium/256881.jpg",
        "name": "Woolworths Select Vinegar White Wine 500ml",
        "price": 3,
        "unitPrice": "$0.60 / 100ML"
    },
    {
        "category": "pantry",
        "href": "https://www.woolworths.com.au/shop/productdetails/261858/wizz-fizz-sherbert-original",
        "imgName": "261858.jpg",
        "imgSrc": "https://cdn0.woolworths.media/content/wowproductimages/medium/261858.jpg",
        "name": "Wizz Fizz Sherbert Original 8pk 100g",
        "price": 2,
        "unitPrice": "$2.00 / 100G"
    },
    {
        "category": "pantry",
        "href": "https://www.woolworths.com.au/shop/productdetails/324755/lee-kum-kee-paste-coconut-curry-vegetables",
        "imgName": "324755.jpg",
        "imgSrc": "https://cdn0.woolworths.media/content/wowproductimages/medium/324755.jpg",
        "name": "Lee Kum Kee Paste Coconut Curry Vegetables 110g",
        "price": 2.2,
        "unitPrice": "$2.00 / 100G"
    },
    {
        "category": "pantry",
        "href": "https://www.woolworths.com.au/shop/productdetails/438459/hart-soul-pho-konjac-soup-pouch",
        "imgName": "438459.jpg",
        "imgSrc": "https://cdn0.woolworths.media/content/wowproductimages/medium/438459.jpg",
        "name": "Hart & Soul Pho Konjac Soup Pouch  400g",
        "price": 4,
        "unitPrice": "$1.00 / 100G"
    },
    {
        "category": "pantry",
        "href": "https://www.woolworths.com.au/shop/productdetails/581135/nando-s-rubs-peri-peri-lemon-herb",
        "imgName": "581135.jpg",
        "imgSrc": "https://cdn0.woolworths.media/content/wowproductimages/medium/581135.jpg",
        "name": "Nando's Rubs Peri Peri Lemon & Herb 25g",
        "price": 2.99,
        "unitPrice": "$1.20 / 10G"
    },
    {
        "category": "pantry",
        "href": "https://www.woolworths.com.au/shop/productdetails/743071/macro-organic-fettuccine-pasta",
        "imgName": "743071.jpg",
        "imgSrc": "https://cdn0.woolworths.media/content/wowproductimages/medium/743071.jpg",
        "name": "Macro Organic Fettuccine Pasta 500g",
        "price": 1.75,
        "unitPrice": "$0.35 / 100G"
    },
    {
        "category": "pantry",
        "href": "https://www.woolworths.com.au/shop/productdetails/263251/obento-japanese-noodles-udon",
        "imgName": "263251.jpg",
        "imgSrc": "https://cdn0.woolworths.media/content/wowproductimages/medium/263251.jpg",
        "name": "Obento Japanese Noodles Udon 200g",
        "price": 1.4,
        "unitPrice": "$0.70 / 100G"
    },
    {
        "category": "pantry",
        "href": "https://www.woolworths.com.au/shop/productdetails/172100/masterfoods-stir-fry-sauce-thai-green-curry",
        "imgName": "172100.jpg",
        "imgSrc": "https://cdn0.woolworths.media/content/wowproductimages/medium/172100.jpg",
        "name": "Masterfoods Stir Fry Sauce Thai Green Curry 175g",
        "price": 2.19,
        "unitPrice": "$1.25 / 100G"
    },
    {
        "category": "pantry",
        "href": "https://www.woolworths.com.au/shop/productdetails/174742/pataks-paste-curry-butter-chicken",
        "imgName": "174742.jpg",
        "imgSrc": "https://cdn0.woolworths.media/content/wowproductimages/medium/174742.jpg",
        "name": "Pataks Paste Curry Butter Chicken 312g",
        "price": 5.5,
        "unitPrice": "$1.76 / 100G"
    },
    {
        "category": "pantry",
        "href": "https://www.woolworths.com.au/shop/productdetails/320102/europe-nougat-honey-log",
        "imgName": "320102.jpg",
        "imgSrc": "https://cdn0.woolworths.media/content/wowproductimages/medium/320102.jpg",
        "name": "Europe Nougat Honey Log  40g bar",
        "price": 2,
        "unitPrice": "$5.00 / 100G"
    },
    {
        "category": "pantry",
        "href": "https://www.woolworths.com.au/shop/productdetails/740080/carman-s-almond-hazelnut-vanilla-nut-bars",
        "imgName": "740080.jpg",
        "imgSrc": "https://cdn0.woolworths.media/content/wowproductimages/medium/740080.jpg",
        "name": "Carman's Almond, Hazelnut Vanilla Nut Bars 5pk 175g",
        "price": 5.6,
        "unitPrice": "$3.20 / 100G"
    },
    {
        "category": "pantry",
        "href": "https://www.woolworths.com.au/shop/productdetails/33643/capilano-clear-honey",
        "imgName": "033643.jpg",
        "imgSrc": "https://cdn0.woolworths.media/content/wowproductimages/medium/033643.jpg",
        "name": "Capilano Clear Honey 750g",
        "price": 10.5,
        "unitPrice": "$1.40 / 100G"
    },
    {
        "category": "pantry",
        "href": "https://www.woolworths.com.au/shop/productdetails/109275/meiji-yan-yan-snacks-chocolate",
        "imgName": "109275.jpg",
        "imgSrc": "https://cdn0.woolworths.media/content/wowproductimages/medium/109275.jpg",
        "name": "Meiji Yan Yan Snacks Chocolate 50g",
        "price": 1.9,
        "unitPrice": "$3.80 / 100G"
    },
    {
        "category": "pantry",
        "href": "https://www.woolworths.com.au/shop/productdetails/166227/continental-cup-a-soup-creamy-chicken-corn-with-croutons",
        "imgName": "166227.jpg",
        "imgSrc": "https://cdn0.woolworths.media/content/wowproductimages/medium/166227.jpg",
        "name": "Continental Cup A Soup Creamy Chicken & Corn With Croutons 2pk 60g",
        "price": 2,
        "unitPrice": "$3.33 / 100G"
    },
    {
        "category": "pantry",
        "href": "https://www.woolworths.com.au/shop/productdetails/186410/massel-stock-powder-chicken",
        "imgName": "186410.jpg",
        "imgSrc": "https://cdn0.woolworths.media/content/wowproductimages/medium/186410.jpg",
        "name": "Massel Stock Powder Chicken 168g",
        "price": 3,
        "unitPrice": "$0.18 / 10G"
    },
    {
        "category": "pantry",
        "href": "https://www.woolworths.com.au/shop/productdetails/251308/woolworths-select-mixed-herbs-dried",
        "imgName": "251308.jpg",
        "imgSrc": "https://cdn0.woolworths.media/content/wowproductimages/medium/251308.jpg",
        "name": "Woolworths Select Mixed Herbs Dried 33g",
        "price": 2.89,
        "unitPrice": "$0.88 / 10G"
    },
    {
        "category": "pantry",
        "href": "https://www.woolworths.com.au/shop/productdetails/824731/woolworths-choccy-wheatens",
        "imgName": "824731.jpg",
        "imgSrc": "https://cdn0.woolworths.media/content/wowproductimages/medium/824731.jpg",
        "name": "Woolworths Choccy Wheatens  200g",
        "price": 1.65,
        "unitPrice": "$0.83 / 100G"
    },
    {
        "category": "pantry",
        "href": "https://www.woolworths.com.au/shop/productdetails/931257/cafe-royal-coffee-capsules-espresso-forte",
        "imgName": "931257.jpg",
        "imgSrc": "https://cdn0.woolworths.media/content/wowproductimages/medium/931257.jpg",
        "name": "Cafe Royal Coffee Capsules Espresso Forte 10pk",
        "price": 6.5,
        "unitPrice": "$0.65 / 1EA"
    },
    {
        "category": "pantry",
        "href": "https://www.woolworths.com.au/shop/productdetails/750104/sanitarium-up-go-coffee-energize",
        "imgName": "750104.jpg",
        "imgSrc": "https://cdn0.woolworths.media/content/wowproductimages/medium/750104.jpg",
        "name": "Sanitarium Up&go Coffee Energize 6x250ml",
        "price": 9.35,
        "unitPrice": "$6.23 / 1L"
    },
    {
        "category": "pantry",
        "href": "https://www.woolworths.com.au/shop/productdetails/46636/darrell-lea-licorice-twists-strawberry",
        "imgName": "046636.jpg",
        "imgSrc": "https://cdn0.woolworths.media/content/wowproductimages/medium/046636.jpg",
        "name": "Darrell Lea Licorice Twists Strawberry 300g bag",
        "price": 4.6,
        "unitPrice": "$1.53 / 100G"
    },
    {
        "category": "pantry",
        "href": "https://www.woolworths.com.au/shop/productdetails/93443/old-el-paso-medium-taco-sauce",
        "imgName": "093443.jpg",
        "imgSrc": "https://cdn0.woolworths.media/content/wowproductimages/medium/093443.jpg",
        "name": "Old El Paso Medium Taco Sauce 200g",
        "price": 3.2,
        "unitPrice": "$1.60 / 100G"
    },
    {
        "category": "pantry",
        "href": "https://www.woolworths.com.au/shop/productdetails/303266/batchelors-mushy-peas-canned-chip-shop",
        "imgName": "303266.jpg",
        "imgSrc": "https://cdn0.woolworths.media/content/wowproductimages/medium/303266.jpg",
        "name": "Batchelors Mushy Peas Canned Chip Shop 300g",
        "price": 2.5,
        "unitPrice": "$0.83 / 100G"
    },
    {
        "category": "pantry",
        "href": "https://www.woolworths.com.au/shop/productdetails/251127/woolworths-select-oregano-leaves",
        "imgName": "251127.jpg",
        "imgSrc": "https://cdn0.woolworths.media/content/wowproductimages/medium/251127.jpg",
        "name": "Woolworths Select Oregano Leaves 10g",
        "price": 1.8,
        "unitPrice": "$1.80 / 10G"
    },
    {
        "category": "pantry",
        "href": "https://www.woolworths.com.au/shop/productdetails/41841/continental-simmer-soup-salt-reduced-french-onion",
        "imgName": "041841.jpg",
        "imgSrc": "https://cdn0.woolworths.media/content/wowproductimages/medium/041841.jpg",
        "name": "Continental Simmer Soup Salt Reduced French Onion 35g",
        "price": 0.95,
        "special": 0.75,
        "unitPrice": "$2.71 / 100G"
    },
    {
        "category": "pantry",
        "href": "https://www.woolworths.com.au/shop/productdetails/17347/st-dalfour-thick-apricot-spread",
        "imgName": "017347.jpg",
        "imgSrc": "https://cdn0.woolworths.media/content/wowproductimages/medium/017347.jpg",
        "name": "St Dalfour Thick Apricot Spread 284g",
        "price": 4.2,
        "unitPrice": "$1.48 / 100G"
    },
    {
        "category": "pantry",
        "href": "https://www.woolworths.com.au/shop/productdetails/46307/heinz-baked-beans-salt-reduced-tomato-sauce",
        "imgName": "046307.jpg",
        "imgSrc": "https://cdn0.woolworths.media/content/wowproductimages/medium/046307.jpg",
        "name": "Heinz Baked Beans Salt Reduced Tomato Sauce 130g",
        "price": 1.1,
        "unitPrice": "$0.85 / 100G"
    },
    {
        "category": "pantry",
        "href": "https://www.woolworths.com.au/shop/productdetails/33222/masterfoods-seasoning-bbq",
        "imgName": "033222.jpg",
        "imgSrc": "https://cdn0.woolworths.media/content/wowproductimages/medium/033222.jpg",
        "name": "Masterfoods Seasoning Bbq 50g",
        "price": 3.3,
        "unitPrice": "$0.66 / 10G"
    },
    {
        "category": "pantry",
        "href": "https://www.woolworths.com.au/shop/productdetails/58968/twinings-lemon-twist-tea-bags",
        "imgName": "058968.jpg",
        "imgSrc": "https://cdn0.woolworths.media/content/wowproductimages/medium/058968.jpg",
        "name": "Twinings Lemon Twist Tea Bags 10pk 20g",
        "price": 2.7,
        "unitPrice": "$18.00 / 100G"
    },
    {
        "category": "pantry",
        "href": "https://www.woolworths.com.au/shop/productdetails/168680/abc-chilli-sauce-extra-hot",
        "imgName": "168680.jpg",
        "imgSrc": "https://cdn0.woolworths.media/content/wowproductimages/medium/168680.jpg",
        "name": "Abc Chilli Sauce Extra Hot 340ml",
        "price": 2.75,
        "unitPrice": "$0.82 / 100ML"
    },
    {
        "category": "pantry",
        "href": "https://www.woolworths.com.au/shop/productdetails/92158/masterfoods-lamb-herbs",
        "imgName": "092158.jpg",
        "imgSrc": "https://cdn0.woolworths.media/content/wowproductimages/medium/092158.jpg",
        "name": "Masterfoods Lamb Herbs  15g",
        "price": 2.9,
        "unitPrice": "$1.93 / 10G"
    },
    {
        "category": "pantry",
        "href": "https://www.woolworths.com.au/shop/productdetails/75202/mckenzie-s-pepper-white-ground",
        "imgName": "075202.jpg",
        "imgSrc": "https://cdn0.woolworths.media/content/wowproductimages/medium/075202.jpg",
        "name": "Mckenzie's Pepper White Ground 100g",
        "price": 3.75,
        "unitPrice": "$0.38 / 10G"
    },
    {
        "category": "pantry",
        "href": "https://www.woolworths.com.au/shop/productdetails/98611/quick-eze-heartburn-indigestion-relief-original",
        "imgName": "098611.jpg",
        "imgSrc": "https://cdn0.woolworths.media/content/wowproductimages/medium/098611.jpg",
        "name": "Quick Eze Heartburn & Indigestion Relief Original 60pk",
        "price": 6.5,
        "unitPrice": "$0.11 / 1EA"
    },
    {
        "category": "pantry",
        "href": "https://www.woolworths.com.au/shop/productdetails/94624/hoyts-thyme",
        "imgName": "094624.jpg",
        "imgSrc": "https://cdn0.woolworths.media/content/wowproductimages/medium/094624.jpg",
        "name": "Hoyts Thyme  15g",
        "price": 1.3,
        "unitPrice": "$0.87 / 10G"
    },
    {
        "category": "pantry",
        "href": "https://www.woolworths.com.au/shop/productdetails/186442/masterfoods-recipe-base-honey-mustard-chicken",
        "imgName": "186442.jpg",
        "imgSrc": "https://cdn0.woolworths.media/content/wowproductimages/medium/186442.jpg",
        "name": "Masterfoods Recipe Base Honey Mustard Chicken 175g",
        "price": 2.19,
        "unitPrice": "$1.25 / 100G"
    },
    {
        "category": "pantry",
        "href": "https://www.woolworths.com.au/shop/productdetails/215448/macro-organic-penne-pasta",
        "imgName": "215448.jpg",
        "imgSrc": "https://cdn0.woolworths.media/content/wowproductimages/medium/215448.jpg",
        "name": "Macro Organic Penne Pasta 500g",
        "price": 1.75,
        "unitPrice": "$0.35 / 100G"
    },
    {
        "category": "pantry",
        "href": "https://www.woolworths.com.au/shop/productdetails/211318/sirena-tuna-in-oil-with-lemon-pepper",
        "imgName": "211318.jpg",
        "imgSrc": "https://cdn0.woolworths.media/content/wowproductimages/medium/211318.jpg",
        "name": "Sirena Tuna In Oil With Lemon Pepper 95g",
        "price": 2.5,
        "unitPrice": "$26.32 / 1KG"
    },
    {
        "category": "pantry",
        "href": "https://www.woolworths.com.au/shop/productdetails/251001/woolworths-cinnamon-sugar",
        "imgName": "251001.jpg",
        "imgSrc": "https://cdn0.woolworths.media/content/wowproductimages/medium/251001.jpg",
        "name": "Woolworths Cinnamon Sugar 60g",
        "price": 1.5,
        "unitPrice": "$0.25 / 10G"
    },
    {
        "category": "pantry",
        "href": "https://www.woolworths.com.au/shop/productdetails/263288/lee-kum-kee-sauce-teriyaki-beef",
        "imgName": "263288.jpg",
        "imgSrc": "https://cdn0.woolworths.media/content/wowproductimages/medium/263288.jpg",
        "name": "Lee Kum Kee Sauce Teriyaki Beef 100g",
        "price": 2.2,
        "unitPrice": "$2.20 / 100G"
    },
    {
        "category": "pantry",
        "href": "https://www.woolworths.com.au/shop/productdetails/251131/woolworths-select-paprika-smoked",
        "imgName": "251131.jpg",
        "imgSrc": "https://cdn0.woolworths.media/content/wowproductimages/medium/251131.jpg",
        "name": "Woolworths Select Paprika Smoked 30g",
        "price": 2,
        "unitPrice": "$0.67 / 10G"
    },
    {
        "category": "pantry",
        "href": "https://www.woolworths.com.au/shop/productdetails/334869/macro-nuts-mixed-nuts-roasted",
        "imgName": "334869.jpg",
        "imgSrc": "https://cdn0.woolworths.media/content/wowproductimages/medium/334869.jpg",
        "name": "Macro Nuts Mixed Nuts Roasted 500g",
        "price": 12.99,
        "unitPrice": "$25.98 / 1KG"
    },
    {
        "category": "pantry",
        "href": "https://www.woolworths.com.au/shop/productdetails/460796/werther-s-original-chewy-toffees",
        "imgName": "460796.jpg",
        "imgSrc": "https://cdn0.woolworths.media/content/wowproductimages/medium/460796.jpg",
        "name": "Werther's Original Chewy Toffees  135g",
        "price": 3.5,
        "unitPrice": "$2.59 / 100G"
    },
    {
        "category": "pantry",
        "href": "https://www.woolworths.com.au/shop/productdetails/466164/f-whitlock-sons-tomato-chutney",
        "imgName": "466164.jpg",
        "imgSrc": "https://cdn0.woolworths.media/content/wowproductimages/medium/466164.jpg",
        "name": "F. Whitlock & Sons Tomato Chutney  275g",
        "price": 4.5,
        "unitPrice": "$1.64 / 100G"
    },
    {
        "category": "pantry",
        "href": "https://www.woolworths.com.au/shop/productdetails/345592/nestle-chokito",
        "imgName": "345592.jpg",
        "imgSrc": "https://cdn0.woolworths.media/content/wowproductimages/medium/345592.jpg",
        "name": "Nestle Chokito  55g bar",
        "price": 2,
        "unitPrice": "$3.64 / 100G"
    },
    {
        "category": "pantry",
        "href": "https://www.woolworths.com.au/shop/productdetails/364924/lifesavers-fruit-pastilles",
        "imgName": "364924.jpg",
        "imgSrc": "https://cdn0.woolworths.media/content/wowproductimages/medium/364924.jpg",
        "name": "Lifesavers Fruit Pastilles  34g",
        "price": 1.1,
        "unitPrice": "$3.24 / 100G"
    },
    {
        "category": "pantry",
        "href": "https://www.woolworths.com.au/shop/productdetails/627500/ayam-light-soy-sauce",
        "imgName": "627500.jpg",
        "imgSrc": "https://cdn0.woolworths.media/content/wowproductimages/medium/627500.jpg",
        "name": "Ayam Light Soy Sauce 210ml",
        "price": 3.2,
        "unitPrice": "$1.52 / 100ML"
    },
    {
        "category": "pantry",
        "href": "https://www.woolworths.com.au/shop/productdetails/526472/woolworths-superfood-mix",
        "imgName": "526472.jpg",
        "imgSrc": "https://cdn0.woolworths.media/content/wowproductimages/medium/526472.jpg",
        "name": "Woolworths Superfood Mix  70g",
        "price": 2,
        "unitPrice": "$28.57 / 1KG"
    },
    {
        "category": "pantry",
        "href": "https://www.woolworths.com.au/shop/productdetails/372623/mini-macro-corn-snacks-popcorn-multipack-10pk",
        "imgName": "372623.jpg",
        "imgSrc": "https://cdn0.woolworths.media/content/wowproductimages/medium/372623.jpg",
        "name": "Mini Macro Corn Snacks Popcorn Multipack 10pk 130g",
        "price": 5.99,
        "unitPrice": "$4.61 / 100G"
    },
    {
        "category": "pantry",
        "href": "https://www.woolworths.com.au/shop/productdetails/321002/table-of-plenty-dried-spices-almonds-lemon-herb-dukkah",
        "imgName": "321002.jpg",
        "imgSrc": "https://cdn0.woolworths.media/content/wowproductimages/medium/321002.jpg",
        "name": "Table Of Plenty Dried Spices Almonds Lemon & Herb Dukkah 45g",
        "price": 3.6,
        "unitPrice": "$0.80 / 10G"
    },
    {
        "category": "pantry",
        "href": "https://www.woolworths.com.au/shop/productdetails/643499/hotys-himalayan-pink-rock-salt",
        "imgName": "643499.jpg",
        "imgSrc": "https://cdn0.woolworths.media/content/wowproductimages/medium/643499.jpg",
        "name": "Hotys Himalayan Pink Rock Salt 450g",
        "price": 5.8,
        "unitPrice": "$0.13 / 10G"
    },
    {
        "category": "pantry",
        "href": "https://www.woolworths.com.au/shop/productdetails/727219/uncle-bens-express-microwave-brown-special-fried-rice",
        "imgName": "727219.jpg",
        "imgSrc": "https://cdn0.woolworths.media/content/wowproductimages/medium/727219.jpg",
        "name": "Uncle Bens Express Microwave Brown Special Fried Rice 250g",
        "price": 3.25,
        "unitPrice": "$1.30 / 100G"
    },
    {
        "category": "pantry",
        "href": "https://www.woolworths.com.au/shop/productdetails/707424/paul-newmans-pasta-sauce-home-made-bolognese",
        "imgName": "707424.jpg",
        "imgSrc": "https://cdn0.woolworths.media/content/wowproductimages/medium/707424.jpg",
        "name": "Paul Newmans Pasta Sauce Home Made Bolognese 680g",
        "price": 4.83,
        "unitPrice": "$0.71 / 100G"
    },
    {
        "category": "pantry",
        "href": "https://www.woolworths.com.au/shop/productdetails/751066/continental-cup-a-soup-spicy-tom-yum",
        "imgName": "751066.jpg",
        "imgSrc": "https://cdn0.woolworths.media/content/wowproductimages/medium/751066.jpg",
        "name": "Continental Cup A Soup Spicy Tom Yum 50g",
        "price": 2,
        "unitPrice": "$2.50 / 100G"
    },
    {
        "category": "pantry",
        "href": "https://www.woolworths.com.au/shop/productdetails/720175/pf-biltong-peri-peri-south-african-mini-sticks",
        "imgName": "720175.jpg",
        "imgSrc": "https://cdn0.woolworths.media/content/wowproductimages/medium/720175.jpg",
        "name": "Pf Biltong Peri Peri South African Mini Sticks 30g",
        "price": 3.75,
        "unitPrice": "$12.50 / 100G"
    },
    {
        "category": "pantry",
        "href": "https://www.woolworths.com.au/shop/productdetails/580704/mccormick-slow-cookers-chicken-bacon-mushroom",
        "imgName": "580704.jpg",
        "imgSrc": "https://cdn0.woolworths.media/content/wowproductimages/medium/580704.jpg",
        "name": "Mccormick Slow Cookers Chicken Bacon & Mushroom 40g",
        "price": 1.69,
        "unitPrice": "$4.23 / 100G"
    },
    {
        "category": "pantry",
        "href": "https://www.woolworths.com.au/shop/productdetails/761536/woolworths-gold-eliche-giganti-pasta",
        "imgName": "761536.jpg",
        "imgSrc": "https://cdn0.woolworths.media/content/wowproductimages/medium/761536.jpg",
        "name": "Woolworths Gold Eliche   Giganti Pasta 500g",
        "price": 2.99,
        "unitPrice": "$0.60 / 100G"
    },
    {
        "category": "pantry",
        "href": "https://www.woolworths.com.au/shop/productdetails/778307/health-attack-crispyfruits-pear",
        "imgName": "778307.jpg",
        "imgSrc": "https://cdn0.woolworths.media/content/wowproductimages/medium/778307.jpg",
        "name": "Health Attack Crispyfruits Pear 10g",
        "price": 1.5,
        "unitPrice": "$150.00 / 1KG"
    },
    {
        "category": "pantry",
        "href": "https://www.woolworths.com.au/shop/productdetails/496203/old-el-paso-bold-stand-n-stuff-nacho-cheese-taco-shells",
        "imgName": "496203.jpg",
        "imgSrc": "https://cdn0.woolworths.media/content/wowproductimages/medium/496203.jpg",
        "name": "Old El Paso Bold Stand N Stuff Nacho Cheese Taco Shells 8pk 128g",
        "price": 4,
        "unitPrice": "$3.13 / 100G"
    },
    {
        "category": "pantry",
        "href": "https://www.woolworths.com.au/shop/productdetails/745435/wai-wai-bihoon-rice-vermicelli",
        "imgName": "745435.jpg",
        "imgSrc": "https://cdn0.woolworths.media/content/wowproductimages/medium/745435.jpg",
        "name": "Wai Wai Bihoon Rice Vermicelli 10x50g",
        "price": 2.75,
        "unitPrice": "$0.55 / 100G"
    },
    {
        "category": "pantry",
        "href": "https://www.woolworths.com.au/shop/productdetails/841347/dole-premium-pineapple-slices-in-syrup",
        "imgName": "841347.jpg",
        "imgSrc": "https://cdn0.woolworths.media/content/wowproductimages/medium/841347.jpg",
        "name": "Dole Premium Pineapple Slices In Syrup 439g",
        "price": 2,
        "unitPrice": "$4.56 / 1KG"
    },
    {
        "category": "pantry",
        "href": "https://www.woolworths.com.au/shop/productdetails/782304/la-zuppa-soup-pouch-thai-coconut-chicken",
        "imgName": "782304.jpg",
        "imgSrc": "https://cdn0.woolworths.media/content/wowproductimages/medium/782304.jpg",
        "name": "La Zuppa Soup Pouch Thai Coconut Chicken 540g",
        "price": 4.4,
        "unitPrice": "$0.81 / 100G"
    },
    {
        "category": "pantry",
        "href": "https://www.woolworths.com.au/shop/productdetails/794812/massel-7-s-beef-cubes-gluten-free",
        "imgName": "794812.jpg",
        "imgSrc": "https://cdn0.woolworths.media/content/wowproductimages/medium/794812.jpg",
        "name": "Massel 7's Beef Cubes Gluten Free 35g",
        "price": 1,
        "unitPrice": "$0.29 / 10G"
    },
    {
        "category": "pantry",
        "href": "https://www.woolworths.com.au/shop/productdetails/843820/cadbury-cherry-ripe-double-dipped",
        "imgName": "843820.jpg",
        "imgSrc": "https://cdn0.woolworths.media/content/wowproductimages/medium/843820.jpg",
        "name": "Cadbury Cherry Ripe Double Dipped 47g bar",
        "price": 2,
        "unitPrice": "$4.26 / 100G"
    },
    {
        "category": "pantry",
        "href": "https://www.woolworths.com.au/shop/productdetails/957994/twinings-golden-caramel-rooibos",
        "imgName": "957994.jpg",
        "imgSrc": "https://cdn0.woolworths.media/content/wowproductimages/medium/957994.jpg",
        "name": "Twinings Golden Caramel Rooibos 15pk",
        "price": 5,
        "unitPrice": "$0.33 / 1EA"
    },
    {
        "category": "pantry",
        "href": "https://www.woolworths.com.au/shop/productdetails/774157/queen-essences-vanilla-extract-with-seeds",
        "imgName": "774157.jpg",
        "imgSrc": "https://cdn0.woolworths.media/content/wowproductimages/medium/774157.jpg",
        "name": "Queen Essences Vanilla Extract  With Seeds 50ml",
        "price": 8,
        "unitPrice": "$1.60 / 10ML"
    },
    {
        "category": "pantry",
        "href": "https://www.woolworths.com.au/shop/productdetails/828993/cadbury-baking-milk-chocolate-block",
        "imgName": "828993.jpg",
        "imgSrc": "https://cdn0.woolworths.media/content/wowproductimages/medium/828993.jpg",
        "name": "Cadbury Baking Milk Chocolate Block 200g",
        "price": 4.5,
        "unitPrice": "$2.25 / 100G"
    },
    {
        "category": "pantry",
        "href": "https://www.woolworths.com.au/shop/productdetails/90000826/pringles-original-crisps-53g-x-12-bundle",
        "imgName": "90000826.jpg",
        "imgSrc": "https://cdn0.woolworths.media/content/wowproductimages/medium/90000826.jpg",
        "name": "Pringles Original Crisps 53g X 12 Bundle",
        "price": 12,
        "unitPrice": "$1.89 / G"
    },
    {
        "category": "pantry",
        "href": "https://www.woolworths.com.au/shop/productdetails/767940/moccona-mixes-latte",
        "imgName": "767940.jpg",
        "imgSrc": "https://cdn0.woolworths.media/content/wowproductimages/medium/767940.jpg",
        "name": "Moccona Mixes Latte 10pk 150g",
        "price": 4.5,
        "unitPrice": "$3.00 / 100G"
    },
    {
        "category": "pantry",
        "href": "https://www.woolworths.com.au/shop/productdetails/769254/moccona-freeze-dried-coffee-sweet-cappuccino",
        "imgName": "769254.jpg",
        "imgSrc": "https://cdn0.woolworths.media/content/wowproductimages/medium/769254.jpg",
        "name": "Moccona Freeze Dried Coffee Sweet Cappuccino 10x150g",
        "price": 4.5,
        "unitPrice": "$3.00 / 100G"
    },
    {
        "category": "pantry",
        "href": "https://www.woolworths.com.au/shop/productdetails/634876/frey-hazelnut-milk-chocolate",
        "imgName": "634876.jpg",
        "imgSrc": "https://cdn0.woolworths.media/content/wowproductimages/medium/634876.jpg",
        "name": "Frey Hazelnut Milk Chocolate 180g block",
        "price": 3.5,
        "unitPrice": "$1.94 / 100G"
    },
    {
        "category": "pantry",
        "href": "https://www.woolworths.com.au/shop/productdetails/922813/sanitarium-up-go-reduced-sugar-choc-ice",
        "imgName": "922813.jpg",
        "imgSrc": "https://cdn0.woolworths.media/content/wowproductimages/medium/922813.jpg",
        "name": "Sanitarium Up&go Reduced Sugar Choc Ice 12x250ml",
        "price": 13.6,
        "unitPrice": "$4.53 / 1L"
    },
    {
        "category": "pantry",
        "href": "https://www.woolworths.com.au/shop/productdetails/24053/john-west-lunch-kit-with-crackers-tuna-with-sweetcorn-in-mayonnaise",
        "imgName": "024053.jpg",
        "imgSrc": "https://cdn0.woolworths.media/content/wowproductimages/medium/024053.jpg",
        "name": "John West Lunch Kit With Crackers Tuna With Sweetcorn In Mayonnaise 108g",
        "price": 3,
        "unitPrice": "$27.78 / 1KG"
    },
    {
        "category": "pantry",
        "href": "https://www.woolworths.com.au/shop/productdetails/33427/golden-circle-pineapple-crushed-in-syrup",
        "imgName": "033427.jpg",
        "imgSrc": "https://cdn0.woolworths.media/content/wowproductimages/medium/033427.jpg",
        "name": "Golden Circle Pineapple Crushed In Syrup 450g",
        "price": 3.25,
        "unitPrice": "$7.22 / 1KG"
    },
    {
        "category": "pantry",
        "href": "https://www.woolworths.com.au/shop/productdetails/21927/yeo-s-curry-sauce-malaysian",
        "imgName": "021927.jpg",
        "imgSrc": "https://cdn0.woolworths.media/content/wowproductimages/medium/021927.jpg",
        "name": "Yeo's Curry Sauce Malaysian 400ml",
        "price": 3.8,
        "unitPrice": "$0.95 / 100ML"
    },
    {
        "category": "pantry",
        "href": "https://www.woolworths.com.au/shop/productdetails/14039/capilano-creamed-honey",
        "imgName": "014039.jpg",
        "imgSrc": "https://cdn0.woolworths.media/content/wowproductimages/medium/014039.jpg",
        "name": "Capilano Creamed Honey 500g",
        "price": 7.6,
        "unitPrice": "$1.52 / 100G"
    },
    {
        "category": "pantry",
        "href": "https://www.woolworths.com.au/shop/productdetails/35551/masterfoods-garlic-salt",
        "imgName": "035551.jpg",
        "imgSrc": "https://cdn0.woolworths.media/content/wowproductimages/medium/035551.jpg",
        "name": "Masterfoods Garlic Salt 210g",
        "price": 3.6,
        "unitPrice": "$0.17 / 10G"
    },
    {
        "category": "pantry",
        "href": "https://www.woolworths.com.au/shop/productdetails/11251/san-remo-vermicelli-egg-noodle-pasta",
        "imgName": "011251.jpg",
        "imgSrc": "https://cdn0.woolworths.media/content/wowproductimages/medium/011251.jpg",
        "name": "San Remo Vermicelli Egg Noodle Pasta 250g",
        "price": 1.85,
        "unitPrice": "$0.74 / 100G"
    },
    {
        "category": "pantry",
        "href": "https://www.woolworths.com.au/shop/productdetails/35399/masterfoods-thyme-leaves",
        "imgName": "035399.jpg",
        "imgSrc": "https://cdn0.woolworths.media/content/wowproductimages/medium/035399.jpg",
        "name": "Masterfoods Thyme Leaves 10g",
        "price": 2.6,
        "unitPrice": "$2.60 / 10G"
    },
    {
        "category": "pantry",
        "href": "https://www.woolworths.com.au/shop/productdetails/75194/mckenzie-s-pepper-black-ground",
        "imgName": "075194.jpg",
        "imgSrc": "https://cdn0.woolworths.media/content/wowproductimages/medium/075194.jpg",
        "name": "Mckenzie's Pepper Black Ground 100g",
        "price": 3.75,
        "unitPrice": "$0.38 / 10G"
    },
    {
        "category": "pantry",
        "href": "https://www.woolworths.com.au/shop/productdetails/64075/sandhurst-capsicum-chargrilled",
        "imgName": "064075.jpg",
        "imgSrc": "https://cdn0.woolworths.media/content/wowproductimages/medium/064075.jpg",
        "name": "Sandhurst Capsicum Chargrilled 260g",
        "price": 4.1,
        "unitPrice": "$15.77 / 1KG"
    },
    {
        "category": "pantry",
        "href": "https://www.woolworths.com.au/shop/productdetails/41039/spc-baked-beans-extra-tomato-sauce",
        "imgName": "041039.jpg",
        "imgSrc": "https://cdn0.woolworths.media/content/wowproductimages/medium/041039.jpg",
        "name": "Spc Baked Beans Extra Tomato Sauce 850g",
        "price": 2.8,
        "unitPrice": "$0.33 / 100G"
    },
    {
        "category": "pantry",
        "href": "https://www.woolworths.com.au/shop/productdetails/111515/queen-essences-almond-flavour-natural",
        "imgName": "111515.jpg",
        "imgSrc": "https://cdn0.woolworths.media/content/wowproductimages/medium/111515.jpg",
        "name": "Queen Essences Almond Flavour Natural 50ml",
        "price": 1.1,
        "unitPrice": "$0.22 / 10ML"
    },
    {
        "category": "pantry",
        "href": "https://www.woolworths.com.au/shop/productdetails/166232/continental-cup-a-soup-creamy-chicken-with-croutons",
        "imgName": "166232.jpg",
        "imgSrc": "https://cdn0.woolworths.media/content/wowproductimages/medium/166232.jpg",
        "name": "Continental Cup A Soup Creamy Chicken With Croutons 2pk 60g",
        "price": 2,
        "unitPrice": "$3.33 / 100G"
    },
    {
        "category": "pantry",
        "href": "https://www.woolworths.com.au/shop/productdetails/96154/vege-chips-barbeque",
        "imgName": "096154.jpg",
        "imgSrc": "https://cdn0.woolworths.media/content/wowproductimages/medium/096154.jpg",
        "name": "Vege Chips Barbeque 100g",
        "price": 3.39,
        "unitPrice": "$3.39 / 100G"
    },
    {
        "category": "pantry",
        "href": "https://www.woolworths.com.au/shop/productdetails/95458/continental-simmer-soup-chicken-noodle-salt-reduced",
        "imgName": "095458.jpg",
        "imgSrc": "https://cdn0.woolworths.media/content/wowproductimages/medium/095458.jpg",
        "name": "Continental Simmer Soup Chicken Noodle Salt Reduced 40g",
        "price": 0.95,
        "special": 0.75,
        "unitPrice": "$2.38 / 100G"
    },
    {
        "category": "pantry",
        "href": "https://www.woolworths.com.au/shop/productdetails/111321/maille-mustard-dijonnaise",
        "imgName": "111321.jpg",
        "imgSrc": "https://cdn0.woolworths.media/content/wowproductimages/medium/111321.jpg",
        "name": "Maille Mustard Dijonnaise 200ml",
        "price": 4,
        "unitPrice": "$2.00 / 100ML"
    },
    {
        "category": "pantry",
        "href": "https://www.woolworths.com.au/shop/productdetails/201050/conimex-sambal-oelek-paste-hot-chilli",
        "imgName": "201050.jpg",
        "imgSrc": "https://cdn0.woolworths.media/content/wowproductimages/medium/201050.jpg",
        "name": "Conimex Sambal Oelek Paste Hot Chilli 190g",
        "price": 5.3,
        "unitPrice": "$2.79 / 100G"
    },
    {
        "category": "pantry",
        "href": "https://www.woolworths.com.au/shop/productdetails/229172/woolworths-salted-pistachios",
        "imgName": "229172.jpg",
        "imgSrc": "https://cdn0.woolworths.media/content/wowproductimages/medium/229172.jpg",
        "name": "Woolworths Salted Pistachios  250g",
        "price": 6.99,
        "unitPrice": "$27.96 / 1KG"
    },
    {
        "category": "pantry",
        "href": "https://www.woolworths.com.au/shop/productdetails/251433/old-el-paso-hard-n-soft-taco-kit",
        "imgName": "251433.jpg",
        "imgSrc": "https://cdn0.woolworths.media/content/wowproductimages/medium/251433.jpg",
        "name": "Old El Paso Hard N Soft Taco Kit 350g",
        "price": 7,
        "unitPrice": "$2.00 / 100G"
    },
    {
        "category": "pantry",
        "href": "https://www.woolworths.com.au/shop/productdetails/252676/quelch-fruit-combos-ice-blocks",
        "imgName": "252676.jpg",
        "imgSrc": "https://cdn0.woolworths.media/content/wowproductimages/medium/252676.jpg",
        "name": "Quelch Fruit Combos Ice Blocks 24x70ml",
        "price": 7,
        "unitPrice": "$0.42 / 100ML"
    },
    {
        "category": "pantry",
        "href": "https://www.woolworths.com.au/shop/productdetails/215451/macro-organic-spirals-pasta",
        "imgName": "215451.jpg",
        "imgSrc": "https://cdn0.woolworths.media/content/wowproductimages/medium/215451.jpg",
        "name": "Macro Organic Spirals Pasta 500g",
        "price": 1.75,
        "unitPrice": "$0.35 / 100G"
    },
    {
        "category": "pantry",
        "href": "https://www.woolworths.com.au/shop/productdetails/231811/macro-nuts-pumpkin-kernels",
        "imgName": "231811.jpg",
        "imgSrc": "https://cdn0.woolworths.media/content/wowproductimages/medium/231811.jpg",
        "name": "Macro Nuts Pumpkin Kernels 250g",
        "price": 3.99,
        "unitPrice": "$15.96 / 1KG"
    },
    {
        "category": "pantry",
        "href": "https://www.woolworths.com.au/shop/productdetails/211476/sustagen-dutch-chocolate-ready-to-drink",
        "imgName": "211476.jpg",
        "imgSrc": "https://cdn0.woolworths.media/content/wowproductimages/medium/211476.jpg",
        "name": "Sustagen Dutch Chocolate Ready To Drink 3x250ml",
        "price": 5.9,
        "unitPrice": "$7.87 / 1L"
    },
    {
        "category": "pantry",
        "href": "https://www.woolworths.com.au/shop/productdetails/283136/robert-timms-coffee-beans-italian-style-espresso",
        "imgName": "283136.jpg",
        "imgSrc": "https://cdn0.woolworths.media/content/wowproductimages/medium/283136.jpg",
        "name": "Robert Timms Coffee Beans Italian Style Espresso 28pk 168g",
        "price": 9.4,
        "unitPrice": "$5.88 / 100G"
    },
    {
        "category": "pantry",
        "href": "https://www.woolworths.com.au/shop/productdetails/280340/maggi-oyster-sauce",
        "imgName": "280340.jpg",
        "imgSrc": "https://cdn0.woolworths.media/content/wowproductimages/medium/280340.jpg",
        "name": "Maggi Oyster Sauce  275ml",
        "price": 3,
        "unitPrice": "$1.09 / 100ML"
    },
    {
        "category": "pantry",
        "href": "https://www.woolworths.com.au/shop/productdetails/265967/bakers-south-african-lemon-cream-biscuits",
        "imgName": "265967.jpg",
        "imgSrc": "https://cdn0.woolworths.media/content/wowproductimages/medium/265967.jpg",
        "name": "Bakers South African Lemon Cream Biscuits 200g",
        "price": 3.5,
        "unitPrice": "$1.75 / 100G"
    },
    {
        "category": "pantry",
        "href": "https://www.woolworths.com.au/shop/productdetails/379736/mission-white-corn-tortillas",
        "imgName": "379736.jpg",
        "imgSrc": "https://cdn0.woolworths.media/content/wowproductimages/medium/379736.jpg",
        "name": "Mission White Corn Tortillas 12pk 312g",
        "price": 3.8,
        "unitPrice": "$1.22 / 100G"
    },
    {
        "category": "pantry",
        "href": "https://www.woolworths.com.au/shop/productdetails/335397/macro-organic-rice-snacks-rice-cakes",
        "imgName": "335397.jpg",
        "imgSrc": "https://cdn0.woolworths.media/content/wowproductimages/medium/335397.jpg",
        "name": "Macro Organic Rice Snacks Rice Cakes 150g",
        "price": 1.99,
        "unitPrice": "$1.33 / 100G"
    },
    {
        "category": "pantry",
        "href": "https://www.woolworths.com.au/shop/productdetails/253398/kraft-mayonnaise-squeezy",
        "imgName": "253398.jpg",
        "imgSrc": "https://cdn0.woolworths.media/content/wowproductimages/medium/253398.jpg",
        "name": "Kraft Mayonnaise Squeezy 525g",
        "price": 4,
        "unitPrice": "$0.76 / 100G"
    },
    {
        "category": "pantry",
        "href": "https://www.woolworths.com.au/shop/productdetails/370563/nestle-milkybar-milk-cookies",
        "imgName": "370563.jpg",
        "imgSrc": "https://cdn0.woolworths.media/content/wowproductimages/medium/370563.jpg",
        "name": "Nestle Milkybar Milk & Cookies 180g block",
        "price": 4.5,
        "unitPrice": "$2.50 / 100G"
    },
    {
        "category": "pantry",
        "href": "https://www.woolworths.com.au/shop/productdetails/362693/mission-tortilla-strips-white-corn",
        "imgName": "362693.jpg",
        "imgSrc": "https://cdn0.woolworths.media/content/wowproductimages/medium/362693.jpg",
        "name": "Mission Tortilla Strips White Corn 230g",
        "price": 3.1,
        "unitPrice": "$1.35 / 100G"
    },
    {
        "category": "pantry",
        "href": "https://www.woolworths.com.au/shop/productdetails/438564/hart-soul-coconut-lentil-soup-pouch",
        "imgName": "438564.jpg",
        "imgSrc": "https://cdn0.woolworths.media/content/wowproductimages/medium/438564.jpg",
        "name": "Hart & Soul Coconut Lentil Soup Pouch  400g",
        "price": 4,
        "unitPrice": "$1.00 / 100G"
    },
    {
        "category": "pantry",
        "href": "https://www.woolworths.com.au/shop/productdetails/364096/lifesavers-fruit-tingles",
        "imgName": "364096.jpg",
        "imgSrc": "https://cdn0.woolworths.media/content/wowproductimages/medium/364096.jpg",
        "name": "Lifesavers Fruit Tingles  34g",
        "price": 1.1,
        "unitPrice": "$3.24 / 100G"
    },
    {
        "category": "pantry",
        "href": "https://www.woolworths.com.au/shop/productdetails/357269/macro-natural-brazil-almond-cashew-spread",
        "imgName": "357269.jpg",
        "imgSrc": "https://cdn0.woolworths.media/content/wowproductimages/medium/357269.jpg",
        "name": "Macro Natural Brazil, Almond & Cashew Spread 250g",
        "price": 8.5,
        "unitPrice": "$3.40 / 100G"
    },
    {
        "category": "pantry",
        "href": "https://www.woolworths.com.au/shop/productdetails/340040/blu-cous-cous-gourmet-pearl",
        "imgName": "340040.jpg",
        "imgSrc": "https://cdn0.woolworths.media/content/wowproductimages/medium/340040.jpg",
        "name": "Blu Cous Cous Gourmet Pearl 250g",
        "price": 3.65,
        "unitPrice": "$1.46 / 100G"
    },
    {
        "category": "pantry",
        "href": "https://www.woolworths.com.au/shop/productdetails/551920/lavazza-leggaro-espresso-coffee-capsules",
        "imgName": "551920.jpg",
        "imgSrc": "https://cdn0.woolworths.media/content/wowproductimages/medium/551920.jpg",
        "name": "Lavazza Leggaro Espresso Coffee Capsules 10pk",
        "price": 7,
        "unitPrice": "$0.70 / 1EA"
    },
    {
        "category": "pantry",
        "href": "https://www.woolworths.com.au/shop/productdetails/514479/old-el-paso-stand-n-stuff-mini-tortillas",
        "imgName": "514479.jpg",
        "imgSrc": "https://cdn0.woolworths.media/content/wowproductimages/medium/514479.jpg",
        "name": "Old El Paso Stand 'n Stuff Mini Tortillas 12pk 145g",
        "price": 4.8,
        "unitPrice": "$3.31 / 100G"
    },
    {
        "category": "pantry",
        "href": "https://www.woolworths.com.au/shop/productdetails/471920/dole-fruit-jelly-peach",
        "imgName": "471920.jpg",
        "imgSrc": "https://cdn0.woolworths.media/content/wowproductimages/medium/471920.jpg",
        "name": "Dole Fruit & Jelly Peach 2x123g",
        "price": 1.5,
        "unitPrice": "$6.10 / 1KG"
    },
    {
        "category": "pantry",
        "href": "https://www.woolworths.com.au/shop/productdetails/512566/ballymaloe-country-relish",
        "imgName": "512566.jpg",
        "imgSrc": "https://cdn0.woolworths.media/content/wowproductimages/medium/512566.jpg",
        "name": "Ballymaloe Country Relish  210g",
        "price": 5.5,
        "unitPrice": "$2.62 / 100G"
    },
    {
        "category": "pantry",
        "href": "https://www.woolworths.com.au/shop/productdetails/251123/woolworths-select-nutmeg-ground",
        "imgName": "251123.jpg",
        "imgSrc": "https://cdn0.woolworths.media/content/wowproductimages/medium/251123.jpg",
        "name": "Woolworths Select Nutmeg Ground 30g",
        "price": 2.4,
        "unitPrice": "$0.80 / 10G"
    },
    {
        "category": "pantry",
        "href": "https://www.woolworths.com.au/shop/productdetails/695460/woolworths-select-rice-bran-oil-spray",
        "imgName": "695460.jpg",
        "imgSrc": "https://cdn0.woolworths.media/content/wowproductimages/medium/695460.jpg",
        "name": "Woolworths Select Rice Bran Oil Spray 225g",
        "price": 4,
        "unitPrice": "$1.78 / 100G"
    },
    {
        "category": "pantry",
        "href": "https://www.woolworths.com.au/shop/productdetails/701764/macro-organic-basmati-rice",
        "imgName": "701764.jpg",
        "imgSrc": "https://cdn0.woolworths.media/content/wowproductimages/medium/701764.jpg",
        "name": "Macro Organic Basmati Rice  1kg",
        "price": 5,
        "unitPrice": "$0.50 / 100G"
    },
    {
        "category": "pantry",
        "href": "https://www.woolworths.com.au/shop/productdetails/728903/dick-smith-s-ozemite-spread",
        "imgName": "728903.jpg",
        "imgSrc": "https://cdn0.woolworths.media/content/wowproductimages/medium/728903.jpg",
        "name": "Dick Smith's Ozemite Spread 175g",
        "price": 4.7,
        "unitPrice": "$2.69 / 100G"
    },
    {
        "category": "pantry",
        "href": "https://www.woolworths.com.au/shop/productdetails/764921/masterfoods-simmer-sauce-creamy-chicken-mushroom",
        "imgName": "764921.jpg",
        "imgSrc": "https://cdn0.woolworths.media/content/wowproductimages/medium/764921.jpg",
        "name": "Masterfoods Simmer Sauce Creamy Chicken Mushroom 490g",
        "price": 3.69,
        "unitPrice": "$0.75 / 100G"
    },
    {
        "category": "pantry",
        "href": "https://www.woolworths.com.au/shop/productdetails/758288/dolmio-extra-pasta-sauce-red-wine-italian-herb",
        "imgName": "758288.jpg",
        "imgSrc": "https://cdn0.woolworths.media/content/wowproductimages/medium/758288.jpg",
        "name": "Dolmio Extra Pasta Sauce Red Wine & Italian Herb 500g",
        "price": 3.29,
        "unitPrice": "$0.66 / 100G"
    },
    {
        "category": "pantry",
        "href": "https://www.woolworths.com.au/shop/productdetails/449347/dr-oetker-designer-icing-blue",
        "imgName": "449347.jpg",
        "imgSrc": "https://cdn0.woolworths.media/content/wowproductimages/medium/449347.jpg",
        "name": "Dr Oetker Designer Icing Blue 140g",
        "price": 4,
        "unitPrice": "$2.86 / 100G"
    },
    {
        "category": "pantry",
        "href": "https://www.woolworths.com.au/shop/productdetails/450131/barilla-tortellini-pasta-three-cheese",
        "imgName": "450131.jpg",
        "imgSrc": "https://cdn0.woolworths.media/content/wowproductimages/medium/450131.jpg",
        "name": "Barilla Tortellini Pasta Three Cheese 340g",
        "price": 5.5,
        "unitPrice": "$1.62 / 100G"
    },
    {
        "category": "pantry",
        "href": "https://www.woolworths.com.au/shop/productdetails/747361/nescafe-dolce-gusto-coffee-capsules-cappuccino",
        "imgName": "747361.jpg",
        "imgSrc": "https://cdn0.woolworths.media/content/wowproductimages/medium/747361.jpg",
        "name": "Nescafe Dolce Gusto Coffee Capsules Cappuccino 16pk",
        "price": 8.5,
        "unitPrice": "$0.53 / 1EA"
    },
    {
        "category": "pantry",
        "href": "https://www.woolworths.com.au/shop/productdetails/716236/masterfoods-perfect-for-lamb-rosemary-garlic-thyme",
        "imgName": "716236.jpg",
        "imgSrc": "https://cdn0.woolworths.media/content/wowproductimages/medium/716236.jpg",
        "name": "Masterfoods Perfect For Lamb Rosemary, Garlic & Thyme 20g",
        "price": 2.5,
        "unitPrice": "$1.25 / 10G"
    },
    {
        "category": "pantry",
        "href": "https://www.woolworths.com.au/shop/productdetails/346864/woolworths-select-canola-cooking-spray",
        "imgName": "346864.jpg",
        "imgSrc": "https://cdn0.woolworths.media/content/wowproductimages/medium/346864.jpg",
        "name": "Woolworths Select Canola Cooking Spray 400g",
        "price": 3.7,
        "unitPrice": "$0.93 / 100G"
    },
    {
        "category": "pantry",
        "href": "https://www.woolworths.com.au/shop/productdetails/828514/sunrice-street-snack-chilli-con-carne",
        "imgName": "828514.jpg",
        "imgSrc": "https://cdn0.woolworths.media/content/wowproductimages/medium/828514.jpg",
        "name": "Sunrice Street Snack Chilli Con Carne 200g",
        "price": 4,
        "special": 3,
        "unitPrice": "$1.50 / 100G"
    },
    {
        "category": "pantry",
        "href": "https://www.woolworths.com.au/shop/productdetails/873021/woolworths-herring-fillets-in-mango-pepper-sauce",
        "imgName": "873021.jpg",
        "imgSrc": "https://cdn0.woolworths.media/content/wowproductimages/medium/873021.jpg",
        "name": "Woolworths Herring Fillets In Mango Pepper Sauce 200g",
        "price": 2,
        "unitPrice": "$10.00 / 1KG"
    },
    {
        "category": "pantry",
        "href": "https://www.woolworths.com.au/shop/productdetails/838681/arnott-s-vita-weat-crispbread-ancient-grains-seeds",
        "imgName": "838681.jpg",
        "imgSrc": "https://cdn0.woolworths.media/content/wowproductimages/medium/838681.jpg",
        "name": "Arnott's Vita Weat Crispbread Ancient Grains & Seeds 250g",
        "price": 3.8,
        "unitPrice": "$1.52 / 100G"
    },
    {
        "category": "pantry",
        "href": "https://www.woolworths.com.au/shop/productdetails/829319/espressotoria-vittoria-coffee-mountain-grown-coffee-capsules",
        "imgName": "829319.jpg",
        "imgSrc": "https://cdn0.woolworths.media/content/wowproductimages/medium/829319.jpg",
        "name": "Espressotoria Vittoria Coffee Mountain Grown Coffee Capsules 12pk",
        "price": 8.4,
        "special": 4.2,
        "unitPrice": "$0.35 / 1EA"
    },
    {
        "category": "pantry",
        "href": "https://www.woolworths.com.au/shop/productdetails/780753/five-am-organic-apple-crumble-granola",
        "imgName": "780753.jpg",
        "imgSrc": "https://cdn0.woolworths.media/content/wowproductimages/medium/780753.jpg",
        "name": "Five:am Organic Apple Crumble Granola 450g",
        "price": 6.89,
        "unitPrice": "$1.53 / 100G"
    },
    {
        "category": "pantry",
        "href": "https://www.woolworths.com.au/shop/productdetails/753179/woolworths-fruit-salad-in-juice",
        "imgName": "753179.jpg",
        "imgSrc": "https://cdn0.woolworths.media/content/wowproductimages/medium/753179.jpg",
        "name": "Woolworths Fruit Salad In Juice 820g",
        "price": 2.8,
        "unitPrice": "$3.41 / 1KG"
    },
    {
        "category": "pantry",
        "href": "https://www.woolworths.com.au/shop/productdetails/751442/go-natural-fruit-snacks-frugos-berry",
        "imgName": "751442.jpg",
        "imgSrc": "https://cdn0.woolworths.media/content/wowproductimages/medium/751442.jpg",
        "name": "Go Natural Fruit Snacks Frugos Berry 150g",
        "price": 3.6,
        "special": 3,
        "unitPrice": "$2.00 / 100G"
    },
    {
        "category": "pantry",
        "href": "https://www.woolworths.com.au/shop/productdetails/505139/mckenzies-himalayan-pink-salt-fine",
        "imgName": "505139.jpg",
        "imgSrc": "https://cdn0.woolworths.media/content/wowproductimages/medium/505139.jpg",
        "name": "Mckenzies Himalayan Pink Salt Fine 450g",
        "price": 5.95,
        "unitPrice": "$1.32 / 100G"
    },
    {
        "category": "pantry",
        "href": "https://www.woolworths.com.au/shop/productdetails/415383/woolworths-instant-soup-mushroom-bacon-with-croutons",
        "imgName": "415383.jpg",
        "imgSrc": "https://cdn0.woolworths.media/content/wowproductimages/medium/415383.jpg",
        "name": "Woolworths Instant Soup Mushroom & Bacon With Croutons 60g",
        "price": 1,
        "unitPrice": "$1.67 / 100G"
    },
    {
        "category": "pantry",
        "href": "https://www.woolworths.com.au/shop/productdetails/768620/loacker-wafers-white-tortina",
        "imgName": "768620.jpg",
        "imgSrc": "https://cdn0.woolworths.media/content/wowproductimages/medium/768620.jpg",
        "name": "Loacker Wafers White       Tortina 125g",
        "price": 4,
        "special": 2.5,
        "unitPrice": "$2.00 / 100G"
    },
    {
        "category": "pantry",
        "href": "https://www.woolworths.com.au/shop/productdetails/796540/bonvallis-fig-almond-fruit-log",
        "imgName": "796540.jpg",
        "imgSrc": "https://cdn0.woolworths.media/content/wowproductimages/medium/796540.jpg",
        "name": "Bonvallis Fig & Almond Fruit Log 200g",
        "price": 6.99,
        "special": 6.5,
        "unitPrice": "$32.50 / 1KG"
    },
    {
        "category": "pantry",
        "href": "https://www.woolworths.com.au/shop/productdetails/798037/squeaky-gate-extra-virgin-olive-oil-the-allrounder",
        "imgName": "798037.jpg",
        "imgSrc": "https://cdn0.woolworths.media/content/wowproductimages/medium/798037.jpg",
        "name": "Squeaky Gate Extra Virgin Olive Oil The Allrounder 750ml",
        "price": 8,
        "unitPrice": "$1.07 / 100ML"
    },
    {
        "category": "pantry",
        "href": "https://www.woolworths.com.au/shop/productdetails/728206/higher-living-licorice-tea-bags",
        "imgName": "728206.jpg",
        "imgSrc": "https://cdn0.woolworths.media/content/wowproductimages/medium/728206.jpg",
        "name": "Higher Living Licorice Tea Bags 15pk",
        "price": 3.7,
        "special": 2.5,
        "unitPrice": "$11.36 / 100G"
    },
    {
        "category": "pantry",
        "href": "https://www.woolworths.com.au/shop/productdetails/793475/freedom-foods-bar-cocoa-crunch",
        "imgName": "793475.jpg",
        "imgSrc": "https://cdn0.woolworths.media/content/wowproductimages/medium/793475.jpg",
        "name": "Freedom Foods Bar Cocoa Crunch 144g",
        "price": 3,
        "unitPrice": "$2.08 / 100G"
    },
    {
        "category": "pantry",
        "href": "https://www.woolworths.com.au/shop/productdetails/629206/watties-baked-beans-in-tomato-sauce",
        "imgName": "629206.jpg",
        "imgSrc": "https://cdn0.woolworths.media/content/wowproductimages/medium/629206.jpg",
        "name": "Watties Baked Beans In Tomato Sauce 420g",
        "price": 1.55,
        "unitPrice": "$0.37 / 100G"
    },
    {
        "category": "pantry",
        "href": "https://www.woolworths.com.au/shop/productdetails/790810/jordans-bursting-with-berries-crunchy-oat-granola",
        "imgName": "790810.jpg",
        "imgSrc": "https://cdn0.woolworths.media/content/wowproductimages/medium/790810.jpg",
        "name": "Jordans Bursting With Berries Crunchy Oat Granola 500g"
    },
    {
        "category": "pantry",
        "href": "https://www.woolworths.com.au/shop/productdetails/924409/thinkfood-munch-roasted-almond",
        "imgName": "924409.jpg",
        "imgSrc": "https://cdn0.woolworths.media/content/wowproductimages/medium/924409.jpg",
        "name": "Thinkfood Munch Roasted Almond  140g",
        "price": 5.5,
        "unitPrice": "$3.93 / 100G"
    },
    {
        "category": "pantry",
        "href": "https://www.woolworths.com.au/shop/productdetails/801535/allowrie-mixed-blossom-honey",
        "imgName": "801535.jpg",
        "imgSrc": "https://cdn0.woolworths.media/content/wowproductimages/medium/801535.jpg",
        "name": "Allowrie Mixed Blossom Honey 500g",
        "price": 5.3,
        "special": 4.8,
        "unitPrice": "$0.96 / 100G"
    },
    {
        "category": "pantry",
        "href": "https://www.woolworths.com.au/shop/productdetails/826112/nestle-kit-kat-chunky-bar",
        "imgName": "826112.jpg",
        "imgSrc": "https://cdn0.woolworths.media/content/wowproductimages/medium/826112.jpg",
        "name": "Nestle Kit Kat Chunky Bar 50g",
        "price": 2,
        "unitPrice": "$4.00 / 100G"
    },
    {
        "category": "pantry",
        "href": "https://www.woolworths.com.au/shop/productdetails/840885/continental-rice-thai-coconut-lemon-grass",
        "imgName": "840885.jpg",
        "imgSrc": "https://cdn0.woolworths.media/content/wowproductimages/medium/840885.jpg",
        "name": "Continental Rice Thai Coconut & Lemon Grass 115g",
        "price": 2.75,
        "special": 2,
        "unitPrice": "$1.74 / 100G"
    },
    {
        "category": "pantry",
        "href": "https://www.woolworths.com.au/shop/productdetails/924411/thinkfood-munch-cashew-sesame",
        "imgName": "924411.jpg",
        "imgSrc": "https://cdn0.woolworths.media/content/wowproductimages/medium/924411.jpg",
        "name": "Thinkfood Munch Cashew Sesame  140g",
        "price": 5.5,
        "unitPrice": "$3.93 / 100G"
    },
    {
        "category": "pantry",
        "href": "https://www.woolworths.com.au/shop/productdetails/959439/riviana-crabmeat",
        "imgName": "959439.jpg",
        "imgSrc": "https://cdn0.woolworths.media/content/wowproductimages/medium/959439.jpg",
        "name": "Riviana Crabmeat  170g",
        "price": 4.3,
        "unitPrice": "$25.29 / 1KG"
    },
    {
        "category": "pantry",
        "href": "https://www.woolworths.com.au/shop/productdetails/785141/masterfoods-gravy-liquid-traditional",
        "imgName": "785141.jpg",
        "imgSrc": "https://cdn0.woolworths.media/content/wowproductimages/medium/785141.jpg",
        "name": "Masterfoods Gravy Liquid Traditional 160g",
        "price": 2.65,
        "unitPrice": "$1.66 / 100G"
    },
    {
        "category": "pantry",
        "href": "https://www.woolworths.com.au/shop/productdetails/922828/dorset-cereals-simply-nut-granola",
        "imgName": "922828.jpg",
        "imgSrc": "https://cdn0.woolworths.media/content/wowproductimages/medium/922828.jpg",
        "name": "Dorset Cereals Simply Nut Granola 550g",
        "price": 8.3,
        "unitPrice": "$1.51 / 100G"
    },
    {
        "category": "pantry",
        "href": "https://www.woolworths.com.au/shop/productdetails/793245/betty-crocker-gluten-free-chocolate-fudge-brownie-mix",
        "imgName": "793245.jpg",
        "imgSrc": "https://cdn0.woolworths.media/content/wowproductimages/medium/793245.jpg",
        "name": "Betty Crocker Gluten Free Chocolate Fudge Brownie Mix 450g",
        "price": 5.99,
        "unitPrice": "$1.33 / 100G"
    },
    {
        "category": "pantry",
        "href": "https://www.woolworths.com.au/shop/productdetails/19598/angas-park-apricot-dried",
        "imgName": "019598.jpg",
        "imgSrc": "https://cdn0.woolworths.media/content/wowproductimages/medium/019598.jpg",
        "name": "Angas Park Apricot Dried 500g",
        "price": 13.2,
        "unitPrice": "$26.40 / 1KG"
    },
    {
        "category": "pantry",
        "href": "https://www.woolworths.com.au/shop/productdetails/354423/chang-s-salad-dressing-oriental",
        "imgName": "354423.jpg",
        "imgSrc": "https://cdn0.woolworths.media/content/wowproductimages/medium/354423.jpg",
        "name": "Chang's Salad Dressing Oriental 280ml",
        "price": 2.85,
        "unitPrice": "$1.02 / 100ML"
    },
    {
        "category": "pantry",
        "href": "https://www.woolworths.com.au/shop/productdetails/40389/indomie-noodles-special-chicken",
        "imgName": "040389.jpg",
        "imgSrc": "https://cdn0.woolworths.media/content/wowproductimages/medium/040389.jpg",
        "name": "Indomie Noodles Special Chicken 75g",
        "price": 0.65,
        "unitPrice": "$0.87 / 100G"
    },
    {
        "category": "pantry",
        "href": "https://www.woolworths.com.au/shop/productdetails/71487/csr-icing-sugar-pure",
        "imgName": "071487.jpg",
        "imgSrc": "https://cdn0.woolworths.media/content/wowproductimages/medium/071487.jpg",
        "name": "Csr Icing Sugar Pure 500g",
        "price": 1.85,
        "unitPrice": "$0.37 / 100G"
    },
    {
        "category": "pantry",
        "href": "https://www.woolworths.com.au/shop/productdetails/728224/woolworths-maple-flavoured-cashews",
        "imgName": "728224.jpg",
        "imgSrc": "https://cdn0.woolworths.media/content/wowproductimages/medium/728224.jpg",
        "name": "Woolworths Maple Flavoured Cashews 200g",
        "price": 5.49,
        "unitPrice": "$27.45 / 1KG"
    },
    {
        "category": "pantry",
        "href": "https://www.woolworths.com.au/shop/productdetails/781937/woolworths-select-musk-sticks",
        "imgName": "781937.jpg",
        "imgSrc": "https://cdn0.woolworths.media/content/wowproductimages/medium/781937.jpg",
        "name": "Woolworths Select Musk Sticks  200g bag",
        "price": 1.25,
        "unitPrice": "$0.63 / 100G"
    },
    {
        "category": "pantry",
        "href": "https://www.woolworths.com.au/shop/productdetails/830015/wrigleys-extra-white-gum-multipack-bubblemint",
        "imgName": "830015.jpg",
        "imgSrc": "https://cdn0.woolworths.media/content/wowproductimages/medium/830015.jpg",
        "name": "Wrigleys Extra White Gum Multipack Bubblemint 4pk",
        "price": 3.5,
        "special": 3,
        "unitPrice": "$5.36 / 100G"
    },
    {
        "category": "pantry",
        "href": "https://www.woolworths.com.au/shop/productdetails/921262/infuzions-sour-cream-herb-veggie-straws",
        "imgName": "921262.jpg",
        "imgSrc": "https://cdn0.woolworths.media/content/wowproductimages/medium/921262.jpg",
        "name": "Infuzions Sour Cream & Herb Veggie Straws 110g",
        "price": 3.49,
        "special": 2,
        "unitPrice": "$1.82 / 100G"
    },
    {
        "category": "pantry",
        "href": "https://www.woolworths.com.au/shop/productdetails/921537/infuzions-thai-sweet-chilli-potato-mix",
        "imgName": "921537.jpg",
        "imgSrc": "https://cdn0.woolworths.media/content/wowproductimages/medium/921537.jpg",
        "name": "Infuzions Thai Sweet Chilli Potato Mix 110g",
        "price": 3.49,
        "special": 2,
        "unitPrice": "$1.82 / 100G"
    },
    {
        "category": "pantry",
        "href": "https://www.woolworths.com.au/shop/productdetails/9010/zafarelli-penne-rigati-pasta-no-18",
        "imgName": "009010.jpg",
        "imgSrc": "https://cdn0.woolworths.media/content/wowproductimages/medium/009010.jpg",
        "name": "Zafarelli Penne Rigati Pasta No 18 500g",
        "price": 1.94,
        "unitPrice": "$0.39 / 100G"
    },
    {
        "category": "pantry",
        "href": "https://www.woolworths.com.au/shop/productdetails/34126/edgell-sauerkraut",
        "imgName": "034126.jpg",
        "imgSrc": "https://cdn0.woolworths.media/content/wowproductimages/medium/034126.jpg",
        "name": "Edgell Sauerkraut  410g",
        "price": 3.4,
        "unitPrice": "$8.29 / 1KG"
    },
    {
        "category": "pantry",
        "href": "https://www.woolworths.com.au/shop/productdetails/34996/hoyts-parsley",
        "imgName": "034996.jpg",
        "imgSrc": "https://cdn0.woolworths.media/content/wowproductimages/medium/034996.jpg",
        "name": "Hoyts Parsley  40g",
        "price": 3.2,
        "unitPrice": "$0.80 / 10G"
    },
    {
        "category": "pantry",
        "href": "https://www.woolworths.com.au/shop/productdetails/168/tcc-coconut-milk",
        "imgName": "000168.jpg",
        "imgSrc": "https://cdn0.woolworths.media/content/wowproductimages/medium/000168.jpg",
        "name": "Tcc Coconut Milk 400ml",
        "price": 1.7,
        "unitPrice": "$0.43 / 100ML"
    },
    {
        "category": "pantry",
        "href": "https://www.woolworths.com.au/shop/productdetails/31370/essentials-coconut-cream",
        "imgName": "031370.jpg",
        "imgSrc": "https://cdn0.woolworths.media/content/wowproductimages/medium/031370.jpg",
        "name": "Essentials Coconut Cream 400ml",
        "price": 0.9,
        "unitPrice": "$0.23 / 100ML"
    },
    {
        "category": "pantry",
        "href": "https://www.woolworths.com.au/shop/productdetails/30322/essentials-brown-vinegar",
        "imgName": "030322.jpg",
        "imgSrc": "https://cdn0.woolworths.media/content/wowproductimages/medium/030322.jpg",
        "name": "Essentials Brown Vinegar 1l",
        "price": 1.05,
        "unitPrice": "$0.11 / 100ML"
    },
    {
        "category": "pantry",
        "href": "https://www.woolworths.com.au/shop/productdetails/37877/sanitarium-vegetarian-foods-nut-meat",
        "imgName": "037877.jpg",
        "imgSrc": "https://cdn0.woolworths.media/content/wowproductimages/medium/037877.jpg",
        "name": "Sanitarium Vegetarian Foods Nut Meat 415g",
        "price": 4.2,
        "unitPrice": "$1.01 / 100G"
    },
    {
        "category": "pantry",
        "href": "https://www.woolworths.com.au/shop/productdetails/8088/mckenzie-s-lentils-red",
        "imgName": "008088.jpg",
        "imgSrc": "https://cdn0.woolworths.media/content/wowproductimages/medium/008088.jpg",
        "name": "Mckenzie's Lentils Red 375g",
        "price": 2.3,
        "unitPrice": "$0.61 / 100G"
    },
    {
        "category": "pantry",
        "href": "https://www.woolworths.com.au/shop/productdetails/36278/john-west-tuna-spread",
        "imgName": "036278.jpg",
        "imgSrc": "https://cdn0.woolworths.media/content/wowproductimages/medium/036278.jpg",
        "name": "John West Tuna Spread 95g",
        "price": 2.35,
        "unitPrice": "$2.47 / 100G"
    },
    {
        "category": "pantry",
        "href": "https://www.woolworths.com.au/shop/productdetails/39568/allen-s-lollypops",
        "imgName": "039568.jpg",
        "imgSrc": "https://cdn0.woolworths.media/content/wowproductimages/medium/039568.jpg",
        "name": "Allen's Lollypops  265g bag",
        "price": 4.25,
        "unitPrice": "$1.60 / 100G"
    },
    {
        "category": "pantry",
        "href": "https://www.woolworths.com.au/shop/productdetails/41968/sharwoods-ingredients-chutney-mango",
        "imgName": "041968.jpg",
        "imgSrc": "https://cdn0.woolworths.media/content/wowproductimages/medium/041968.jpg",
        "name": "Sharwoods Ingredients Chutney Mango 354g",
        "price": 5.65,
        "unitPrice": "$1.60 / 100G"
    },
    {
        "category": "pantry",
        "href": "https://www.woolworths.com.au/shop/productdetails/83025/biogenic-oil-flaxseed-linseed",
        "imgName": "083025.jpg",
        "imgSrc": "https://cdn0.woolworths.media/content/wowproductimages/medium/083025.jpg",
        "name": "Biogenic Oil Flaxseed Linseed 250ml",
        "price": 8,
        "unitPrice": "$3.20 / 100ML"
    },
    {
        "category": "pantry",
        "href": "https://www.woolworths.com.au/shop/productdetails/94641/hoyts-mixed-spice",
        "imgName": "094641.jpg",
        "imgSrc": "https://cdn0.woolworths.media/content/wowproductimages/medium/094641.jpg",
        "name": "Hoyts Mixed Spice  25g",
        "price": 1.5,
        "unitPrice": "$0.60 / 10G"
    },
    {
        "category": "pantry",
        "href": "https://www.woolworths.com.au/shop/productdetails/44760/masterfoods-cloves-ground",
        "imgName": "044760.jpg",
        "imgSrc": "https://cdn0.woolworths.media/content/wowproductimages/medium/044760.jpg",
        "name": "Masterfoods Cloves Ground 26g",
        "price": 4.5,
        "unitPrice": "$1.73 / 10G"
    },
    {
        "category": "pantry",
        "href": "https://www.woolworths.com.au/shop/productdetails/55432/angas-park-fruit-mix-medley",
        "imgName": "055432.jpg",
        "imgSrc": "https://cdn0.woolworths.media/content/wowproductimages/medium/055432.jpg",
        "name": "Angas Park Fruit Mix Medley 375g",
        "price": 8,
        "unitPrice": "$21.33 / 1KG"
    },
    {
        "category": "pantry",
        "href": "https://www.woolworths.com.au/shop/productdetails/46723/abundant-earth-sauce-tamari-low-salt",
        "imgName": "046723.jpg",
        "imgSrc": "https://cdn0.woolworths.media/content/wowproductimages/medium/046723.jpg",
        "name": "Abundant Earth Sauce Tamari Low Salt 250ml",
        "price": 6.99,
        "unitPrice": "$2.80 / 100ML"
    },
    {
        "category": "pantry",
        "href": "https://www.woolworths.com.au/shop/productdetails/72424/always-fresh-olives-anchovy-stuffed",
        "imgName": "072424.jpg",
        "imgSrc": "https://cdn0.woolworths.media/content/wowproductimages/medium/072424.jpg",
        "name": "Always Fresh Olives Anchovy Stuffed 235g",
        "price": 3.5,
        "unitPrice": "$14.89 / 1KG"
    },
    {
        "category": "pantry",
        "href": "https://www.woolworths.com.au/shop/productdetails/94622/hoyts-sesame-seeds",
        "imgName": "094622.jpg",
        "imgSrc": "https://cdn0.woolworths.media/content/wowproductimages/medium/094622.jpg",
        "name": "Hoyts Sesame Seeds  100g",
        "price": 2.5,
        "unitPrice": "$0.25 / 10G"
    },
    {
        "category": "pantry",
        "href": "https://www.woolworths.com.au/shop/productdetails/90832/bushells-blue-label-black-leave-tea-extra-strong",
        "imgName": "090832.jpg",
        "imgSrc": "https://cdn0.woolworths.media/content/wowproductimages/medium/090832.jpg",
        "name": "Bushells Blue Label Black Leave Tea Extra Strong 3x100s",
        "price": 4.49,
        "unitPrice": "$1.80 / 100G"
    },
    {
        "category": "pantry",
        "href": "https://www.woolworths.com.au/shop/productdetails/93680/barilla-cannelloni-pasta-no-88",
        "imgName": "093680.jpg",
        "imgSrc": "https://cdn0.woolworths.media/content/wowproductimages/medium/093680.jpg",
        "name": "Barilla Cannelloni Pasta No 88 250g",
        "price": 2.55,
        "unitPrice": "$1.02 / 100G"
    },
    {
        "category": "pantry",
        "href": "https://www.woolworths.com.au/shop/productdetails/90629/nong-shim-onion-rings-onion-rig",
        "imgName": "090629.jpg",
        "imgSrc": "https://cdn0.woolworths.media/content/wowproductimages/medium/090629.jpg",
        "name": "Nong Shim Onion Rings Onion Rig 50g",
        "price": 1.9,
        "unitPrice": "$3.80 / 100G"
    },
    {
        "category": "pantry",
        "href": "https://www.woolworths.com.au/shop/productdetails/176981/unibic-shortbread-shortbread-fingers",
        "imgName": "176981.jpg",
        "imgSrc": "https://cdn0.woolworths.media/content/wowproductimages/medium/176981.jpg",
        "name": "Unibic Shortbread Shortbread Fingers 200g",
        "price": 2.9,
        "special": 2,
        "unitPrice": "$1.00 / 100G"
    },
    {
        "category": "pantry",
        "href": "https://www.woolworths.com.au/shop/productdetails/176411/woolworths-almonds-kernels",
        "imgName": "176411.jpg",
        "imgSrc": "https://cdn0.woolworths.media/content/wowproductimages/medium/176411.jpg",
        "name": "Woolworths Almonds Kernels 750g pack",
        "price": 11,
        "unitPrice": "$14.67 / 1KG"
    },
    {
        "category": "pantry",
        "href": "https://www.woolworths.com.au/shop/productdetails/188056/heinz-spaghetti-tomato-sauce-cheese",
        "imgName": "188056.jpg",
        "imgSrc": "https://cdn0.woolworths.media/content/wowproductimages/medium/188056.jpg",
        "name": "Heinz Spaghetti Tomato Sauce & Cheese 4x130g",
        "price": 3.7,
        "unitPrice": "$0.71 / 100G"
    },
    {
        "category": "pantry",
        "href": "https://www.woolworths.com.au/shop/productdetails/137364/cottee-s-instant-pudding-vanilla",
        "imgName": "137364.jpg",
        "imgSrc": "https://cdn0.woolworths.media/content/wowproductimages/medium/137364.jpg",
        "name": "Cottee's Instant Pudding Vanilla 100g",
        "price": 1.45,
        "unitPrice": "$1.45 / 100G"
    },
    {
        "category": "pantry",
        "href": "https://www.woolworths.com.au/shop/productdetails/185395/obento-japanese-yaki-nori-for-sushi",
        "imgName": "185395.jpg",
        "imgSrc": "https://cdn0.woolworths.media/content/wowproductimages/medium/185395.jpg",
        "name": "Obento Japanese Yaki Nori For Sushi 1pk",
        "price": 3.1,
        "unitPrice": "$12.40 / 100G"
    },
    {
        "category": "pantry",
        "href": "https://www.woolworths.com.au/shop/productdetails/185220/woolworths-mixed-nuts-fruit",
        "imgName": "185220.jpg",
        "imgSrc": "https://cdn0.woolworths.media/content/wowproductimages/medium/185220.jpg",
        "name": "Woolworths Mixed Nuts & Fruit 750g pack",
        "price": 9,
        "unitPrice": "$12.00 / 1KG"
    },
    {
        "category": "pantry",
        "href": "https://www.woolworths.com.au/shop/productdetails/201855/homebrand-blueberry-oven-baked-fruit-bars",
        "imgName": "201855.jpg",
        "imgSrc": "https://cdn0.woolworths.media/content/wowproductimages/medium/201855.jpg",
        "name": "Homebrand Blueberry Oven Baked Fruit Bars 12pk 450g",
        "price": 4.4,
        "unitPrice": "$0.98 / 100G"
    },
    {
        "category": "pantry",
        "href": "https://www.woolworths.com.au/shop/productdetails/181476/vegemite-travel-pack-tube",
        "imgName": "181476.jpg",
        "imgSrc": "https://cdn0.woolworths.media/content/wowproductimages/medium/181476.jpg",
        "name": "Vegemite Travel Pack Tube  145g",
        "price": 4.05,
        "unitPrice": "$2.79 / 100G"
    },
    {
        "category": "pantry",
        "href": "https://www.woolworths.com.au/shop/productdetails/204547/ryvita-multi-grain",
        "imgName": "204547.jpg",
        "imgSrc": "https://cdn0.woolworths.media/content/wowproductimages/medium/204547.jpg",
        "name": "Ryvita Multi Grain  250g",
        "price": 2.85,
        "unitPrice": "$1.14 / 100G"
    },
    {
        "category": "pantry",
        "href": "https://www.woolworths.com.au/shop/productdetails/194994/taylors-simmer-sauce-kashmiri-butter-chicken",
        "imgName": "194994.jpg",
        "imgSrc": "https://cdn0.woolworths.media/content/wowproductimages/medium/194994.jpg",
        "name": "Taylors Simmer Sauce Kashmiri Butter Chicken 485g",
        "price": 3.79,
        "unitPrice": "$0.78 / 100G"
    },
    {
        "category": "pantry",
        "href": "https://www.woolworths.com.au/shop/productdetails/186115/passage-to-india-simmer-sauce-curry-korma",
        "imgName": "186115.jpg",
        "imgSrc": "https://cdn0.woolworths.media/content/wowproductimages/medium/186115.jpg",
        "name": "Passage To India Simmer Sauce Curry Korma 375g",
        "price": 4.3,
        "unitPrice": "$1.15 / 100G"
    },
    {
        "category": "pantry",
        "href": "https://www.woolworths.com.au/shop/productdetails/250371/beechworth-pure-honey",
        "imgName": "250371.jpg",
        "imgSrc": "https://cdn0.woolworths.media/content/wowproductimages/medium/250371.jpg",
        "name": "Beechworth Pure Honey 1.5kg",
        "price": 18,
        "unitPrice": "$1.20 / 100G"
    },
    {
        "category": "pantry",
        "href": "https://www.woolworths.com.au/shop/productdetails/250988/woolworths-select-cajun-seasoning",
        "imgName": "250988.jpg",
        "imgSrc": "https://cdn0.woolworths.media/content/wowproductimages/medium/250988.jpg",
        "name": "Woolworths Select Cajun Seasoning 35g",
        "price": 2,
        "unitPrice": "$0.57 / 10G"
    },
    {
        "category": "pantry",
        "href": "https://www.woolworths.com.au/shop/productdetails/210624/hoyts-chilli-dried-crushed",
        "imgName": "210624.jpg",
        "imgSrc": "https://cdn0.woolworths.media/content/wowproductimages/medium/210624.jpg",
        "name": "Hoyts Chilli Dried Crushed 100g",
        "price": 4.5,
        "unitPrice": "$0.45 / 10G"
    },
    {
        "category": "pantry",
        "href": "https://www.woolworths.com.au/shop/productdetails/306488/saxa-all-natural-rock-salt",
        "imgName": "306488.jpg",
        "imgSrc": "https://cdn0.woolworths.media/content/wowproductimages/medium/306488.jpg",
        "name": "Saxa All Natural Rock Salt 1kg",
        "price": 4.1,
        "unitPrice": "$0.04 / 10G"
    },
    {
        "category": "pantry",
        "href": "https://www.woolworths.com.au/shop/productdetails/254494/jarrah-coffee-vienna-cinnamon-latte",
        "imgName": "254494.jpg",
        "imgSrc": "https://cdn0.woolworths.media/content/wowproductimages/medium/254494.jpg",
        "name": "Jarrah Coffee Vienna Cinnamon Latte 250g",
        "price": 6,
        "unitPrice": "$2.40 / 100G"
    },
    {
        "category": "pantry",
        "href": "https://www.woolworths.com.au/shop/productdetails/231808/macro-nuts-macadamia-kernels",
        "imgName": "231808.jpg",
        "imgSrc": "https://cdn0.woolworths.media/content/wowproductimages/medium/231808.jpg",
        "name": "Macro Nuts Macadamia Kernels 225g",
        "price": 12,
        "unitPrice": "$53.33 / 1KG"
    },
    {
        "category": "pantry",
        "href": "https://www.woolworths.com.au/shop/productdetails/251130/woolworths-select-paprika-ground",
        "imgName": "251130.jpg",
        "imgSrc": "https://cdn0.woolworths.media/content/wowproductimages/medium/251130.jpg",
        "name": "Woolworths Select Paprika Ground 30g",
        "price": 1.7,
        "unitPrice": "$0.57 / 10G"
    },
    {
        "category": "pantry",
        "href": "https://www.woolworths.com.au/shop/productdetails/252194/white-wings-flour-self-raising-gluten-free",
        "imgName": "252194.jpg",
        "imgSrc": "https://cdn0.woolworths.media/content/wowproductimages/medium/252194.jpg",
        "name": "White Wings Flour Self Raising Gluten Free 750g",
        "price": 6.29,
        "unitPrice": "$8.39 / 1KG"
    },
    {
        "category": "pantry",
        "href": "https://www.woolworths.com.au/shop/productdetails/250036/dilmah-extra-strength-tea-bags",
        "imgName": "250036.jpg",
        "imgSrc": "https://cdn0.woolworths.media/content/wowproductimages/medium/250036.jpg",
        "name": "Dilmah Extra Strength Tea Bags 200pk 480g",
        "price": 10.15,
        "unitPrice": "$2.11 / 100G"
    },
    {
        "category": "pantry",
        "href": "https://www.woolworths.com.au/shop/productdetails/279869/praise-caesar-salad-croutons",
        "imgName": "279869.jpg",
        "imgSrc": "https://cdn0.woolworths.media/content/wowproductimages/medium/279869.jpg",
        "name": "Praise Caesar Salad Croutons  150g",
        "price": 4,
        "unitPrice": "$2.67 / 100G"
    },
    {
        "category": "pantry",
        "href": "https://www.woolworths.com.au/shop/productdetails/262665/lighthouse-bread-and-pizza-plain-flour",
        "imgName": "262665.jpg",
        "imgSrc": "https://cdn0.woolworths.media/content/wowproductimages/medium/262665.jpg",
        "name": "Lighthouse Bread And Pizza Plain Flour 1kg",
        "price": 3.65,
        "unitPrice": "$3.65 / 1KG"
    },
    {
        "category": "pantry",
        "href": "https://www.woolworths.com.au/shop/productdetails/261857/wizz-fizz-sherbert-cones",
        "imgName": "261857.jpg",
        "imgSrc": "https://cdn0.woolworths.media/content/wowproductimages/medium/261857.jpg",
        "name": "Wizz Fizz Sherbert Cones  5pk",
        "price": 2,
        "unitPrice": "$2.86 / 100G"
    },
    {
        "category": "pantry",
        "href": "https://www.woolworths.com.au/shop/productdetails/320992/mckenzie-s-natural-salt-sea",
        "imgName": "320992.jpg",
        "imgSrc": "https://cdn0.woolworths.media/content/wowproductimages/medium/320992.jpg",
        "name": "Mckenzie's Natural Salt Sea  400g",
        "price": 5.95,
        "unitPrice": "$0.15 / 10G"
    },
    {
        "category": "pantry",
        "href": "https://www.woolworths.com.au/shop/productdetails/312758/s-w-mayonnaise-whole-egg-squeeze",
        "imgName": "312758.jpg",
        "imgSrc": "https://cdn0.woolworths.media/content/wowproductimages/medium/312758.jpg",
        "name": "S&w Mayonnaise Whole Egg Squeeze 320g",
        "price": 5.6,
        "unitPrice": "$1.75 / 100G"
    },
    {
        "category": "pantry",
        "href": "https://www.woolworths.com.au/shop/productdetails/308611/ayam-coconut-milk-powder",
        "imgName": "308611.jpg",
        "imgSrc": "https://cdn0.woolworths.media/content/wowproductimages/medium/308611.jpg",
        "name": "Ayam Coconut Milk Powder 150g",
        "price": 3.4,
        "unitPrice": "$2.27 / 100G"
    },
    {
        "category": "pantry",
        "href": "https://www.woolworths.com.au/shop/productdetails/306494/saxa-salt-cooking-iodised",
        "imgName": "306494.jpg",
        "imgSrc": "https://cdn0.woolworths.media/content/wowproductimages/medium/306494.jpg",
        "name": "Saxa Salt Cooking Iodised 1kg",
        "price": 1.9,
        "unitPrice": "$0.02 / 10G"
    },
    {
        "category": "pantry",
        "href": "https://www.woolworths.com.au/shop/productdetails/326775/trolli-lollies-brite-crawlers",
        "imgName": "326775.jpg",
        "imgSrc": "https://cdn0.woolworths.media/content/wowproductimages/medium/326775.jpg",
        "name": "Trolli Lollies Brite Crawlers 150g",
        "price": 2.15,
        "unitPrice": "$1.43 / 100G"
    },
    {
        "category": "pantry",
        "href": "https://www.woolworths.com.au/shop/productdetails/289138/macro-nuts-walnuts",
        "imgName": "289138.jpg",
        "imgSrc": "https://cdn0.woolworths.media/content/wowproductimages/medium/289138.jpg",
        "name": "Macro Nuts Walnuts 250g",
        "price": 7.99,
        "unitPrice": "$31.96 / 1KG"
    },
    {
        "category": "pantry",
        "href": "https://www.woolworths.com.au/shop/productdetails/297566/vetta-spaghetti-high-fibre-pasta",
        "imgName": "297566.jpg",
        "imgSrc": "https://cdn0.woolworths.media/content/wowproductimages/medium/297566.jpg",
        "name": "Vetta Spaghetti High Fibre Pasta 500g",
        "price": 2,
        "unitPrice": "$0.40 / 100G"
    },
    {
        "category": "pantry",
        "href": "https://www.woolworths.com.au/shop/productdetails/323397/masterfoods-side-dish-creamy-cheesy-potato-bake",
        "imgName": "323397.jpg",
        "imgSrc": "https://cdn0.woolworths.media/content/wowproductimages/medium/323397.jpg",
        "name": "Masterfoods Side Dish Creamy Cheesy Potato Bake 175g",
        "price": 2.19,
        "unitPrice": "$1.25 / 100G"
    },
    {
        "category": "pantry",
        "href": "https://www.woolworths.com.au/shop/productdetails/320995/mckenzie-s-pepper-black-corns-blended",
        "imgName": "320995.jpg",
        "imgSrc": "https://cdn0.woolworths.media/content/wowproductimages/medium/320995.jpg",
        "name": "Mckenzie's Pepper Black Corns Blended 200g",
        "price": 5.95,
        "unitPrice": "$0.30 / 10G"
    },
    {
        "category": "pantry",
        "href": "https://www.woolworths.com.au/shop/productdetails/319967/thins-chips-share-pack-seasoned-chicken",
        "imgName": "319967.jpg",
        "imgSrc": "https://cdn0.woolworths.media/content/wowproductimages/medium/319967.jpg",
        "name": "Thins Chips Share Pack Seasoned Chicken 175g",
        "price": 2.5,
        "unitPrice": "$1.43 / 100G"
    },
    {
        "category": "pantry",
        "href": "https://www.woolworths.com.au/shop/productdetails/334885/macro-nuts-almond-meal",
        "imgName": "334885.jpg",
        "imgSrc": "https://cdn0.woolworths.media/content/wowproductimages/medium/334885.jpg",
        "name": "Macro Nuts Almond Meal 400g",
        "price": 8.99,
        "unitPrice": "$22.48 / 1KG"
    },
    {
        "category": "pantry",
        "href": "https://www.woolworths.com.au/shop/productdetails/334789/macro-five-grain-porridge",
        "imgName": "334789.jpg",
        "imgSrc": "https://cdn0.woolworths.media/content/wowproductimages/medium/334789.jpg",
        "name": "Macro Five Grain Porridge  750g",
        "price": 3.79,
        "unitPrice": "$0.51 / 100G"
    },
    {
        "category": "pantry",
        "href": "https://www.woolworths.com.au/shop/productdetails/334868/macro-nuts-cashews-dry-roasted",
        "imgName": "334868.jpg",
        "imgSrc": "https://cdn0.woolworths.media/content/wowproductimages/medium/334868.jpg",
        "name": "Macro Nuts Cashews Dry Roasted 250g",
        "price": 8,
        "unitPrice": "$32.00 / 1KG"
    },
    {
        "category": "pantry",
        "href": "https://www.woolworths.com.au/shop/productdetails/334873/macro-nuts-fruit-nut-roasted",
        "imgName": "334873.jpg",
        "imgSrc": "https://cdn0.woolworths.media/content/wowproductimages/medium/334873.jpg",
        "name": "Macro Nuts Fruit & Nut Roasted 500g",
        "price": 9.99,
        "unitPrice": "$19.98 / 1KG"
    },
    {
        "category": "pantry",
        "href": "https://www.woolworths.com.au/shop/productdetails/375118/masterfoods-slow-cooker-mild-chicken-curry",
        "imgName": "375118.jpg",
        "imgSrc": "https://cdn0.woolworths.media/content/wowproductimages/medium/375118.jpg",
        "name": "Masterfoods Slow Cooker Mild Chicken Curry 175g",
        "price": 2.19,
        "unitPrice": "$1.25 / 100G"
    },
    {
        "category": "pantry",
        "href": "https://www.woolworths.com.au/shop/productdetails/334879/macro-natural-nuts-raw-mixed-nuts",
        "imgName": "334879.jpg",
        "imgSrc": "https://cdn0.woolworths.media/content/wowproductimages/medium/334879.jpg",
        "name": "Macro Natural Nuts Raw Mixed Nuts 500g",
        "price": 12.99,
        "unitPrice": "$25.98 / 1KG"
    },
    {
        "category": "pantry",
        "href": "https://www.woolworths.com.au/shop/productdetails/355158/macro-pitted-dates",
        "imgName": "355158.jpg",
        "imgSrc": "https://cdn0.woolworths.media/content/wowproductimages/medium/355158.jpg",
        "name": "Macro Pitted Dates 500g",
        "price": 3.39,
        "unitPrice": "$6.78 / 1KG"
    },
    {
        "category": "pantry",
        "href": "https://www.woolworths.com.au/shop/productdetails/384755/cobs-gluten-free-cheese-popcorn",
        "imgName": "384755.jpg",
        "imgSrc": "https://cdn0.woolworths.media/content/wowproductimages/medium/384755.jpg",
        "name": "Cobs Gluten Free Cheese Popcorn 100g",
        "price": 2.85,
        "unitPrice": "$2.85 / 100G"
    },
    {
        "category": "pantry",
        "href": "https://www.woolworths.com.au/shop/productdetails/421868/kantong-stir-fry-sauce-teriyaki-chicken",
        "imgName": "421868.jpg",
        "imgSrc": "https://cdn0.woolworths.media/content/wowproductimages/medium/421868.jpg",
        "name": "Kantong Stir Fry Sauce Teriyaki Chicken 500g",
        "price": 3.29,
        "unitPrice": "$0.66 / 100G"
    },
    {
        "category": "pantry",
        "href": "https://www.woolworths.com.au/shop/productdetails/427884/madura-black-leaf-tea-organic",
        "imgName": "427884.jpg",
        "imgSrc": "https://cdn0.woolworths.media/content/wowproductimages/medium/427884.jpg",
        "name": "Madura Black Leaf Tea Organic 150g",
        "price": 5.95,
        "unitPrice": "$3.97 / 100G"
    },
    {
        "category": "pantry",
        "href": "https://www.woolworths.com.au/shop/productdetails/494308/la-costena-refried-black-beans",
        "imgName": "494308.jpg",
        "imgSrc": "https://cdn0.woolworths.media/content/wowproductimages/medium/494308.jpg",
        "name": "La Costena Refried Black Beans  400g",
        "price": 2.9,
        "unitPrice": "$0.73 / 100G"
    },
    {
        "category": "pantry",
        "href": "https://www.woolworths.com.au/shop/productdetails/522493/woolworths-savoury-nut-selection",
        "imgName": "522493.jpg",
        "imgSrc": "https://cdn0.woolworths.media/content/wowproductimages/medium/522493.jpg",
        "name": "Woolworths Savoury Nut Selection 345g",
        "price": 6,
        "unitPrice": "$17.39 / 1KG"
    },
    {
        "category": "pantry",
        "href": "https://www.woolworths.com.au/shop/productdetails/491620/dollar-sweets-choclettes-sprinkles-jar",
        "imgName": "491620.jpg",
        "imgSrc": "https://cdn0.woolworths.media/content/wowproductimages/medium/491620.jpg",
        "name": "Dollar Sweets Choclettes Sprinkles Jar  115g",
        "price": 3.5,
        "unitPrice": "$3.04 / 100G"
    },
    {
        "category": "pantry",
        "href": "https://www.woolworths.com.au/shop/productdetails/377589/cobs-gluten-free-popcorn-sea-salt",
        "imgName": "377589.jpg",
        "imgSrc": "https://cdn0.woolworths.media/content/wowproductimages/medium/377589.jpg",
        "name": "Cobs Gluten Free Popcorn Sea Salt 80g",
        "price": 2.85,
        "unitPrice": "$3.56 / 100G"
    },
    {
        "category": "pantry",
        "href": "https://www.woolworths.com.au/shop/productdetails/474367/betty-crocker-gluten-free-vanilla-cupcake-mix",
        "imgName": "474367.jpg",
        "imgSrc": "https://cdn0.woolworths.media/content/wowproductimages/medium/474367.jpg",
        "name": "Betty Crocker Gluten Free Vanilla Cupcake Mix 460g",
        "price": 5.99,
        "unitPrice": "$1.30 / 100G"
    },
    {
        "category": "pantry",
        "href": "https://www.woolworths.com.au/shop/productdetails/435056/podravka-sandwich-spread-chicken",
        "imgName": "435056.jpg",
        "imgSrc": "https://cdn0.woolworths.media/content/wowproductimages/medium/435056.jpg",
        "name": "Podravka Sandwich Spread Chicken 100g",
        "price": 2.5,
        "unitPrice": "$2.50 / 100G"
    },
    {
        "category": "pantry",
        "href": "https://www.woolworths.com.au/shop/productdetails/458038/allen-s-peaches-cream",
        "imgName": "458038.jpg",
        "imgSrc": "https://cdn0.woolworths.media/content/wowproductimages/medium/458038.jpg",
        "name": "Allen's Peaches & Cream  170g bag",
        "price": 3,
        "unitPrice": "$1.76 / 100G"
    },
    {
        "category": "pantry",
        "href": "https://www.woolworths.com.au/shop/productdetails/479935/sanitarium-up-go-vanilla-ice",
        "imgName": "479935.jpg",
        "imgSrc": "https://cdn0.woolworths.media/content/wowproductimages/medium/479935.jpg",
        "name": "Sanitarium Up & Go Vanilla Ice 500ml",
        "price": 4.15,
        "unitPrice": "$8.30 / 1L"
    },
    {
        "category": "pantry",
        "href": "https://www.woolworths.com.au/shop/productdetails/526471/woolworths-roasted-salted-mixed-nuts",
        "imgName": "526471.jpg",
        "imgSrc": "https://cdn0.woolworths.media/content/wowproductimages/medium/526471.jpg",
        "name": "Woolworths Roasted & Salted Mixed Nuts 80g",
        "price": 2,
        "unitPrice": "$25.00 / 1KG"
    },
    {
        "category": "pantry",
        "href": "https://www.woolworths.com.au/shop/productdetails/526259/woolworths-natural-almonds",
        "imgName": "526259.jpg",
        "imgSrc": "https://cdn0.woolworths.media/content/wowproductimages/medium/526259.jpg",
        "name": "Woolworths Natural Almonds  70g",
        "price": 2,
        "unitPrice": "$28.57 / 1KG"
    },
    {
        "category": "pantry",
        "href": "https://www.woolworths.com.au/shop/productdetails/517397/passage-to-india-butter-beef-curry",
        "imgName": "517397.jpg",
        "imgSrc": "https://cdn0.woolworths.media/content/wowproductimages/medium/517397.jpg",
        "name": "Passage To India Butter Beef Curry  375g",
        "price": 4.3,
        "unitPrice": "$1.15 / 100G"
    },
    {
        "category": "pantry",
        "href": "https://www.woolworths.com.au/shop/productdetails/518052/aeroplane-ready-to-eat-jelly-pineapple",
        "imgName": "518052.jpg",
        "imgSrc": "https://cdn0.woolworths.media/content/wowproductimages/medium/518052.jpg",
        "name": "Aeroplane Ready To Eat Jelly Pineapple 120g",
        "price": 1.45,
        "unitPrice": "$1.21 / 100G"
    },
    {
        "category": "pantry",
        "href": "https://www.woolworths.com.au/shop/productdetails/635560/thinkfood-munch-almond-trail",
        "imgName": "635560.jpg",
        "imgSrc": "https://cdn0.woolworths.media/content/wowproductimages/medium/635560.jpg",
        "name": "Thinkfood Munch Almond Trail 140g",
        "price": 5.5,
        "unitPrice": "$3.93 / 100G"
    },
    {
        "category": "pantry",
        "href": "https://www.woolworths.com.au/shop/productdetails/580628/snatts-tomato-oregano-bread-snacks",
        "imgName": "580628.jpg",
        "imgSrc": "https://cdn0.woolworths.media/content/wowproductimages/medium/580628.jpg",
        "name": "Snatts Tomato & Oregano Bread Snacks 120g",
        "price": 3,
        "unitPrice": "$2.50 / 100G"
    },
    {
        "category": "pantry",
        "href": "https://www.woolworths.com.au/shop/productdetails/635764/praise-deli-style-honey-dijon",
        "imgName": "635764.jpg",
        "imgSrc": "https://cdn0.woolworths.media/content/wowproductimages/medium/635764.jpg",
        "name": "Praise Deli Style Honey Dijon 250ml",
        "price": 3.5,
        "unitPrice": "$1.40 / 100ML"
    },
    {
        "category": "pantry",
        "href": "https://www.woolworths.com.au/shop/productdetails/662575/birch-waite-moroccan-spiced-yoghurt-dressing",
        "imgName": "662575.jpg",
        "imgSrc": "https://cdn0.woolworths.media/content/wowproductimages/medium/662575.jpg",
        "name": "Birch & Waite Moroccan Spiced Yoghurt Dressing 250ml",
        "price": 5,
        "unitPrice": "$2.00 / 100ML"
    },
    {
        "category": "pantry",
        "href": "https://www.woolworths.com.au/shop/productdetails/700525/macro-organic-quick-oats",
        "imgName": "700525.jpg",
        "imgSrc": "https://cdn0.woolworths.media/content/wowproductimages/medium/700525.jpg",
        "name": "Macro Organic Quick Oats 500g",
        "price": 3.75,
        "unitPrice": "$0.75 / 100G"
    },
    {
        "category": "pantry",
        "href": "https://www.woolworths.com.au/shop/productdetails/708915/leda-cookies-arrowroot",
        "imgName": "708915.jpg",
        "imgSrc": "https://cdn0.woolworths.media/content/wowproductimages/medium/708915.jpg",
        "name": "Leda Cookies Arrowroot 205g",
        "price": 3.59,
        "unitPrice": "$1.75 / 100G"
    },
    {
        "category": "pantry",
        "href": "https://www.woolworths.com.au/shop/productdetails/748414/bega-peanut-butter-no-added-sugar-or-salt-crunchy",
        "imgName": "748414.jpg",
        "imgSrc": "https://cdn0.woolworths.media/content/wowproductimages/medium/748414.jpg",
        "name": "Bega Peanut Butter No Added Sugar Or Salt Crunchy 325g",
        "price": 4.65,
        "unitPrice": "$1.43 / 100G"
    },
    {
        "category": "pantry",
        "href": "https://www.woolworths.com.au/shop/productdetails/753340/woolworths-select-pesto-basil",
        "imgName": "753340.jpg",
        "imgSrc": "https://cdn0.woolworths.media/content/wowproductimages/medium/753340.jpg",
        "name": "Woolworths Select Pesto Basil 190g",
        "price": 1.95,
        "unitPrice": "$1.03 / 100G"
    },
    {
        "category": "pantry",
        "href": "https://www.woolworths.com.au/shop/productdetails/765410/tetley-forest-fruits-pyramid-tea",
        "imgName": "765410.jpg",
        "imgSrc": "https://cdn0.woolworths.media/content/wowproductimages/medium/765410.jpg",
        "name": "Tetley Forest Fruits Pyramid Tea 18pk 36g",
        "price": 3,
        "unitPrice": "$8.33 / 100G"
    },
    {
        "category": "pantry",
        "href": "https://www.woolworths.com.au/shop/productdetails/758336/dolmio-lasagne-pasta-sauce-extra-cheese",
        "imgName": "758336.jpg",
        "imgSrc": "https://cdn0.woolworths.media/content/wowproductimages/medium/758336.jpg",
        "name": "Dolmio Lasagne Pasta Sauce Extra Cheese 490g",
        "price": 3.79,
        "unitPrice": "$0.77 / 100G"
    },
    {
        "category": "pantry",
        "href": "https://www.woolworths.com.au/shop/productdetails/786273/carman-s-gourmet-protein-bars-dark-choc-cranberry",
        "imgName": "786273.jpg",
        "imgSrc": "https://cdn0.woolworths.media/content/wowproductimages/medium/786273.jpg",
        "name": "Carman's Gourmet Protein Bars Dark Choc & Cranberry 200g",
        "price": 5.8,
        "unitPrice": "$2.90 / 100G"
    },
    {
        "category": "pantry",
        "href": "https://www.woolworths.com.au/shop/productdetails/729032/sunrice-gourmet-rice-forbidden-black",
        "imgName": "729032.jpg",
        "imgSrc": "https://cdn0.woolworths.media/content/wowproductimages/medium/729032.jpg",
        "name": "Sunrice Gourmet Rice Forbidden Black 500g",
        "price": 5,
        "unitPrice": "$1.00 / 100G"
    },
    {
        "category": "pantry",
        "href": "https://www.woolworths.com.au/shop/productdetails/726353/woolworths-select-hazelnuts",
        "imgName": "726353.jpg",
        "imgSrc": "https://cdn0.woolworths.media/content/wowproductimages/medium/726353.jpg",
        "name": "Woolworths Select Hazelnuts  150g",
        "price": 4,
        "unitPrice": "$26.67 / 1KG"
    },
    {
        "category": "pantry",
        "href": "https://www.woolworths.com.au/shop/productdetails/747335/nescafe-dolce-gusto-coffee-capsules-americano",
        "imgName": "747335.jpg",
        "imgSrc": "https://cdn0.woolworths.media/content/wowproductimages/medium/747335.jpg",
        "name": "Nescafe Dolce Gusto Coffee Capsules Americano 16pk",
        "price": 8.5,
        "unitPrice": "$0.53 / 1EA"
    },
    {
        "category": "pantry",
        "href": "https://www.woolworths.com.au/shop/productdetails/760557/barilla-egg-tagliatelle",
        "imgName": "760557.jpg",
        "imgSrc": "https://cdn0.woolworths.media/content/wowproductimages/medium/760557.jpg",
        "name": "Barilla Egg Tagliatelle  250g",
        "price": 3.49,
        "unitPrice": "$1.40 / 100G"
    },
    {
        "category": "pantry",
        "href": "https://www.woolworths.com.au/shop/productdetails/765310/uncle-bens-serves-one-microwave-special-fried-rice",
        "imgName": "765310.jpg",
        "imgSrc": "https://cdn0.woolworths.media/content/wowproductimages/medium/765310.jpg",
        "name": "Uncle Bens Serves One Microwave Special Fried Rice 125g",
        "price": 2,
        "unitPrice": "$1.60 / 100G"
    },
    {
        "category": "pantry",
        "href": "https://www.woolworths.com.au/shop/productdetails/802036/sweet-baby-ray-s-hickory-brown-sugar-bbq-sauce",
        "imgName": "802036.jpg",
        "imgSrc": "https://cdn0.woolworths.media/content/wowproductimages/medium/802036.jpg",
        "name": "Sweet Baby Ray's Hickory & Brown Sugar Bbq Sauce 425ml",
        "price": 4.99,
        "unitPrice": "$1.17 / 100ML"
    },
    {
        "category": "pantry",
        "href": "https://www.woolworths.com.au/shop/productdetails/827167/homebrand-sardines-in-springwater",
        "imgName": "827167.jpg",
        "imgSrc": "https://cdn0.woolworths.media/content/wowproductimages/medium/827167.jpg",
        "name": "Homebrand Sardines In Springwater  125g",
        "price": 0.65,
        "unitPrice": "$5.20 / 1KG"
    },
    {
        "category": "pantry",
        "href": "https://www.woolworths.com.au/shop/productdetails/786267/carman-s-dark-choc-espresso-nut-bars",
        "imgName": "786267.jpg",
        "imgSrc": "https://cdn0.woolworths.media/content/wowproductimages/medium/786267.jpg",
        "name": "Carman's Dark Choc Espresso Nut Bars 160g",
        "price": 5.6,
        "unitPrice": "$3.50 / 100G"
    },
    {
        "category": "pantry",
        "href": "https://www.woolworths.com.au/shop/productdetails/758396/dolmio-pasta-bake-three-cheese",
        "imgName": "758396.jpg",
        "imgSrc": "https://cdn0.woolworths.media/content/wowproductimages/medium/758396.jpg",
        "name": "Dolmio Pasta Bake Three Cheese 490g",
        "price": 3.79,
        "unitPrice": "$0.77 / 100G"
    },
    {
        "category": "pantry",
        "href": "https://www.woolworths.com.au/shop/productdetails/758447/dolmio-pasta-sauce-carbonara",
        "imgName": "758447.jpg",
        "imgSrc": "https://cdn0.woolworths.media/content/wowproductimages/medium/758447.jpg",
        "name": "Dolmio Pasta Sauce Carbonara 490g",
        "price": 3.29,
        "unitPrice": "$0.67 / 100G"
    },
    {
        "category": "pantry",
        "href": "https://www.woolworths.com.au/shop/productdetails/774320/jamie-oliver-pesto-chilli-and-garlic",
        "imgName": "774320.jpg",
        "imgSrc": "https://cdn0.woolworths.media/content/wowproductimages/medium/774320.jpg",
        "name": "Jamie Oliver Pesto Chilli And Garlic 190g",
        "price": 5.3,
        "unitPrice": "$2.79 / 100G"
    },
    {
        "category": "pantry",
        "href": "https://www.woolworths.com.au/shop/productdetails/777378/john-west-tuna-rice-thai-green-curry",
        "imgName": "777378.jpg",
        "imgSrc": "https://cdn0.woolworths.media/content/wowproductimages/medium/777378.jpg",
        "name": "John West Tuna & Rice Thai Green Curry 200g",
        "price": 4.4,
        "unitPrice": "$22.00 / 1KG"
    },
    {
        "category": "pantry",
        "href": "https://www.woolworths.com.au/shop/productdetails/862807/ottogi-jim-ramen-spicy-instant-noodles",
        "imgName": "862807.jpg",
        "imgSrc": "https://cdn0.woolworths.media/content/wowproductimages/medium/862807.jpg",
        "name": "Ottogi Jim Ramen Spicy Instant Noodles 120g",
        "price": 1.5,
        "unitPrice": "$1.25 / 100G"
    },
    {
        "category": "pantry",
        "href": "https://www.woolworths.com.au/shop/productdetails/839703/essentials-traditional-pasta-sauce",
        "imgName": "839703.jpg",
        "imgSrc": "https://cdn0.woolworths.media/content/wowproductimages/medium/839703.jpg",
        "name": "Essentials Traditional Pasta Sauce 700g",
        "price": 1.9,
        "unitPrice": "$0.27 / 100G"
    },
    {
        "category": "pantry",
        "href": "https://www.woolworths.com.au/shop/productdetails/801417/map-coffee-capsules-strong-roast",
        "imgName": "801417.jpg",
        "imgSrc": "https://cdn0.woolworths.media/content/wowproductimages/medium/801417.jpg",
        "name": "Map Coffee Capsules Strong Roast 10pk",
        "price": 5,
        "unitPrice": "$0.50 / 1EA"
    },
    {
        "category": "pantry",
        "href": "https://www.woolworths.com.au/shop/productdetails/882673/woolworths-select-almonds-milk-chocolate",
        "imgName": "882673.jpg",
        "imgSrc": "https://cdn0.woolworths.media/content/wowproductimages/medium/882673.jpg",
        "name": "Woolworths Select Almonds Milk Chocolate 200g bag",
        "price": 2.3,
        "unitPrice": "$1.15 / 100G"
    },
    {
        "category": "pantry",
        "href": "https://www.woolworths.com.au/shop/productdetails/948488/gourmet-garden-herb-paste-chunky-garlic",
        "imgName": "948488.jpg",
        "imgSrc": "https://cdn0.woolworths.media/content/wowproductimages/medium/948488.jpg",
        "name": "Gourmet Garden Herb Paste Chunky Garlic 80g",
        "price": 3.5,
        "unitPrice": "$0.44 / 10G"
    },
    {
        "category": "pantry",
        "href": "https://www.woolworths.com.au/shop/productdetails/794841/connect-foods-cacao-powder",
        "imgName": "794841.jpg",
        "imgSrc": "https://cdn0.woolworths.media/content/wowproductimages/medium/794841.jpg",
        "name": "Connect Foods Cacao Powder 250g",
        "price": 9.99,
        "unitPrice": "$4.00 / 100G"
    },
    {
        "category": "pantry",
        "href": "https://www.woolworths.com.au/shop/productdetails/839683/double-d-fruit-jellies-sugar-free",
        "imgName": "839683.jpg",
        "imgSrc": "https://cdn0.woolworths.media/content/wowproductimages/medium/839683.jpg",
        "name": "Double D Fruit Jellies Sugar Free 90g bag",
        "price": 2.6,
        "unitPrice": "$2.89 / 100G"
    },
    {
        "category": "pantry",
        "href": "https://www.woolworths.com.au/shop/productdetails/830130/slendier-slim-noodles-style",
        "imgName": "830130.jpg",
        "imgSrc": "https://cdn0.woolworths.media/content/wowproductimages/medium/830130.jpg",
        "name": "Slendier Slim Noodles Style 400g",
        "price": 3.89,
        "unitPrice": "$0.97 / 100G"
    },
    {
        "category": "pantry",
        "href": "https://www.woolworths.com.au/shop/productdetails/931799/macro-organic-muesli-coconut",
        "imgName": "931799.jpg",
        "imgSrc": "https://cdn0.woolworths.media/content/wowproductimages/medium/931799.jpg",
        "name": "Macro Organic Muesli Coconut 750g",
        "price": 7,
        "unitPrice": "$0.93 / 100G"
    },
    {
        "category": "pantry",
        "href": "https://www.woolworths.com.au/shop/productdetails/33892/campbells-canned-soup-cream-of-chicken-corn",
        "imgName": "033892.jpg",
        "imgSrc": "https://cdn0.woolworths.media/content/wowproductimages/medium/033892.jpg",
        "name": "Campbells Canned Soup Cream Of Chicken & Corn 420g",
        "price": 1.86,
        "unitPrice": "$0.44 / 100G"
    },
    {
        "category": "pantry",
        "href": "https://www.woolworths.com.au/shop/productdetails/666239/carman-s-dark-choc-macadamia-coconut-nut-bars",
        "imgName": "666239.jpg",
        "imgSrc": "https://cdn0.woolworths.media/content/wowproductimages/medium/666239.jpg",
        "name": "Carman's Dark Choc Macadamia Coconut Nut Bars 160g",
        "price": 5.6,
        "unitPrice": "$3.50 / 100G"
    },
    {
        "category": "pantry",
        "href": "https://www.woolworths.com.au/shop/productdetails/636340/tom-luke-snackaballs-peanut-butter",
        "imgName": "636340.jpg",
        "imgSrc": "https://cdn0.woolworths.media/content/wowproductimages/medium/636340.jpg",
        "name": "Tom & Luke Snackaballs Peanut Butter 70g",
        "price": 3,
        "unitPrice": "$4.29 / 100G"
    },
    {
        "category": "pantry",
        "href": "https://www.woolworths.com.au/shop/productdetails/847100/woolworths-free-from-gluten-chips-salt-vinegar-multipack",
        "imgName": "847100.jpg",
        "imgSrc": "https://cdn0.woolworths.media/content/wowproductimages/medium/847100.jpg",
        "name": "Woolworths Free From Gluten Chips Salt & Vinegar Multipack 114g",
        "price": 3.99,
        "unitPrice": "$3.50 / 100G"
    },
    {
        "category": "pantry",
        "href": "https://www.woolworths.com.au/shop/productdetails/829650/connect-foods-chia-seeds-black-organic",
        "imgName": "829650.jpg",
        "imgSrc": "https://cdn0.woolworths.media/content/wowproductimages/medium/829650.jpg",
        "name": "Connect Foods Chia Seeds Black Organic 500g",
        "price": 14.99,
        "unitPrice": "$3.00 / 100G"
    },
    {
        "category": "pantry",
        "href": "https://www.woolworths.com.au/shop/productdetails/636342/tom-luke-snackaballs-zesty-lemon",
        "imgName": "636342.jpg",
        "imgSrc": "https://cdn0.woolworths.media/content/wowproductimages/medium/636342.jpg",
        "name": "Tom & Luke Snackaballs Zesty Lemon 70g",
        "price": 3,
        "unitPrice": "$4.29 / 100G"
    },
    {
        "category": "pantry",
        "href": "https://www.woolworths.com.au/shop/productdetails/607069/macro-organic-coconut-flakes",
        "imgName": "607069.jpg",
        "imgSrc": "https://cdn0.woolworths.media/content/wowproductimages/medium/607069.jpg",
        "name": "Macro Organic Coconut Flakes  200g",
        "price": 5,
        "unitPrice": "$2.50 / 100G"
    },
    {
        "category": "pantry",
        "href": "https://www.woolworths.com.au/shop/productdetails/573473/macro-chick-pea-corn-chips-spicy-tomato-salsa",
        "imgName": "573473.jpg",
        "imgSrc": "https://cdn0.woolworths.media/content/wowproductimages/medium/573473.jpg",
        "name": "Macro Chick Pea Corn Chips Spicy Tomato Salsa 175g",
        "price": 4,
        "unitPrice": "$2.29 / 100G"
    },
    {
        "category": "pantry",
        "href": "https://www.woolworths.com.au/shop/productdetails/948507/gourmet-garden-paste-chilli-mild",
        "imgName": "948507.jpg",
        "imgSrc": "https://cdn0.woolworths.media/content/wowproductimages/medium/948507.jpg",
        "name": "Gourmet Garden Paste Chilli Mild 80g",
        "price": 3.5,
        "unitPrice": "$0.44 / 10G"
    },
    {
        "category": "pantry",
        "href": "https://www.woolworths.com.au/shop/productdetails/800603/woolworths-sour-straps-strawberry",
        "imgName": "800603.jpg",
        "imgSrc": "https://cdn0.woolworths.media/content/wowproductimages/medium/800603.jpg",
        "name": "Woolworths Sour Straps Strawberry 160g",
        "price": 1.89,
        "unitPrice": "$1.18 / 100G"
    },
    {
        "category": "pantry",
        "href": "https://www.woolworths.com.au/shop/productdetails/892609/macro-linseed",
        "imgName": "892609.jpg",
        "imgSrc": "https://cdn0.woolworths.media/content/wowproductimages/medium/892609.jpg",
        "name": "Macro Linseed  500g",
        "price": 3.39,
        "unitPrice": "$0.68 / 100G"
    },
    {
        "category": "pantry",
        "href": "https://www.woolworths.com.au/shop/productdetails/573137/kinder-blue",
        "imgName": "573137.jpg",
        "imgSrc": "https://cdn0.woolworths.media/content/wowproductimages/medium/573137.jpg",
        "name": "Kinder Blue   20g",
        "price": 2,
        "unitPrice": "$10.00 / 100G"
    },
    {
        "category": "pantry",
        "href": "https://www.woolworths.com.au/shop/productdetails/580621/pataks-butter-chicken-simmer-sauce",
        "imgName": "580621.jpg",
        "imgSrc": "https://cdn0.woolworths.media/content/wowproductimages/medium/580621.jpg",
        "name": "Pataks Butter Chicken Simmer Sauce 450g",
        "price": 4.5,
        "unitPrice": "$1.00 / 100G"
    },
    {
        "category": "pantry",
        "href": "https://www.woolworths.com.au/shop/productdetails/579057/massel-reduced-salt-chicken-stock-powder",
        "imgName": "579057.jpg",
        "imgSrc": "https://cdn0.woolworths.media/content/wowproductimages/medium/579057.jpg",
        "name": "Massel Reduced Salt Chicken Stock Powder 140g",
        "price": 2.99,
        "unitPrice": "$0.21 / 10G"
    },
    {
        "category": "pantry",
        "href": "https://www.woolworths.com.au/shop/productdetails/609563/jordans-crispy-oat-clusters-maple-pecan",
        "imgName": "609563.jpg",
        "imgSrc": "https://cdn0.woolworths.media/content/wowproductimages/medium/609563.jpg",
        "name": "Jordans Crispy Oat Clusters Maple & Pecan 500g",
        "price": 7.18,
        "unitPrice": "$1.44 / 100G"
    },
    {
        "category": "pantry",
        "href": "https://www.woolworths.com.au/shop/productdetails/661766/olina-s-artisan-cracker-date-and-apricot",
        "imgName": "661766.jpg",
        "imgSrc": "https://cdn0.woolworths.media/content/wowproductimages/medium/661766.jpg",
        "name": "Olina's Artisan Cracker Date And Apricot 100g",
        "price": 4,
        "unitPrice": "$4.00 / 100G"
    },
    {
        "category": "pantry",
        "href": "https://www.woolworths.com.au/shop/productdetails/586821/smiths-chips-chicken",
        "imgName": "586821.jpg",
        "imgSrc": "https://cdn0.woolworths.media/content/wowproductimages/medium/586821.jpg",
        "name": "Smiths Chips Chicken  60g",
        "price": 2,
        "unitPrice": "$3.33 / 100G"
    },
    {
        "category": "pantry",
        "href": "https://www.woolworths.com.au/shop/productdetails/661824/nestle-milk-chocolate-melts-value-pack",
        "imgName": "661824.jpg",
        "imgSrc": "https://cdn0.woolworths.media/content/wowproductimages/medium/661824.jpg",
        "name": "Nestle Milk Chocolate Melts Value Pack 450g",
        "price": 5,
        "unitPrice": "$1.11 / 100G"
    },
    {
        "category": "pantry",
        "href": "https://www.woolworths.com.au/shop/productdetails/662195/food-for-health-nuty-almond-clusters",
        "imgName": "662195.jpg",
        "imgSrc": "https://cdn0.woolworths.media/content/wowproductimages/medium/662195.jpg",
        "name": "Food For Health Nuty Almond Clusters  425g",
        "price": 8.5,
        "unitPrice": "$2.00 / 100G"
    },
    {
        "category": "pantry",
        "href": "https://www.woolworths.com.au/shop/productdetails/576100/yorkshire-extra-strong-tea-bags",
        "imgName": "576100.jpg",
        "imgSrc": "https://cdn0.woolworths.media/content/wowproductimages/medium/576100.jpg",
        "name": "Yorkshire Extra Strong Tea Bags 100pk",
        "price": 6,
        "unitPrice": "$0.06 / 1EA"
    },
    {
        "category": "pantry",
        "href": "https://www.woolworths.com.au/shop/productdetails/665520/kelloggs-lcms-coco-pops-bars",
        "imgName": "665520.jpg",
        "imgSrc": "https://cdn0.woolworths.media/content/wowproductimages/medium/665520.jpg",
        "name": "Kelloggs Lcms Coco Pops Bars 330g 15pk",
        "price": 7,
        "unitPrice": "$2.12 / 100G"
    },
    {
        "category": "pantry",
        "href": "https://www.woolworths.com.au/shop/productdetails/490214/mentos-roll-choc-caramel",
        "imgName": "490214.jpg",
        "imgSrc": "https://cdn0.woolworths.media/content/wowproductimages/medium/490214.jpg",
        "name": "Mentos Roll Choc Caramel  37.5g",
        "price": 1.5,
        "unitPrice": "$3.95 / 100G"
    },
    {
        "category": "pantry",
        "href": "https://www.woolworths.com.au/shop/productdetails/521259/choice-mi-goreng-instant-noodles",
        "imgName": "521259.jpg",
        "imgSrc": "https://cdn0.woolworths.media/content/wowproductimages/medium/521259.jpg",
        "name": "Choice Mi Goreng Instant Noodles 5x85g pack",
        "price": 1.49,
        "unitPrice": "$0.35 / 100G"
    },
    {
        "category": "pantry",
        "href": "https://www.woolworths.com.au/shop/productdetails/611562/ranchero-tostadas",
        "imgName": "611562.jpg",
        "imgSrc": "https://cdn0.woolworths.media/content/wowproductimages/medium/611562.jpg",
        "name": "Ranchero Tostadas  150g",
        "price": 4,
        "unitPrice": "$2.67 / 100G"
    },
    {
        "category": "pantry",
        "href": "https://www.woolworths.com.au/shop/productdetails/622041/baxters-fire-roasted-tomato-relish",
        "imgName": "622041.jpg",
        "imgSrc": "https://cdn0.woolworths.media/content/wowproductimages/medium/622041.jpg",
        "name": "Baxters Fire Roasted Tomato Relish 235g",
        "price": 4.3,
        "unitPrice": "$1.83 / 100G"
    },
    {
        "category": "pantry",
        "href": "https://www.woolworths.com.au/shop/productdetails/514489/old-el-paso-taco-shells-shell",
        "imgName": "514489.jpg",
        "imgSrc": "https://cdn0.woolworths.media/content/wowproductimages/medium/514489.jpg",
        "name": "Old El Paso Taco Shells Shell 156g 12pk",
        "price": 3.4,
        "unitPrice": "$2.18 / 100G"
    },
    {
        "category": "pantry",
        "href": "https://www.woolworths.com.au/shop/productdetails/948511/gourmet-garden-paste-ginger",
        "imgName": "948511.jpg",
        "imgSrc": "https://cdn0.woolworths.media/content/wowproductimages/medium/948511.jpg",
        "name": "Gourmet Garden Paste Ginger 80g",
        "price": 3.5,
        "unitPrice": "$4.38 / 100G"
    },
    {
        "category": "pantry",
        "href": "https://www.woolworths.com.au/shop/productdetails/948515/gourmet-garden-paste-parsley",
        "imgName": "948515.jpg",
        "imgSrc": "https://cdn0.woolworths.media/content/wowproductimages/medium/948515.jpg",
        "name": "Gourmet Garden Paste Parsley 80g",
        "price": 3.5,
        "unitPrice": "$4.38 / 100G"
    },
    {
        "category": "pantry",
        "href": "https://www.woolworths.com.au/shop/productdetails/583490/woolworths-marshmallows",
        "imgName": "583490.jpg",
        "imgSrc": "https://cdn0.woolworths.media/content/wowproductimages/medium/583490.jpg",
        "name": "Woolworths Marshmallows  210g",
        "price": 2,
        "unitPrice": "$0.95 / 100G"
    },
    {
        "category": "pantry",
        "href": "https://www.woolworths.com.au/shop/productdetails/314772/simba-salt-vinegar-chips",
        "imgName": "314772.jpg",
        "imgSrc": "https://cdn0.woolworths.media/content/wowproductimages/medium/314772.jpg",
        "name": "Simba Salt & Vinegar Chips  125g",
        "price": 3,
        "unitPrice": "$2.40 / 100G"
    },
    {
        "category": "pantry",
        "href": "https://www.woolworths.com.au/shop/productdetails/663636/safcol-premium-salmon-soy-ginger",
        "imgName": "663636.jpg",
        "imgSrc": "https://cdn0.woolworths.media/content/wowproductimages/medium/663636.jpg",
        "name": "Safcol Premium Salmon Soy & Ginger 95g",
        "price": 1.5,
        "unitPrice": "$15.79 / 1KG"
    },
    {
        "category": "pantry",
        "href": "https://www.woolworths.com.au/shop/productdetails/655419/huy-fong-sriracha-hot-chilli-sauce",
        "imgName": "655419.jpg",
        "imgSrc": "https://cdn0.woolworths.media/content/wowproductimages/medium/655419.jpg",
        "name": "Huy Fong Sriracha Hot Chilli Sauce 266ml",
        "price": 4,
        "unitPrice": "$1.50 / 100ML"
    },
    {
        "category": "pantry",
        "href": "https://www.woolworths.com.au/shop/productdetails/575689/white-wings-cake-in-a-cup-triple-choc-brownie",
        "imgName": "575689.jpg",
        "imgSrc": "https://cdn0.woolworths.media/content/wowproductimages/medium/575689.jpg",
        "name": "White Wings Cake In A Cup Triple Choc Brownie 4pk 220g",
        "price": 5,
        "unitPrice": "$2.27 / 100G"
    },
    {
        "category": "pantry",
        "href": "https://www.woolworths.com.au/shop/productdetails/445861/mccormicks-beer-batter",
        "imgName": "445861.jpg",
        "imgSrc": "https://cdn0.woolworths.media/content/wowproductimages/medium/445861.jpg",
        "name": "Mccormicks Beer Batter  130g",
        "price": 2.79,
        "unitPrice": "$0.21 / 10G"
    },
    {
        "category": "pantry",
        "href": "https://www.woolworths.com.au/shop/productdetails/763246/woolworths-gold-snacks-olive-oil-oatcake",
        "imgName": "763246.jpg",
        "imgSrc": "https://cdn0.woolworths.media/content/wowproductimages/medium/763246.jpg",
        "name": "Woolworths Gold Snacks Olive Oil Oatcake 270g",
        "price": 3.99,
        "unitPrice": "$1.48 / 100G"
    },
    {
        "category": "pantry",
        "href": "https://www.woolworths.com.au/shop/productdetails/636153/tom-luke-snackaballs-salted-caramel",
        "imgName": "636153.jpg",
        "imgSrc": "https://cdn0.woolworths.media/content/wowproductimages/medium/636153.jpg",
        "name": "Tom & Luke Snackaballs Salted Caramel 70g",
        "price": 3,
        "unitPrice": "$4.29 / 100G"
    },
    {
        "category": "pantry",
        "href": "https://www.woolworths.com.au/shop/productdetails/651045/raw-earth-natural-sweetener-stevia-monk-fruit",
        "imgName": "651045.jpg",
        "imgSrc": "https://cdn0.woolworths.media/content/wowproductimages/medium/651045.jpg",
        "name": "Raw Earth Natural Sweetener Stevia & Monk Fruit 200g",
        "price": 8,
        "unitPrice": "$4.00 / 100G"
    },
    {
        "category": "pantry",
        "href": "https://www.woolworths.com.au/shop/productdetails/829574/vegeta-beef-stock-powder",
        "imgName": "829574.jpg",
        "imgSrc": "https://cdn0.woolworths.media/content/wowproductimages/medium/829574.jpg",
        "name": "Vegeta Beef Stock Powder 180g",
        "price": 3.7,
        "unitPrice": "$0.21 / 10G"
    },
    {
        "category": "pantry",
        "href": "https://www.woolworths.com.au/shop/productdetails/660342/kettle-veg-medley",
        "imgName": "660342.jpg",
        "imgSrc": "https://cdn0.woolworths.media/content/wowproductimages/medium/660342.jpg",
        "name": "Kettle Veg Medley  110g",
        "price": 4.39,
        "unitPrice": "$3.99 / 100G"
    },
    {
        "category": "pantry",
        "href": "https://www.woolworths.com.au/shop/productdetails/527174/beak-sons-stirfry-sauce-honey-soy",
        "imgName": "527174.jpg",
        "imgSrc": "https://cdn0.woolworths.media/content/wowproductimages/medium/527174.jpg",
        "name": "Beak & Sons Stirfry Sauce Honey & Soy 175g",
        "price": 3,
        "unitPrice": "$1.71 / 100G"
    },
    {
        "category": "pantry",
        "href": "https://www.woolworths.com.au/shop/productdetails/574082/dollar-sweets-rainbow-delight",
        "imgName": "574082.jpg",
        "imgSrc": "https://cdn0.woolworths.media/content/wowproductimages/medium/574082.jpg",
        "name": "Dollar Sweets Rainbow Delight  180g",
        "price": 7,
        "unitPrice": "$3.89 / 100G"
    },
    {
        "category": "pantry",
        "href": "https://www.woolworths.com.au/shop/productdetails/574821/tetley-tea-bags",
        "imgName": "574821.jpg",
        "imgSrc": "https://cdn0.woolworths.media/content/wowproductimages/medium/574821.jpg",
        "name": "Tetley Tea Bags  100pk",
        "price": 3.3,
        "unitPrice": "$1.83 / 100G"
    },
    {
        "category": "pantry",
        "href": "https://www.woolworths.com.au/shop/productdetails/601342/woolworths-jasmine-rice",
        "imgName": "601342.jpg",
        "imgSrc": "https://cdn0.woolworths.media/content/wowproductimages/medium/601342.jpg",
        "name": "Woolworths Jasmine Rice  1kg",
        "price": 2.29,
        "unitPrice": "$0.23 / 100G"
    },
    {
        "category": "pantry",
        "href": "https://www.woolworths.com.au/shop/productdetails/637614/almond-nut-kernels-roasted-salted",
        "imgName": "637614.jpg",
        "imgSrc": "https://cdn0.woolworths.media/content/wowproductimages/medium/637614.jpg",
        "name": "Almond Nut Kernels Roasted & Salted 750g",
        "price": 12,
        "unitPrice": "$16.00 / 1KG"
    },
    {
        "category": "pantry",
        "href": "https://www.woolworths.com.au/shop/productdetails/635962/messy-monkeys-whole-grain-bites-cheese-flavour",
        "imgName": "635962.jpg",
        "imgSrc": "https://cdn0.woolworths.media/content/wowproductimages/medium/635962.jpg",
        "name": "Messy Monkeys Whole Grain Bites Cheese Flavour 8x160g",
        "price": 7,
        "unitPrice": "$4.38 / 100G"
    },
    {
        "category": "pantry",
        "href": "https://www.woolworths.com.au/shop/productdetails/651957/whole-earth-sweetener-sachets",
        "imgName": "651957.jpg",
        "imgSrc": "https://cdn0.woolworths.media/content/wowproductimages/medium/651957.jpg",
        "name": "Whole Earth Sweetener Sachets 60g 40pk",
        "price": 5,
        "unitPrice": "$8.33 / 100G"
    },
    {
        "category": "pantry",
        "href": "https://www.woolworths.com.au/shop/productdetails/631289/macro-eda-yummy-mix-lightly-seasoned",
        "imgName": "631289.jpg",
        "imgSrc": "https://cdn0.woolworths.media/content/wowproductimages/medium/631289.jpg",
        "name": "Macro Eda-yummy Mix Lightly Seasoned 30g",
        "price": 1,
        "unitPrice": "$3.33 / 100G"
    },
    {
        "category": "pantry",
        "href": "https://www.woolworths.com.au/shop/productdetails/34437/edgell-corn-kernels-kernels-whole",
        "imgName": "034437.jpg",
        "imgSrc": "https://cdn0.woolworths.media/content/wowproductimages/medium/034437.jpg",
        "name": "Edgell Corn Kernels Kernels Whole 420g",
        "price": 1.77,
        "unitPrice": "$4.21 / 1KG"
    },
    {
        "category": "pantry",
        "href": "https://www.woolworths.com.au/shop/productdetails/46607/podravka-beef-goulash",
        "imgName": "046607.jpg",
        "imgSrc": "https://cdn0.woolworths.media/content/wowproductimages/medium/046607.jpg",
        "name": "Podravka Beef Goulash 300g",
        "price": 4,
        "unitPrice": "$13.33 / 1KG"
    },
    {
        "category": "pantry",
        "href": "https://www.woolworths.com.au/shop/productdetails/638250/shelbys-almond-turmeric-coconut-yoghurt-bar",
        "imgName": "638250.jpg",
        "imgSrc": "https://cdn0.woolworths.media/content/wowproductimages/medium/638250.jpg",
        "name": "Shelbys Almond Turmeric Coconut & Yoghurt Bar 40g",
        "price": 3,
        "unitPrice": "$7.50 / 100G"
    },
    {
        "category": "pantry",
        "href": "https://www.woolworths.com.au/shop/productdetails/591939/woolworths-party-mix",
        "imgName": "591939.jpg",
        "imgSrc": "https://cdn0.woolworths.media/content/wowproductimages/medium/591939.jpg",
        "name": "Woolworths Party Mix  150g",
        "price": 1,
        "unitPrice": "$0.67 / 100G"
    },
    {
        "category": "pantry",
        "href": "https://www.woolworths.com.au/shop/productdetails/501764/woolworths-hazelnut-kernels",
        "imgName": "501764.jpg",
        "imgSrc": "https://cdn0.woolworths.media/content/wowproductimages/medium/501764.jpg",
        "name": "Woolworths Hazelnut Kernels  110g",
        "price": 4.25,
        "unitPrice": "$38.64 / 1KG"
    },
    {
        "category": "pantry",
        "href": "https://www.woolworths.com.au/shop/productdetails/348321/amys-kitchen-canned-soup-organic-chunky-tomato-bisque",
        "imgName": "348321.jpg",
        "imgSrc": "https://cdn0.woolworths.media/content/wowproductimages/medium/348321.jpg",
        "name": "Amys Kitchen Canned Soup Organic Chunky Tomato Bisque 411g",
        "price": 3.9,
        "unitPrice": "$0.95 / 100G"
    },
    {
        "category": "pantry",
        "href": "https://www.woolworths.com.au/shop/productdetails/661864/wallaby-forager-roasted-lightly-salted-almonds",
        "imgName": "661864.jpg",
        "imgSrc": "https://cdn0.woolworths.media/content/wowproductimages/medium/661864.jpg",
        "name": "Wallaby Forager Roasted & Lightly Salted Almonds 35g",
        "price": 2,
        "unitPrice": "$57.14 / 1KG"
    },
    {
        "category": "pantry",
        "href": "https://www.woolworths.com.au/shop/productdetails/968056/tasti-protein-bar-dark-choc-mocha",
        "imgName": "968056.jpg",
        "imgSrc": "https://cdn0.woolworths.media/content/wowproductimages/medium/968056.jpg",
        "name": "Tasti Protein Bar Dark Choc Mocha 200g",
        "price": 4.8,
        "unitPrice": "$2.40 / 100G"
    },
    {
        "category": "pantry",
        "href": "https://www.woolworths.com.au/shop/productdetails/35961/masterfoods-basil-leaves-sweet",
        "imgName": "035961.jpg",
        "imgSrc": "https://cdn0.woolworths.media/content/wowproductimages/medium/035961.jpg",
        "name": "Masterfoods Basil Leaves Sweet 10g",
        "price": 2.35,
        "unitPrice": "$2.35 / 10G"
    },
    {
        "category": "pantry",
        "href": "https://www.woolworths.com.au/shop/productdetails/552563/passage-to-thailand-massaman-curry-simmer-sauce",
        "imgName": "552563.jpg",
        "imgSrc": "https://cdn0.woolworths.media/content/wowproductimages/medium/552563.jpg",
        "name": "Passage To Thailand Massaman Curry Simmer Sauce 200g",
        "price": 2.5,
        "unitPrice": "$1.25 / 100G"
    },
    {
        "category": "pantry",
        "href": "https://www.woolworths.com.au/shop/productdetails/838701/arnott-s-vita-weat-crispbread-5-super-seeds",
        "imgName": "838701.jpg",
        "imgSrc": "https://cdn0.woolworths.media/content/wowproductimages/medium/838701.jpg",
        "name": "Arnott's Vita Weat Crispbread 5 Super Seeds 250g",
        "price": 3.8,
        "unitPrice": "$1.52 / 100G"
    },
    {
        "category": "pantry",
        "href": "https://www.woolworths.com.au/shop/productdetails/512226/barrys-gold-blend-tea-80-s",
        "imgName": "default.png",
        "imgSrc": "https://cdn0.woolworths.media/content/wowproductimages/large/default.png",
        "name": "Barrys Gold Blend Tea 80's 250g",
        "price": 10.95,
        "unitPrice": "$4.38 / 100G"
    },
    {
        "category": "pantry",
        "href": "https://www.woolworths.com.au/shop/productdetails/652666/one-night-in-mexico-mexican-beef-taco-kit",
        "imgName": "652666.jpg",
        "imgSrc": "https://cdn0.woolworths.media/content/wowproductimages/medium/652666.jpg",
        "name": "One Night In Mexico Mexican Beef Taco Kit 520g",
        "price": 7,
        "unitPrice": "$1.35 / 100G"
    },
    {
        "category": "pantry",
        "href": "https://www.woolworths.com.au/shop/productdetails/608602/carman-s-gourmet-porridge-sachets-golden-maple",
        "imgName": "608602.jpg",
        "imgSrc": "https://cdn0.woolworths.media/content/wowproductimages/medium/608602.jpg",
        "name": "Carman's Gourmet Porridge Sachets Golden Maple 8x320g",
        "price": 5.7,
        "unitPrice": "$1.78 / 100G"
    },
    {
        "category": "pantry",
        "href": "https://www.woolworths.com.au/shop/productdetails/630508/nature-valley-muesli-bars-crunchy-peanut-butter",
        "imgName": "630508.jpg",
        "imgSrc": "https://cdn0.woolworths.media/content/wowproductimages/medium/630508.jpg",
        "name": "Nature Valley Muesli Bars Crunchy Peanut Butter 210g",
        "price": 4.7,
        "unitPrice": "$2.24 / 100G"
    },
    {
        "category": "pantry",
        "href": "https://www.woolworths.com.au/shop/productdetails/593271/cadbury-dark-milk",
        "imgName": "593271.jpg",
        "imgSrc": "https://cdn0.woolworths.media/content/wowproductimages/medium/593271.jpg",
        "name": "Cadbury Dark Milk  160g block",
        "price": 5,
        "unitPrice": "$3.13 / 100G"
    },
    {
        "category": "pantry",
        "href": "https://www.woolworths.com.au/shop/productdetails/345958/cobram-estate-extra-virgin-olive-oil-chilli-infused",
        "imgName": "345958.jpg",
        "imgSrc": "https://cdn0.woolworths.media/content/wowproductimages/medium/345958.jpg",
        "name": "Cobram Estate Extra Virgin Olive Oil Chilli Infused 250ml",
        "price": 5.5,
        "unitPrice": "$2.20 / 100ML"
    },
    {
        "category": "pantry",
        "href": "https://www.woolworths.com.au/shop/productdetails/592091/woolworths-lolly-part-mix",
        "imgName": "592091.jpg",
        "imgSrc": "https://cdn0.woolworths.media/content/wowproductimages/medium/592091.jpg",
        "name": "Woolworths Lolly Part Mix  650g",
        "price": 3,
        "unitPrice": "$0.46 / 100G"
    },
    {
        "category": "pantry",
        "href": "https://www.woolworths.com.au/shop/productdetails/502922/bertolli-extra-virgin-olive-oil-originale",
        "imgName": "502922.jpg",
        "imgSrc": "https://cdn0.woolworths.media/content/wowproductimages/medium/502922.jpg",
        "name": "Bertolli Extra Virgin Olive Oil Originale 370ml",
        "price": 7,
        "unitPrice": "$1.89 / 100ML"
    },
    {
        "category": "pantry",
        "href": "https://www.woolworths.com.au/shop/productdetails/522880/kellogg-s-breakfast-biscuits-cranberries-almonds-with-a-hint-of-honey",
        "imgName": "522880.jpg",
        "imgSrc": "https://cdn0.woolworths.media/content/wowproductimages/medium/522880.jpg",
        "name": "Kellogg\u2019s Breakfast Biscuits Cranberries & Almonds With A Hint Of Honey 5pk 200g",
        "price": 4.5,
        "unitPrice": "$2.25 / 100G"
    },
    {
        "category": "pantry",
        "href": "https://www.woolworths.com.au/shop/productdetails/636688/crafted-blends-quinoa-chips-sea-salt-rosemary",
        "imgName": "636688.jpg",
        "imgSrc": "https://cdn0.woolworths.media/content/wowproductimages/medium/636688.jpg",
        "name": "Crafted Blends Quinoa Chips Sea Salt & Rosemary 100g",
        "price": 5,
        "unitPrice": "$5.00 / 100G"
    },
    {
        "category": "pantry",
        "href": "https://www.woolworths.com.au/shop/productdetails/651206/skinny-sugar-naturally-guilt-free-raw",
        "imgName": "651206.jpg",
        "imgSrc": "https://cdn0.woolworths.media/content/wowproductimages/medium/651206.jpg",
        "name": "Skinny Sugar Naturally Guilt Free Raw 400g",
        "price": 6.5,
        "unitPrice": "$1.63 / 100G"
    },
    {
        "category": "pantry",
        "href": "https://www.woolworths.com.au/shop/productdetails/45579/bertolli-extra-light-olive-oil-spray",
        "imgName": "045579.jpg",
        "imgSrc": "https://cdn0.woolworths.media/content/wowproductimages/medium/045579.jpg",
        "name": "Bertolli Extra Light Olive Oil Spray 150g",
        "price": 4.3,
        "unitPrice": "$2.87 / 100G"
    },
    {
        "category": "pantry",
        "href": "https://www.woolworths.com.au/shop/productdetails/965338/pf-biltong-stokkies-peri-peri",
        "imgName": "965338.jpg",
        "imgSrc": "https://cdn0.woolworths.media/content/wowproductimages/medium/965338.jpg",
        "name": "Pf Biltong Stokkies Peri Peri 200g",
        "price": 19.1,
        "unitPrice": "$9.55 / 100G"
    },
    {
        "category": "pantry",
        "href": "https://www.woolworths.com.au/shop/productdetails/591456/goulburn-valley-peaches-in-juice",
        "imgName": "591456.jpg",
        "imgSrc": "https://cdn0.woolworths.media/content/wowproductimages/medium/591456.jpg",
        "name": "Goulburn Valley Peaches In Juice 2 pk 340g",
        "price": 4,
        "unitPrice": "$11.76 / 1KG"
    },
    {
        "category": "pantry",
        "href": "https://www.woolworths.com.au/shop/productdetails/620648/barilla-elbow-pasta-gluten-free",
        "imgName": "620648.jpg",
        "imgSrc": "https://cdn0.woolworths.media/content/wowproductimages/medium/620648.jpg",
        "name": "Barilla Elbow Pasta Gluten Free 340g",
        "price": 3.79,
        "unitPrice": "$1.11 / 100G"
    },
    {
        "category": "pantry",
        "href": "https://www.woolworths.com.au/shop/productdetails/492077/woolworths-water-chestnuts-sliced",
        "imgName": "492077.jpg",
        "imgSrc": "https://cdn0.woolworths.media/content/wowproductimages/medium/492077.jpg",
        "name": "Woolworths Water Chestnuts Sliced 225g",
        "price": 1,
        "unitPrice": "$4.44 / 1KG"
    },
    {
        "category": "pantry",
        "href": "https://www.woolworths.com.au/shop/productdetails/582926/darell-lea-chocolate-liquorice-logs",
        "imgName": "582926.jpg",
        "imgSrc": "https://cdn0.woolworths.media/content/wowproductimages/medium/582926.jpg",
        "name": "Darell Lea Chocolate Liquorice Logs  200g",
        "price": 4.6,
        "unitPrice": "$2.30 / 100G"
    },
    {
        "category": "pantry",
        "href": "https://www.woolworths.com.au/shop/productdetails/828263/campbell-s-real-soup-base-italian",
        "imgName": "828263.jpg",
        "imgSrc": "https://cdn0.woolworths.media/content/wowproductimages/medium/828263.jpg",
        "name": "Campbell's Real Soup Base Italian 1l",
        "price": 5,
        "unitPrice": "$0.50 / 100ML"
    },
    {
        "category": "pantry",
        "href": "https://www.woolworths.com.au/shop/productdetails/606051/oreo-thins-vanilla",
        "imgName": "606051.jpg",
        "imgSrc": "https://cdn0.woolworths.media/content/wowproductimages/medium/606051.jpg",
        "name": "Oreo Thins Vanilla  95g",
        "price": 2,
        "unitPrice": "$2.11 / 100G"
    },
    {
        "category": "pantry",
        "href": "https://www.woolworths.com.au/shop/productdetails/315111/woolworths-select-berry-bircher-muesli",
        "imgName": "315111.jpg",
        "imgSrc": "https://cdn0.woolworths.media/content/wowproductimages/medium/315111.jpg",
        "name": "Woolworths Select Berry Bircher Muesli 650g",
        "price": 5,
        "unitPrice": "$0.77 / 100G"
    },
    {
        "category": "pantry",
        "href": "https://www.woolworths.com.au/shop/productdetails/89971/arnott-s-tiny-teddy-biscuits-honey-chocolate-coated",
        "imgName": "089971.jpg",
        "imgSrc": "https://cdn0.woolworths.media/content/wowproductimages/medium/089971.jpg",
        "name": "Arnott's Tiny Teddy Biscuits Honey Chocolate Coated 200g",
        "price": 3,
        "unitPrice": "$1.50 / 100G"
    },
    {
        "category": "pantry",
        "href": "https://www.woolworths.com.au/shop/productdetails/637691/cadbury-fingers-white-chocolate",
        "imgName": "637691.jpg",
        "imgSrc": "https://cdn0.woolworths.media/content/wowproductimages/medium/637691.jpg",
        "name": "Cadbury Fingers White Chocolate 114g",
        "price": 3,
        "unitPrice": "$2.63 / 100G"
    },
    {
        "category": "pantry",
        "href": "https://www.woolworths.com.au/shop/productdetails/328995/taylors-simmer-sauce-massaman-curry",
        "imgName": "328995.jpg",
        "imgSrc": "https://cdn0.woolworths.media/content/wowproductimages/medium/328995.jpg",
        "name": "Taylors Simmer Sauce Massaman Curry 500g",
        "price": 3.79,
        "unitPrice": "$0.76 / 100G"
    },
    {
        "category": "pantry",
        "href": "https://www.woolworths.com.au/shop/productdetails/37915/riviana-basmati-rice-extra-long-grain",
        "imgName": "037915.jpg",
        "imgSrc": "https://cdn0.woolworths.media/content/wowproductimages/medium/037915.jpg",
        "name": "Riviana Basmati Rice Extra Long Grain 2kg",
        "price": 9,
        "unitPrice": "$0.45 / 100G"
    },
    {
        "category": "pantry",
        "href": "https://www.woolworths.com.au/shop/productdetails/27296/mckenzie-s-dried-veg-yellow-split-peas",
        "imgName": "027296.jpg",
        "imgSrc": "https://cdn0.woolworths.media/content/wowproductimages/medium/027296.jpg",
        "name": "Mckenzie's Dried Veg Yellow Split Peas 500g",
        "price": 1.65,
        "unitPrice": "$0.33 / 100G"
    },
    {
        "category": "pantry",
        "href": "https://www.woolworths.com.au/shop/productdetails/626823/five-tastes-massaman-curry-paste",
        "imgName": "626823.jpg",
        "imgSrc": "https://cdn0.woolworths.media/content/wowproductimages/medium/626823.jpg",
        "name": "Five Tastes Massaman Curry Paste  210g",
        "price": 3.8,
        "unitPrice": "$1.81 / 100G"
    },
    {
        "category": "pantry",
        "href": "https://www.woolworths.com.au/shop/productdetails/329784/lee-kum-kee-sauce-stir-fry-sichuan-spicy",
        "imgName": "329784.jpg",
        "imgSrc": "https://cdn0.woolworths.media/content/wowproductimages/medium/329784.jpg",
        "name": "Lee Kum Kee Sauce Stir Fry Sichuan Spicy 120g",
        "price": 2.2,
        "unitPrice": "$1.83 / 100G"
    },
    {
        "category": "pantry",
        "href": "https://www.woolworths.com.au/shop/productdetails/210359/hoyts-pepper-four-colour-mix",
        "imgName": "210359.jpg",
        "imgSrc": "https://cdn0.woolworths.media/content/wowproductimages/medium/210359.jpg",
        "name": "Hoyts Pepper Four Colour Mix 50g",
        "price": 3.9,
        "unitPrice": "$0.78 / 10G"
    },
    {
        "category": "pantry",
        "href": "https://www.woolworths.com.au/shop/productdetails/609558/dorset-cereals-berry-granola",
        "imgName": "609558.jpg",
        "imgSrc": "https://cdn0.woolworths.media/content/wowproductimages/medium/609558.jpg",
        "name": "Dorset Cereals Berry Granola  550g",
        "price": 8.3,
        "unitPrice": "$1.51 / 100G"
    },
    {
        "category": "pantry",
        "href": "https://www.woolworths.com.au/shop/productdetails/164921/woolworths-walnuts-kernel",
        "imgName": "164921.jpg",
        "imgSrc": "https://cdn0.woolworths.media/content/wowproductimages/medium/164921.jpg",
        "name": "Woolworths Walnuts Kernel per kg",
        "price": 25,
        "unitPrice": "$25.00 / 1KG"
    },
    {
        "category": "pantry",
        "href": "https://www.woolworths.com.au/shop/productdetails/646335/mcvities-digestives-nibbles-caramel",
        "imgName": "646335.jpg",
        "imgSrc": "https://cdn0.woolworths.media/content/wowproductimages/medium/646335.jpg",
        "name": "Mcvities Digestives Nibbles Caramel 120g",
        "price": 3.7,
        "unitPrice": "$3.08 / 100G"
    },
    {
        "category": "pantry",
        "href": "https://www.woolworths.com.au/shop/productdetails/576220/woolworths-crushed-tomatoes-100-australian",
        "imgName": "576220.jpg",
        "imgSrc": "https://cdn0.woolworths.media/content/wowproductimages/medium/576220.jpg",
        "name": "Woolworths Crushed Tomatoes 100% Australian 400g",
        "price": 1,
        "unitPrice": "$0.25 / 100G"
    },
    {
        "category": "pantry",
        "href": "https://www.woolworths.com.au/shop/productdetails/619426/san-remo-pasta-pulse-penne",
        "imgName": "619426.jpg",
        "imgSrc": "https://cdn0.woolworths.media/content/wowproductimages/medium/619426.jpg",
        "name": "San Remo Pasta Pulse Penne 250g",
        "price": 3.99,
        "unitPrice": "$1.60 / 100G"
    },
    {
        "category": "pantry",
        "href": "https://www.woolworths.com.au/shop/productdetails/652028/bertolli-olive-oil-classico",
        "imgName": "652028.jpg",
        "imgSrc": "https://cdn0.woolworths.media/content/wowproductimages/medium/652028.jpg",
        "name": "Bertolli Olive Oil Classico 750ml",
        "price": 13,
        "unitPrice": "$1.73 / 100ML"
    },
    {
        "category": "pantry",
        "href": "https://www.woolworths.com.au/shop/productdetails/667658/uncle-tobys-muesli-bar-yoghurt-varieties",
        "imgName": "667658.jpg",
        "imgSrc": "https://cdn0.woolworths.media/content/wowproductimages/medium/667658.jpg",
        "name": "Uncle Tobys Muesli Bar Yoghurt Varieties 469",
        "price": 6,
        "unitPrice": "$1.28 / 100G"
    },
    {
        "category": "pantry",
        "href": "https://www.woolworths.com.au/shop/productdetails/667701/carman-s-dark-choc-cherry-coconut-bar",
        "imgName": "667701.jpg",
        "imgSrc": "https://cdn0.woolworths.media/content/wowproductimages/medium/667701.jpg",
        "name": "Carman's Dark Choc Cherry Coconut Bar 210g",
        "price": 5.6,
        "unitPrice": "$2.67 / 100G"
    },
    {
        "category": "pantry",
        "href": "https://www.woolworths.com.au/shop/productdetails/798036/squeaky-gate-extra-virgin-olive-oil-the-life-soul",
        "imgName": "798036.jpg",
        "imgSrc": "https://cdn0.woolworths.media/content/wowproductimages/medium/798036.jpg",
        "name": "Squeaky Gate Extra Virgin Olive Oil The Life & Soul 750ml",
        "price": 8,
        "unitPrice": "$1.07 / 100ML"
    },
    {
        "category": "pantry",
        "href": "https://www.woolworths.com.au/shop/productdetails/94610/hoyts-onion-dried",
        "imgName": "094610.jpg",
        "imgSrc": "https://cdn0.woolworths.media/content/wowproductimages/medium/094610.jpg",
        "name": "Hoyts Onion Dried 40g",
        "price": 1.7,
        "unitPrice": "$0.43 / 10G"
    },
    {
        "category": "pantry",
        "href": "https://www.woolworths.com.au/shop/productdetails/591490/goulburn-valley-two-fruits-in-juice",
        "imgName": "591490.jpg",
        "imgSrc": "https://cdn0.woolworths.media/content/wowproductimages/medium/591490.jpg",
        "name": "Goulburn Valley Two Fruits In Juice 2 pk 340g",
        "price": 4,
        "unitPrice": "$11.76 / 1KG"
    },
    {
        "category": "pantry",
        "href": "https://www.woolworths.com.au/shop/productdetails/781980/wrigley-s-extra-gum-spearmint",
        "imgName": "781980.jpg",
        "imgSrc": "https://cdn0.woolworths.media/content/wowproductimages/medium/781980.jpg",
        "name": "Wrigley's Extra Gum Spearmint 46pce bottle",
        "price": 4,
        "unitPrice": "$6.25 / 100G"
    },
    {
        "category": "pantry",
        "href": "https://www.woolworths.com.au/shop/productdetails/757531/masterfoods-recipe-base-shepherds-pie",
        "imgName": "757531.jpg",
        "imgSrc": "https://cdn0.woolworths.media/content/wowproductimages/medium/757531.jpg",
        "name": "Masterfoods Recipe Base Shepherds Pie 175g",
        "price": 2.19,
        "unitPrice": "$1.25 / 100G"
    },
    {
        "category": "pantry",
        "href": "https://www.woolworths.com.au/shop/productdetails/446818/oreo-cookie-chocolate",
        "imgName": "446818.jpg",
        "imgSrc": "https://cdn0.woolworths.media/content/wowproductimages/medium/446818.jpg",
        "name": "Oreo Cookie Chocolate 137g",
        "price": 2,
        "unitPrice": "$1.46 / 100G"
    },
    {
        "category": "pantry",
        "href": "https://www.woolworths.com.au/shop/productdetails/606053/oreo-choc-split",
        "imgName": "606053.jpg",
        "imgSrc": "https://cdn0.woolworths.media/content/wowproductimages/medium/606053.jpg",
        "name": "Oreo Choc Split  137g",
        "price": 2,
        "unitPrice": "$1.46 / 100G"
    },
    {
        "category": "pantry",
        "href": "https://www.woolworths.com.au/shop/productdetails/313808/bean-ground-drunk-ground-coffee-organic-fair-trade",
        "imgName": "313808.jpg",
        "imgSrc": "https://cdn0.woolworths.media/content/wowproductimages/medium/313808.jpg",
        "name": "Bean Ground & Drunk Ground Coffee Organic Fair Trade 250g",
        "price": 8.8,
        "unitPrice": "$3.52 / 100G"
    },
    {
        "category": "pantry",
        "href": "https://www.woolworths.com.au/shop/productdetails/830566/mcvities-go-ahead-crispy-slices-sultana-apple-5x3pk-",
        "imgName": "830566.jpg",
        "imgSrc": "https://cdn0.woolworths.media/content/wowproductimages/medium/830566.jpg",
        "name": "Mcvities Go Ahead Crispy Slices Sultana & Apple (5x3pk) 218g",
        "price": 3.7,
        "unitPrice": "$1.70 / 100G"
    },
    {
        "category": "pantry",
        "href": "https://www.woolworths.com.au/shop/productdetails/262168/nerada-organic-green-tea-bags",
        "imgName": "262168.jpg",
        "imgSrc": "https://cdn0.woolworths.media/content/wowproductimages/medium/262168.jpg",
        "name": "Nerada Organic Green Tea Bags 50pk 75g",
        "price": 4.25,
        "unitPrice": "$5.67 / 100G"
    },
    {
        "category": "pantry",
        "href": "https://www.woolworths.com.au/shop/productdetails/18046/homebrand-gherkins-sweet-spiced",
        "imgName": "018046.jpg",
        "imgSrc": "https://cdn0.woolworths.media/content/wowproductimages/medium/018046.jpg",
        "name": "Homebrand Gherkins Sweet Spiced 500g",
        "price": 1.9,
        "unitPrice": "$3.80 / 1KG"
    },
    {
        "category": "pantry",
        "href": "https://www.woolworths.com.au/shop/productdetails/780751/jordans-strawberry-crispy-oat-clusters",
        "imgName": "780751.jpg",
        "imgSrc": "https://cdn0.woolworths.media/content/wowproductimages/medium/780751.jpg",
        "name": "Jordans Strawberry Crispy Oat Clusters 500g",
        "price": 7.18,
        "unitPrice": "$1.44 / 100G"
    },
    {
        "category": "pantry",
        "href": "https://www.woolworths.com.au/shop/productdetails/727549/dick-smith-s-crunchy-peanut-butter",
        "imgName": "727549.jpg",
        "imgSrc": "https://cdn0.woolworths.media/content/wowproductimages/medium/727549.jpg",
        "name": "Dick Smith's Crunchy Peanut Butter 375g",
        "price": 4.8,
        "unitPrice": "$1.28 / 100G"
    },
    {
        "category": "pantry",
        "href": "https://www.woolworths.com.au/shop/productdetails/575688/white-wings-cake-in-a-cup-salted-caramel-choc-chip",
        "imgName": "575688.jpg",
        "imgSrc": "https://cdn0.woolworths.media/content/wowproductimages/medium/575688.jpg",
        "name": "White Wings Cake In A Cup Salted Caramel & Choc Chip 55g",
        "price": 2,
        "unitPrice": "$3.64 / 100G"
    },
    {
        "category": "pantry",
        "href": "https://www.woolworths.com.au/shop/productdetails/648312/kookakrumb-panko-breadcrumbs",
        "imgName": "648312.jpg",
        "imgSrc": "https://cdn0.woolworths.media/content/wowproductimages/medium/648312.jpg",
        "name": "Kookakrumb Panko Breadcrumbs  190g",
        "price": 3,
        "unitPrice": "$0.16 / 10G"
    },
    {
        "category": "pantry",
        "href": "https://www.woolworths.com.au/shop/productdetails/660298/sunbites-grain-waves-beetroot-chilli-jam-crisps",
        "imgName": "660298.jpg",
        "imgSrc": "https://cdn0.woolworths.media/content/wowproductimages/medium/660298.jpg",
        "name": "Sunbites Grain Waves Beetroot & Chilli Jam Crisps 80g",
        "price": 2.65,
        "unitPrice": "$3.31 / 100G"
    },
    {
        "category": "pantry",
        "href": "https://www.woolworths.com.au/shop/productdetails/86973/csr-demerara-sugar",
        "imgName": "086973.jpg",
        "imgSrc": "https://cdn0.woolworths.media/content/wowproductimages/medium/086973.jpg",
        "name": "Csr Demerara Sugar 375g",
        "price": 3,
        "unitPrice": "$0.80 / 100G"
    },
    {
        "category": "pantry",
        "href": "https://www.woolworths.com.au/shop/productdetails/3925/maharajas-choice-pappadums-garlic",
        "imgName": "003925.jpg",
        "imgSrc": "https://cdn0.woolworths.media/content/wowproductimages/medium/003925.jpg",
        "name": "Maharajas Choice Pappadums Garlic 100g",
        "price": 1.55,
        "unitPrice": "$1.55 / 100G"
    },
    {
        "category": "pantry",
        "href": "https://www.woolworths.com.au/shop/productdetails/172715/aeroplane-jelly-lite-pineapple",
        "imgName": "172715.jpg",
        "imgSrc": "https://cdn0.woolworths.media/content/wowproductimages/medium/172715.jpg",
        "name": "Aeroplane Jelly Lite Pineapple 2x9g",
        "price": 1.9,
        "unitPrice": "$10.56 / 100G"
    },
    {
        "category": "pantry",
        "href": "https://www.woolworths.com.au/shop/productdetails/518053/aeroplane-ready-to-eat-jelly-blackcurrant",
        "imgName": "518053.jpg",
        "imgSrc": "https://cdn0.woolworths.media/content/wowproductimages/medium/518053.jpg",
        "name": "Aeroplane Ready To Eat Jelly Blackcurrant 120g",
        "price": 1.45,
        "unitPrice": "$1.21 / 100G"
    },
    {
        "category": "pantry",
        "href": "https://www.woolworths.com.au/shop/productdetails/662438/queen-cinnamon-baking-paste",
        "imgName": "662438.jpg",
        "imgSrc": "https://cdn0.woolworths.media/content/wowproductimages/medium/662438.jpg",
        "name": "Queen Cinnamon Baking Paste 40g",
        "price": 3,
        "unitPrice": "$7.50 / 100G"
    },
    {
        "category": "pantry",
        "href": "https://www.woolworths.com.au/shop/productdetails/591734/spc-diced-pears-in-juice",
        "imgName": "591734.jpg",
        "imgSrc": "https://cdn0.woolworths.media/content/wowproductimages/medium/591734.jpg",
        "name": "Spc Diced Pears In Juice 4pk 480g",
        "price": 4.6,
        "unitPrice": "$9.58 / 1KG"
    },
    {
        "category": "pantry",
        "href": "https://www.woolworths.com.au/shop/productdetails/355475/masterfoods-seasoning-all-purpose-spicy",
        "imgName": "355475.jpg",
        "imgSrc": "https://cdn0.woolworths.media/content/wowproductimages/medium/355475.jpg",
        "name": "Masterfoods Seasoning All Purpose Spicy 190g",
        "price": 5.3,
        "unitPrice": "$0.28 / 10G"
    },
    {
        "category": "pantry",
        "href": "https://www.woolworths.com.au/shop/productdetails/661670/betty-crocker-supreme-lemon-slice-mix",
        "imgName": "661670.jpg",
        "imgSrc": "https://cdn0.woolworths.media/content/wowproductimages/medium/661670.jpg",
        "name": "Betty Crocker Supreme Lemon Slice Mix 510g",
        "price": 5.2,
        "unitPrice": "$1.02 / 100G"
    },
    {
        "category": "pantry",
        "href": "https://www.woolworths.com.au/shop/productdetails/521369/be-natural-crunchy-granola-seed-bars-choc-chip-chia",
        "imgName": "521369.jpg",
        "imgSrc": "https://cdn0.woolworths.media/content/wowproductimages/medium/521369.jpg",
        "name": "Be Natural Crunchy Granola & Seed Bars Choc Chip Chia 4pk 160g",
        "price": 3.99,
        "unitPrice": "$2.49 / 100G"
    },
    {
        "category": "pantry",
        "href": "https://www.woolworths.com.au/shop/productdetails/844408/nando-s-mild-peri-peri-sauce",
        "imgName": "844408.jpg",
        "imgSrc": "https://cdn0.woolworths.media/content/wowproductimages/medium/844408.jpg",
        "name": "Nando's Mild Peri Peri Sauce 250g",
        "price": 5.8,
        "unitPrice": "$2.32 / 100G"
    },
    {
        "category": "pantry",
        "href": "https://www.woolworths.com.au/shop/productdetails/829024/gullon-biscuits-digestive-plain",
        "imgName": "829024.jpg",
        "imgSrc": "https://cdn0.woolworths.media/content/wowproductimages/medium/829024.jpg",
        "name": "Gullon Biscuits Digestive Plain 400g",
        "price": 3.99,
        "unitPrice": "$1.00 / 100G"
    },
    {
        "category": "pantry",
        "href": "https://www.woolworths.com.au/shop/productdetails/770449/homebrand-tomato-diced-garlic-oregano",
        "imgName": "770449.jpg",
        "imgSrc": "https://cdn0.woolworths.media/content/wowproductimages/medium/770449.jpg",
        "name": "Homebrand Tomato Diced Garlic & Oregano 400g",
        "price": 0.6,
        "unitPrice": "$1.50 / 1KG"
    },
    {
        "category": "pantry",
        "href": "https://www.woolworths.com.au/shop/productdetails/245581/campbell-s-chunky-canned-soup-roast-chicken-vegetable",
        "imgName": "245581.jpg",
        "imgSrc": "https://cdn0.woolworths.media/content/wowproductimages/medium/245581.jpg",
        "name": "Campbell's Chunky Canned Soup Roast Chicken & Vegetable 505g",
        "price": 3.29,
        "unitPrice": "$0.65 / 100G"
    },
    {
        "category": "pantry",
        "href": "https://www.woolworths.com.au/shop/productdetails/167572/campbell-s-country-ladle-canned-soup-potato-leek",
        "imgName": "167572.jpg",
        "imgSrc": "https://cdn0.woolworths.media/content/wowproductimages/medium/167572.jpg",
        "name": "Campbell's Country Ladle Canned Soup Potato & Leek 505g",
        "price": 3.29,
        "unitPrice": "$0.65 / 100G"
    },
    {
        "category": "pantry",
        "href": "https://www.woolworths.com.au/shop/productdetails/429219/john-west-fiery-inferno-tuna",
        "imgName": "429219.jpg",
        "imgSrc": "https://cdn0.woolworths.media/content/wowproductimages/medium/429219.jpg",
        "name": "John West Fiery Inferno Tuna 95g",
        "price": 2,
        "unitPrice": "$21.05 / 1KG"
    },
    {
        "category": "pantry",
        "href": "https://www.woolworths.com.au/shop/productdetails/298148/campbell-s-canned-soup-condensed-rich-tomato",
        "imgName": "298148.jpg",
        "imgSrc": "https://cdn0.woolworths.media/content/wowproductimages/medium/298148.jpg",
        "name": "Campbell's Canned Soup Condensed Rich Tomato 430g",
        "price": 1.86,
        "unitPrice": "$0.43 / 100G"
    },
    {
        "category": "pantry",
        "href": "https://www.woolworths.com.au/shop/productdetails/112061/spiral-pasta-udon-noodles-organic",
        "imgName": "112061.jpg",
        "imgSrc": "https://cdn0.woolworths.media/content/wowproductimages/medium/112061.jpg",
        "name": "Spiral Pasta Udon Noodles Organic 300g",
        "price": 3.3,
        "unitPrice": "$1.10 / 100G"
    },
    {
        "category": "pantry",
        "href": "https://www.woolworths.com.au/shop/productdetails/47513/always-fresh-cucumbers-sweet-sour",
        "imgName": "047513.jpg",
        "imgSrc": "https://cdn0.woolworths.media/content/wowproductimages/medium/047513.jpg",
        "name": "Always Fresh Cucumbers Sweet & Sour 680g",
        "price": 3.6,
        "unitPrice": "$5.29 / 1KG"
    },
    {
        "category": "pantry",
        "href": "https://www.woolworths.com.au/shop/productdetails/586826/campbell-s-manu-australian-pumpkin-and-smokey-bacon-soup",
        "imgName": "586826.jpg",
        "imgSrc": "https://cdn0.woolworths.media/content/wowproductimages/medium/586826.jpg",
        "name": "Campbell's Manu Australian Pumpkin And Smokey Bacon Soup 405g",
        "price": 3.29,
        "unitPrice": "$0.81 / 100G"
    },
    {
        "category": "pantry",
        "href": "https://www.woolworths.com.au/shop/productdetails/307263/heinz-tomato-sauce-ketchup-organic",
        "imgName": "307263.jpg",
        "imgSrc": "https://cdn0.woolworths.media/content/wowproductimages/medium/307263.jpg",
        "name": "Heinz Tomato Sauce Ketchup Organic 500ml",
        "price": 4.3,
        "unitPrice": "$0.86 / 100ML"
    },
    {
        "category": "pantry",
        "href": "https://www.woolworths.com.au/shop/productdetails/449772/dr-oetker-edible-decorations-mini-wafer-flowers",
        "imgName": "449772.jpg",
        "imgSrc": "https://cdn0.woolworths.media/content/wowproductimages/medium/449772.jpg",
        "name": "Dr Oetker Edible Decorations Mini Wafer Flowers 2.3g",
        "price": 3.3,
        "unitPrice": "$143.48 / 100G"
    },
    {
        "category": "pantry",
        "href": "https://www.woolworths.com.au/shop/productdetails/634473/s-w-spicy-sriracha-mayonnaise",
        "imgName": "634473.jpg",
        "imgSrc": "https://cdn0.woolworths.media/content/wowproductimages/medium/634473.jpg",
        "name": "S&w Spicy Sriracha Mayonnaise 260g",
        "price": 4,
        "unitPrice": "$1.54 / 100G"
    },
    {
        "category": "pantry",
        "href": "https://www.woolworths.com.au/shop/productdetails/36027/arnott-s-honey-jumbles",
        "imgName": "036027.jpg",
        "imgSrc": "https://cdn0.woolworths.media/content/wowproductimages/medium/036027.jpg",
        "name": "Arnott's Honey Jumbles  125g",
        "price": 3.05,
        "unitPrice": "$2.44 / 100G"
    },
    {
        "category": "pantry",
        "href": "https://www.woolworths.com.au/shop/productdetails/575973/queen-icing-extract-bubble-gum-flavoured",
        "imgName": "575973.jpg",
        "imgSrc": "https://cdn0.woolworths.media/content/wowproductimages/medium/575973.jpg",
        "name": "Queen Icing Extract Bubble Gum Flavoured 50ml",
        "price": 2,
        "unitPrice": "$4.00 / 100ML"
    },
    {
        "category": "pantry",
        "href": "https://www.woolworths.com.au/shop/productdetails/651882/whole-earth-sweetener-grandules",
        "imgName": "651882.jpg",
        "imgSrc": "https://cdn0.woolworths.media/content/wowproductimages/medium/651882.jpg",
        "name": "Whole Earth Sweetener Grandules 250g",
        "price": 8.5,
        "unitPrice": "$3.40 / 100G"
    },
    {
        "category": "pantry",
        "href": "https://www.woolworths.com.au/shop/productdetails/94627/hoyts-basil",
        "imgName": "094627.jpg",
        "imgSrc": "https://cdn0.woolworths.media/content/wowproductimages/medium/094627.jpg",
        "name": "Hoyts Basil  15g",
        "price": 1.8,
        "unitPrice": "$1.20 / 10G"
    },
    {
        "category": "pantry",
        "href": "https://www.woolworths.com.au/shop/productdetails/30023/john-west-tuna-light-in-brine",
        "imgName": "030023.jpg",
        "imgSrc": "https://cdn0.woolworths.media/content/wowproductimages/medium/030023.jpg",
        "name": "John West Tuna Light In Brine 425g",
        "price": 5.75,
        "unitPrice": "$13.53 / 1KG"
    },
    {
        "category": "pantry",
        "href": "https://www.woolworths.com.au/shop/productdetails/195294/spring-gully-pickles-green-tomato",
        "imgName": "195294.jpg",
        "imgSrc": "https://cdn0.woolworths.media/content/wowproductimages/medium/195294.jpg",
        "name": "Spring Gully Pickles Green Tomato 415g",
        "price": 3.2,
        "unitPrice": "$7.71 / 1KG"
    },
    {
        "category": "pantry",
        "href": "https://www.woolworths.com.au/shop/productdetails/79077/heinz-canned-soup-big-red-tomato-salt-reduced",
        "imgName": "079077.jpg",
        "imgSrc": "https://cdn0.woolworths.media/content/wowproductimages/medium/079077.jpg",
        "name": "Heinz Canned Soup Big Red Tomato Salt Reduced 420g",
        "price": 2.25,
        "unitPrice": "$0.54 / 100G"
    },
    {
        "category": "pantry",
        "href": "https://www.woolworths.com.au/shop/productdetails/228765/white-wings-self-raising-flour-wholemeal",
        "imgName": "228765.jpg",
        "imgSrc": "https://cdn0.woolworths.media/content/wowproductimages/medium/228765.jpg",
        "name": "White Wings Self Raising Flour Wholemeal 1kg",
        "price": 3.1,
        "unitPrice": "$3.10 / 1KG"
    },
    {
        "category": "pantry",
        "href": "https://www.woolworths.com.au/shop/productdetails/933646/map-clean-bean-refill",
        "imgName": "933646.jpg",
        "imgSrc": "https://cdn0.woolworths.media/content/wowproductimages/medium/933646.jpg",
        "name": "Map Clean Bean Refill  8s",
        "price": 6,
        "unitPrice": "$27.27 / 100G"
    },
    {
        "category": "pantry",
        "href": "https://www.woolworths.com.au/shop/productdetails/364085/csr-caster-sugar-raw",
        "imgName": "364085.jpg",
        "imgSrc": "https://cdn0.woolworths.media/content/wowproductimages/medium/364085.jpg",
        "name": "Csr Caster Sugar Raw 750g",
        "price": 3.3,
        "unitPrice": "$0.44 / 100G"
    },
    {
        "category": "pantry",
        "href": "https://www.woolworths.com.au/shop/productdetails/720626/hermesetas-liquid-stevia-sweetener",
        "imgName": "720626.jpg",
        "imgSrc": "https://cdn0.woolworths.media/content/wowproductimages/medium/720626.jpg",
        "name": "Hermesetas Liquid Stevia Sweetener 125ml",
        "price": 5.49,
        "unitPrice": "$4.39 / 100ML"
    },
    {
        "category": "pantry",
        "href": "https://www.woolworths.com.au/shop/productdetails/541497/sirena-tuna-smoke-infused-oil",
        "imgName": "541497.jpg",
        "imgSrc": "https://cdn0.woolworths.media/content/wowproductimages/medium/541497.jpg",
        "name": "Sirena Tuna Smoke Infused Oil 95g",
        "price": 2.5,
        "unitPrice": "$26.32 / 1KG"
    },
    {
        "category": "pantry",
        "href": "https://www.woolworths.com.au/shop/productdetails/743683/queen-natural-food-colouring-rainbow",
        "imgName": "743683.jpg",
        "imgSrc": "https://cdn0.woolworths.media/content/wowproductimages/medium/743683.jpg",
        "name": "Queen Natural Food Colouring Rainbow 4x7ml",
        "price": 7.75,
        "unitPrice": "$2.77 / 10ML"
    },
    {
        "category": "pantry",
        "href": "https://www.woolworths.com.au/shop/productdetails/635562/sandhurst-balsamic-fig-dressing",
        "imgName": "635562.jpg",
        "imgSrc": "https://cdn0.woolworths.media/content/wowproductimages/medium/635562.jpg",
        "name": "Sandhurst Balsamic Fig Dressing 250ml",
        "price": 6.5,
        "unitPrice": "$2.60 / 100ML"
    },
    {
        "category": "pantry",
        "href": "https://www.woolworths.com.au/shop/productdetails/491188/donna-hay-banana-bread-mix",
        "imgName": "491188.jpg",
        "imgSrc": "https://cdn0.woolworths.media/content/wowproductimages/medium/491188.jpg",
        "name": "Donna Hay Banana Bread Mix  540g",
        "price": 7,
        "unitPrice": "$1.30 / 100G"
    },
    {
        "category": "pantry",
        "href": "https://www.woolworths.com.au/shop/productdetails/476440/himalayan-pink-salt-fine-cut-shaker",
        "imgName": "476440.jpg",
        "imgSrc": "https://cdn0.woolworths.media/content/wowproductimages/medium/476440.jpg",
        "name": "Himalayan Pink Salt Fine Cut Shaker 125g",
        "price": 2.69
    },
    {
        "category": "pantry",
        "href": "https://www.woolworths.com.au/shop/productdetails/609552/changs-oyster-sauce",
        "imgName": "609552.jpg",
        "imgSrc": "https://cdn0.woolworths.media/content/wowproductimages/medium/609552.jpg",
        "name": "Changs Oyster Sauce  280ml",
        "price": 4,
        "unitPrice": "$1.43 / 100ML"
    },
    {
        "category": "pantry",
        "href": "https://www.woolworths.com.au/shop/productdetails/761534/woolworths-gold-orecchiette-pasta",
        "imgName": "761534.jpg",
        "imgSrc": "https://cdn0.woolworths.media/content/wowproductimages/medium/761534.jpg",
        "name": "Woolworths Gold Orecchiette Pasta 500g",
        "price": 2.99,
        "unitPrice": "$0.60 / 100G"
    },
    {
        "category": "pantry",
        "href": "https://www.woolworths.com.au/shop/productdetails/541544/john-west-street-asian-tuna-korean-bbq",
        "imgName": "541544.jpg",
        "imgSrc": "https://cdn0.woolworths.media/content/wowproductimages/medium/541544.jpg",
        "name": "John West Street Asian Tuna Korean Bbq 95g",
        "price": 2,
        "unitPrice": "$21.05 / 1KG"
    },
    {
        "category": "pantry",
        "href": "https://www.woolworths.com.au/shop/productdetails/662588/dr-oetker-flower-icing-decorations",
        "imgName": "662588.jpg",
        "imgSrc": "https://cdn0.woolworths.media/content/wowproductimages/medium/662588.jpg",
        "name": "Dr. Oetker Flower Icing Decorations 48pk 8g",
        "price": 3.5,
        "unitPrice": "$43.75 / 100G"
    },
    {
        "category": "pantry",
        "href": "https://www.woolworths.com.au/shop/productdetails/749748/kellogg-s-oats-honey-special-k",
        "imgName": "749748.jpg",
        "imgSrc": "https://cdn0.woolworths.media/content/wowproductimages/medium/749748.jpg",
        "name": "Kellogg's Oats & Honey Special K 475g",
        "price": 5.65,
        "unitPrice": "$1.19 / 100G"
    },
    {
        "category": "pantry",
        "href": "https://www.woolworths.com.au/shop/productdetails/828517/rosella-canned-soup-condensed-cream-of-chicken",
        "imgName": "828517.jpg",
        "imgSrc": "https://cdn0.woolworths.media/content/wowproductimages/medium/828517.jpg",
        "name": "Rosella Canned Soup Condensed Cream Of Chicken 500g",
        "price": 2.25,
        "unitPrice": "$0.45 / 100G"
    },
    {
        "category": "pantry",
        "href": "https://www.woolworths.com.au/shop/productdetails/582711/pataks-spice-creation-creation-korma",
        "imgName": "582711.jpg",
        "imgSrc": "https://cdn0.woolworths.media/content/wowproductimages/medium/582711.jpg",
        "name": "Pataks Spice Creation Creation Korma 360g",
        "price": 5,
        "unitPrice": "$1.39 / 100G"
    },
    {
        "category": "pantry",
        "href": "https://www.woolworths.com.au/shop/productdetails/587426/allens-chocolate-cream",
        "imgName": "587426.jpg",
        "imgSrc": "https://cdn0.woolworths.media/content/wowproductimages/medium/587426.jpg",
        "name": "Allens Chocolate & Cream  170g",
        "price": 3,
        "unitPrice": "$1.76 / 100G"
    },
    {
        "category": "pantry",
        "href": "https://www.woolworths.com.au/shop/productdetails/579710/capilano-floral-selections-upside-down-honey",
        "imgName": "579710.jpg",
        "imgSrc": "https://cdn0.woolworths.media/content/wowproductimages/medium/579710.jpg",
        "name": "Capilano Floral Selections Upside Down Honey 340g",
        "price": 5.49,
        "unitPrice": "$1.61 / 100G"
    },
    {
        "category": "pantry",
        "href": "https://www.woolworths.com.au/shop/productdetails/230475/woolworths-select-sauce-worcestershire",
        "imgName": "230475.jpg",
        "imgSrc": "https://cdn0.woolworths.media/content/wowproductimages/medium/230475.jpg",
        "name": "Woolworths Select Sauce Worcestershire  250ml",
        "price": 2,
        "unitPrice": "$0.80 / 100ML"
    },
    {
        "category": "pantry",
        "href": "https://www.woolworths.com.au/shop/productdetails/443137/st-dalfour-jam-seasonal-recipe",
        "imgName": "443137.jpg",
        "imgSrc": "https://cdn0.woolworths.media/content/wowproductimages/medium/443137.jpg",
        "name": "St Dalfour Jam Seasonal Recipe 284g",
        "price": 4.2,
        "unitPrice": "$1.48 / 100G"
    },
    {
        "category": "pantry",
        "href": "https://www.woolworths.com.au/shop/productdetails/112406/st-dalfour-royal-fig-spread",
        "imgName": "112406.jpg",
        "imgSrc": "https://cdn0.woolworths.media/content/wowproductimages/medium/112406.jpg",
        "name": "St Dalfour Royal Fig Spread 284g",
        "price": 4.2,
        "unitPrice": "$1.48 / 100G"
    },
    {
        "category": "pantry",
        "href": "https://www.woolworths.com.au/shop/productdetails/658476/sunsol-mango-coconut-chia-greek-yoghurt-muesli",
        "imgName": "658476.jpg",
        "imgSrc": "https://cdn0.woolworths.media/content/wowproductimages/medium/658476.jpg",
        "name": "Sunsol Mango Coconut Chia & Greek Yoghurt Muesli 500g",
        "price": 6,
        "unitPrice": "$1.20 / 100G"
    },
    {
        "category": "pantry",
        "href": "https://www.woolworths.com.au/shop/productdetails/32210/praise-mayonnaise-97-fat-free",
        "imgName": "032210.jpg",
        "imgSrc": "https://cdn0.woolworths.media/content/wowproductimages/medium/032210.jpg",
        "name": "Praise Mayonnaise 97% Fat Free 545g",
        "price": 4.2,
        "unitPrice": "$0.77 / 100G"
    },
    {
        "category": "pantry",
        "href": "https://www.woolworths.com.au/shop/productdetails/838676/simba-chips-smoked-beef",
        "imgName": "838676.jpg",
        "imgSrc": "https://cdn0.woolworths.media/content/wowproductimages/medium/838676.jpg",
        "name": "Simba Chips Smoked Beef 125g",
        "price": 3,
        "unitPrice": "$2.40 / 100G"
    },
    {
        "category": "pantry",
        "href": "https://www.woolworths.com.au/shop/productdetails/307473/passage-to-thailand-sauce-sweet-chilli-basil",
        "imgName": "307473.jpg",
        "imgSrc": "https://cdn0.woolworths.media/content/wowproductimages/medium/307473.jpg",
        "name": "Passage To Thailand Sauce Sweet Chilli Basil 200g",
        "price": 2.5,
        "unitPrice": "$1.25 / 100G"
    },
    {
        "category": "pantry",
        "href": "https://www.woolworths.com.au/shop/productdetails/74584/s-b-curry-mix-golden-medium",
        "imgName": "074584.jpg",
        "imgSrc": "https://cdn0.woolworths.media/content/wowproductimages/medium/074584.jpg",
        "name": "S&b Curry Mix Golden Medium 100g",
        "price": 4.5,
        "unitPrice": "$4.50 / 100G"
    },
    {
        "category": "pantry",
        "href": "https://www.woolworths.com.au/shop/productdetails/446280/pepper-pig-sultanas",
        "imgName": "446280.jpg",
        "imgSrc": "https://cdn0.woolworths.media/content/wowproductimages/medium/446280.jpg",
        "name": "Pepper Pig Sultanas  6x30g",
        "price": 3,
        "unitPrice": "$16.67 / 1KG"
    },
    {
        "category": "pantry",
        "href": "https://www.woolworths.com.au/shop/productdetails/627748/obento-yakitori-sauce",
        "imgName": "627748.jpg",
        "imgSrc": "https://cdn0.woolworths.media/content/wowproductimages/medium/627748.jpg",
        "name": "Obento Yakitori Sauce  250ml",
        "price": 3,
        "unitPrice": "$1.20 / 100ML"
    },
    {
        "category": "pantry",
        "href": "https://www.woolworths.com.au/shop/productdetails/624140/cafe-royal-agents-choice-coffee-pods-espresso",
        "imgName": "624140.jpg",
        "imgSrc": "https://cdn0.woolworths.media/content/wowproductimages/medium/624140.jpg",
        "name": "Cafe Royal Agents Choice Coffee Pods Espresso 10pk",
        "price": 6.5,
        "unitPrice": "$0.65 / 1EA"
    },
    {
        "category": "pantry",
        "href": "https://www.woolworths.com.au/shop/productdetails/94635/hoyts-coriander-ground",
        "imgName": "094635.jpg",
        "imgSrc": "https://cdn0.woolworths.media/content/wowproductimages/medium/094635.jpg",
        "name": "Hoyts Coriander Ground 25g",
        "price": 1.6,
        "unitPrice": "$0.64 / 10G"
    },
    {
        "category": "pantry",
        "href": "https://www.woolworths.com.au/shop/productdetails/659481/queen-sugar-free-blueberry-maple-flavoured-syrup",
        "imgName": "659481.jpg",
        "imgSrc": "https://cdn0.woolworths.media/content/wowproductimages/medium/659481.jpg",
        "name": "Queen Sugar Free Blueberry Maple Flavoured Syrup 355ml",
        "price": 4.2,
        "unitPrice": "$1.18 / 100ML"
    },
    {
        "category": "pantry",
        "href": "https://www.woolworths.com.au/shop/productdetails/228499/twinings-chai-tea-bags",
        "imgName": "228499.jpg",
        "imgSrc": "https://cdn0.woolworths.media/content/wowproductimages/medium/228499.jpg",
        "name": "Twinings Chai Tea Bags 50pk 100g",
        "price": 7,
        "unitPrice": "$7.00 / 100G"
    },
    {
        "category": "pantry",
        "href": "https://www.woolworths.com.au/shop/productdetails/829779/heinz-canned-soup-big-red-tomato",
        "imgName": "829779.jpg",
        "imgSrc": "https://cdn0.woolworths.media/content/wowproductimages/medium/829779.jpg",
        "name": "Heinz Canned Soup Big Red Tomato 3x420g",
        "price": 5,
        "unitPrice": "$0.40 / 100G"
    },
    {
        "category": "pantry",
        "href": "https://www.woolworths.com.au/shop/productdetails/313311/sunbeam-pine-nuts",
        "imgName": "313311.jpg",
        "imgSrc": "https://cdn0.woolworths.media/content/wowproductimages/medium/313311.jpg",
        "name": "Sunbeam Pine Nuts 70g",
        "price": 5,
        "unitPrice": "$71.43 / 1KG"
    },
    {
        "category": "pantry",
        "href": "https://www.woolworths.com.au/shop/productdetails/651198/skinny-sugar-naturally-guilt-free-white",
        "imgName": "651198.jpg",
        "imgSrc": "https://cdn0.woolworths.media/content/wowproductimages/medium/651198.jpg",
        "name": "Skinny Sugar Naturally Guilt Free White 400g",
        "price": 6.5,
        "unitPrice": "$1.63 / 100G"
    },
    {
        "category": "pantry",
        "href": "https://www.woolworths.com.au/shop/productdetails/55856/greens-pudding-chocolate-sponge",
        "imgName": "055856.jpg",
        "imgSrc": "https://cdn0.woolworths.media/content/wowproductimages/medium/055856.jpg",
        "name": "Greens Pudding Chocolate Sponge 260g",
        "price": 2.8,
        "unitPrice": "$1.08 / 100G"
    },
    {
        "category": "pantry",
        "href": "https://www.woolworths.com.au/shop/productdetails/94631/hoyts-chives",
        "imgName": "094631.jpg",
        "imgSrc": "https://cdn0.woolworths.media/content/wowproductimages/medium/094631.jpg",
        "name": "Hoyts Chives  15g",
        "price": 2,
        "unitPrice": "$1.33 / 10G"
    },
    {
        "category": "pantry",
        "href": "https://www.woolworths.com.au/shop/productdetails/514271/allens-all-about-red",
        "imgName": "514271.jpg",
        "imgSrc": "https://cdn0.woolworths.media/content/wowproductimages/medium/514271.jpg",
        "name": "Allens All About Red  170g",
        "price": 3,
        "unitPrice": "$1.76 / 100G"
    },
    {
        "category": "pantry",
        "href": "https://www.woolworths.com.au/shop/productdetails/716233/continental-salt-reduced-chicken-stock-pot",
        "imgName": "716233.jpg",
        "imgSrc": "https://cdn0.woolworths.media/content/wowproductimages/medium/716233.jpg",
        "name": "Continental Salt Reduced Chicken Stock Pot 112g",
        "price": 3.8,
        "unitPrice": "$0.34 / 10G"
    },
    {
        "category": "pantry",
        "href": "https://www.woolworths.com.au/shop/productdetails/764780/masterfoods-simmer-sauce-caramelised-onion-red-wine",
        "imgName": "764780.jpg",
        "imgSrc": "https://cdn0.woolworths.media/content/wowproductimages/medium/764780.jpg",
        "name": "Masterfoods Simmer Sauce Caramelised Onion & Red Wine 505g",
        "price": 3.69,
        "unitPrice": "$0.73 / 100G"
    },
    {
        "category": "pantry",
        "href": "https://www.woolworths.com.au/shop/productdetails/82627/spam-ham-spiced-lite-less-fat",
        "imgName": "082627.jpg",
        "imgSrc": "https://cdn0.woolworths.media/content/wowproductimages/medium/082627.jpg",
        "name": "Spam Ham Spiced Lite Less Fat 200g",
        "price": 3.5,
        "unitPrice": "$17.50 / 1KG"
    },
    {
        "category": "pantry",
        "href": "https://www.woolworths.com.au/shop/productdetails/74649/s-b-japanese-curry-mix-hot-golden",
        "imgName": "074649.jpg",
        "imgSrc": "https://cdn0.woolworths.media/content/wowproductimages/medium/074649.jpg",
        "name": "S&b Japanese Curry Mix Hot Golden 100g",
        "price": 4.5,
        "unitPrice": "$4.50 / 100G"
    },
    {
        "category": "pantry",
        "href": "https://www.woolworths.com.au/shop/productdetails/710045/kellogg-s-fruit-nut-special-k",
        "imgName": "710045.jpg",
        "imgSrc": "https://cdn0.woolworths.media/content/wowproductimages/medium/710045.jpg",
        "name": "Kellogg's Fruit & Nut Special K 430g",
        "price": 5.89,
        "unitPrice": "$1.37 / 100G"
    },
    {
        "category": "pantry",
        "href": "https://www.woolworths.com.au/shop/productdetails/660946/nudie-brekkie-coffee",
        "imgName": "660946.jpg",
        "imgSrc": "https://cdn0.woolworths.media/content/wowproductimages/medium/660946.jpg",
        "name": "Nudie Brekkie Coffee 3 x 250 ml",
        "price": 6.4,
        "unitPrice": "$8.53 / 1L"
    },
    {
        "category": "pantry",
        "href": "https://www.woolworths.com.au/shop/productdetails/700631/macro-organic-mustard-whole-grain",
        "imgName": "700631.jpg",
        "imgSrc": "https://cdn0.woolworths.media/content/wowproductimages/medium/700631.jpg",
        "name": "Macro Organic Mustard Whole Grain 190g",
        "price": 3,
        "unitPrice": "$1.50 / 100G"
    },
    {
        "category": "pantry",
        "href": "https://www.woolworths.com.au/shop/productdetails/693764/woolworths-select-salmon-lemon-cracked-pepper",
        "imgName": "693764.jpg",
        "imgSrc": "https://cdn0.woolworths.media/content/wowproductimages/medium/693764.jpg",
        "name": "Woolworths Select Salmon Lemon & Cracked Pepper 95g",
        "price": 1.2,
        "unitPrice": "$12.63 / 1KG"
    },
    {
        "category": "pantry",
        "href": "https://www.woolworths.com.au/shop/productdetails/646351/mcvities-digestives-nibbles-milk-chocolate",
        "imgName": "646351.jpg",
        "imgSrc": "https://cdn0.woolworths.media/content/wowproductimages/medium/646351.jpg",
        "name": "Mcvities Digestives Nibbles Milk Chocolate 120g",
        "price": 3.7,
        "unitPrice": "$3.08 / 100G"
    },
    {
        "category": "pantry",
        "href": "https://www.woolworths.com.au/shop/productdetails/305370/mcvities-digestives-biscuit-dark-chocolate",
        "imgName": "305370.jpg",
        "imgSrc": "https://cdn0.woolworths.media/content/wowproductimages/medium/305370.jpg",
        "name": "Mcvities Digestives Biscuit Dark Chocolate 300g",
        "price": 3.7,
        "unitPrice": "$1.23 / 100G"
    },
    {
        "category": "pantry",
        "href": "https://www.woolworths.com.au/shop/productdetails/572978/woolworths-tuna-with-rice-tomato-basil",
        "imgName": "572978.jpg",
        "imgSrc": "https://cdn0.woolworths.media/content/wowproductimages/medium/572978.jpg",
        "name": "Woolworths Tuna With Rice Tomato & Basil 350g",
        "price": 4,
        "unitPrice": "$1.14 / 100G"
    },
    {
        "category": "pantry",
        "href": "https://www.woolworths.com.au/shop/productdetails/373818/homebrand-potato-whole",
        "imgName": "373818.jpg",
        "imgSrc": "https://cdn0.woolworths.media/content/wowproductimages/medium/373818.jpg",
        "name": "Homebrand Potato Whole 410g",
        "price": 1.6,
        "unitPrice": "$3.90 / 1KG"
    },
    {
        "category": "pantry",
        "href": "https://www.woolworths.com.au/shop/productdetails/373177/continental-stock-pot-vegetable",
        "imgName": "373177.jpg",
        "imgSrc": "https://cdn0.woolworths.media/content/wowproductimages/medium/373177.jpg",
        "name": "Continental Stock Pot Vegetable 4x28g",
        "price": 3.8,
        "unitPrice": "$0.34 / 10G"
    },
    {
        "category": "pantry",
        "href": "https://www.woolworths.com.au/shop/productdetails/936084/cadbury-coco-86-cocoa-dark",
        "imgName": "936084.jpg",
        "imgSrc": "https://cdn0.woolworths.media/content/wowproductimages/medium/936084.jpg",
        "name": "Cadbury Coco 86% Cocoa Dark 100g",
        "price": 4,
        "unitPrice": "$4.00 / 100G"
    },
    {
        "category": "pantry",
        "href": "https://www.woolworths.com.au/shop/productdetails/587071/cadbury-dairy-milk-oreo-double-choc-bar",
        "imgName": "587071.jpg",
        "imgSrc": "https://cdn0.woolworths.media/content/wowproductimages/medium/587071.jpg",
        "name": "Cadbury Dairy Milk Oreo Double Choc Bar 45g",
        "price": 2,
        "unitPrice": "$4.44 / 100G"
    },
    {
        "category": "pantry",
        "href": "https://www.woolworths.com.au/shop/productdetails/828264/campbell-s-real-soup-base-thai",
        "imgName": "828264.jpg",
        "imgSrc": "https://cdn0.woolworths.media/content/wowproductimages/medium/828264.jpg",
        "name": "Campbell's Real Soup Base Thai 1l",
        "price": 5,
        "unitPrice": "$0.50 / 100ML"
    },
    {
        "category": "pantry",
        "href": "https://www.woolworths.com.au/shop/productdetails/258439/uncle-tobys-quick-oats-sachets-creamy-honey",
        "imgName": "258439.jpg",
        "imgSrc": "https://cdn0.woolworths.media/content/wowproductimages/medium/258439.jpg",
        "name": "Uncle Tobys Quick Oats Sachets Creamy Honey 12pk",
        "price": 5.5,
        "unitPrice": "$1.31 / 100G"
    },
    {
        "category": "pantry",
        "href": "https://www.woolworths.com.au/shop/productdetails/36261/arnott-s-triple-wafers",
        "imgName": "036261.jpg",
        "imgSrc": "https://cdn0.woolworths.media/content/wowproductimages/medium/036261.jpg",
        "name": "Arnott's Triple Wafers  200g",
        "price": 3.05,
        "unitPrice": "$1.53 / 100G"
    },
    {
        "category": "pantry",
        "href": "https://www.woolworths.com.au/shop/productdetails/591706/spc-mango-in-juice",
        "imgName": "591706.jpg",
        "imgSrc": "https://cdn0.woolworths.media/content/wowproductimages/medium/591706.jpg",
        "name": "Spc Mango In Juice 4pk 480g",
        "price": 4.6,
        "unitPrice": "$9.58 / 1KG"
    },
    {
        "category": "pantry",
        "href": "https://www.woolworths.com.au/shop/productdetails/572977/woolworths-tuna-with-rice-moroccan-style",
        "imgName": "572977.jpg",
        "imgSrc": "https://cdn0.woolworths.media/content/wowproductimages/medium/572977.jpg",
        "name": "Woolworths Tuna With Rice Moroccan Style 350g",
        "price": 4,
        "unitPrice": "$1.14 / 100G"
    },
    {
        "category": "pantry",
        "href": "https://www.woolworths.com.au/shop/productdetails/369554/woolworths-dried-apricot-fruit-pots",
        "imgName": "369554.jpg",
        "imgSrc": "https://cdn0.woolworths.media/content/wowproductimages/medium/369554.jpg",
        "name": "Woolworths Dried Apricot Fruit Pots 250g",
        "price": 6,
        "unitPrice": "$24.00 / 1KG"
    },
    {
        "category": "pantry",
        "href": "https://www.woolworths.com.au/shop/productdetails/716234/continental-salt-reduced-beef-stock-pot",
        "imgName": "716234.jpg",
        "imgSrc": "https://cdn0.woolworths.media/content/wowproductimages/medium/716234.jpg",
        "name": "Continental Salt Reduced Beef Stock Pot 112g",
        "price": 3.8,
        "unitPrice": "$0.34 / 10G"
    },
    {
        "category": "pantry",
        "href": "https://www.woolworths.com.au/shop/productdetails/320105/cadbury-dairy-milk-chocolate",
        "imgName": "320105.jpg",
        "imgSrc": "https://cdn0.woolworths.media/content/wowproductimages/medium/320105.jpg",
        "name": "Cadbury Dairy Milk Chocolate  50g bar",
        "price": 2,
        "unitPrice": "$4.00 / 100G"
    },
    {
        "category": "pantry",
        "href": "https://www.woolworths.com.au/shop/productdetails/98869/nestle-peppermint-crisp",
        "imgName": "098869.jpg",
        "imgSrc": "https://cdn0.woolworths.media/content/wowproductimages/medium/098869.jpg",
        "name": "Nestle Peppermint Crisp  35g bar",
        "price": 2,
        "unitPrice": "$5.71 / 100G"
    },
    {
        "category": "pantry",
        "href": "https://www.woolworths.com.au/shop/productdetails/47780/angas-park-apricot-large-dried",
        "imgName": "047780.jpg",
        "imgSrc": "https://cdn0.woolworths.media/content/wowproductimages/medium/047780.jpg",
        "name": "Angas Park Apricot Large Dried 200g",
        "price": 7.5,
        "unitPrice": "$37.50 / 1KG"
    },
    {
        "category": "pantry",
        "href": "https://www.woolworths.com.au/shop/productdetails/231812/macro-nuts-cashew-kernels",
        "imgName": "231812.jpg",
        "imgSrc": "https://cdn0.woolworths.media/content/wowproductimages/medium/231812.jpg",
        "name": "Macro Nuts Cashew Kernels 250g",
        "price": 6.29,
        "unitPrice": "$25.16 / 1KG"
    },
    {
        "category": "pantry",
        "href": "https://www.woolworths.com.au/shop/productdetails/33976/hamper-beef-corned",
        "imgName": "033976.jpg",
        "imgSrc": "https://cdn0.woolworths.media/content/wowproductimages/medium/033976.jpg",
        "name": "Hamper Beef Corned 340g",
        "price": 5.5,
        "special": 4.5,
        "unitPrice": "$13.24 / 1KG"
    },
    {
        "category": "pantry",
        "href": "https://www.woolworths.com.au/shop/productdetails/274326/thins-chips-share-pack-light-tangy",
        "imgName": "274326.jpg",
        "imgSrc": "https://cdn0.woolworths.media/content/wowproductimages/medium/274326.jpg",
        "name": "Thins Chips Share Pack Light & Tangy 175g",
        "price": 2.5,
        "unitPrice": "$1.43 / 100G"
    },
    {
        "category": "pantry",
        "href": "https://www.woolworths.com.au/shop/productdetails/99484/squid-brand-fish-sauce",
        "imgName": "099484.jpg",
        "imgSrc": "https://cdn0.woolworths.media/content/wowproductimages/medium/099484.jpg",
        "name": "Squid Brand Fish Sauce  300ml",
        "price": 2,
        "unitPrice": "$0.67 / 100ML"
    },
    {
        "category": "pantry",
        "href": "https://www.woolworths.com.au/shop/productdetails/765547/mentos-pure-fresh-gum-fresh-mint",
        "imgName": "765547.jpg",
        "imgSrc": "https://cdn0.woolworths.media/content/wowproductimages/medium/765547.jpg",
        "name": "Mentos Pure Fresh Gum Fresh Mint 29g tin",
        "price": 2,
        "unitPrice": "$6.90 / 100G"
    },
    {
        "category": "pantry",
        "href": "https://www.woolworths.com.au/shop/productdetails/727909/wrigley-s-eclipse-chewy-mints-peppermint",
        "imgName": "727909.jpg",
        "imgSrc": "https://cdn0.woolworths.media/content/wowproductimages/medium/727909.jpg",
        "name": "Wrigley's Eclipse Chewy Mints Peppermint 27g",
        "price": 1.5,
        "unitPrice": "$5.56 / 100G"
    },
    {
        "category": "pantry",
        "href": "https://www.woolworths.com.au/shop/productdetails/293543/alfa-one-rice-bran-oil",
        "imgName": "293543.jpg",
        "imgSrc": "https://cdn0.woolworths.media/content/wowproductimages/medium/293543.jpg",
        "name": "Alfa One Rice Bran Oil 1l",
        "price": 7,
        "unitPrice": "$0.70 / 100ML"
    },
    {
        "category": "pantry",
        "href": "https://www.woolworths.com.au/shop/productdetails/728591/cadbury-dairy-milk-bubbly-mint",
        "imgName": "728591.jpg",
        "imgSrc": "https://cdn0.woolworths.media/content/wowproductimages/medium/728591.jpg",
        "name": "Cadbury Dairy Milk Bubbly Mint 155g block",
        "price": 4,
        "unitPrice": "$2.58 / 100G"
    },
    {
        "category": "pantry",
        "href": "https://www.woolworths.com.au/shop/productdetails/30321/madura-green-tea-bags",
        "imgName": "030321.jpg",
        "imgSrc": "https://cdn0.woolworths.media/content/wowproductimages/medium/030321.jpg",
        "name": "Madura Green Tea Bags 50pk 75g",
        "price": 4.5,
        "unitPrice": "$6.00 / 100G"
    },
    {
        "category": "pantry",
        "href": "https://www.woolworths.com.au/shop/productdetails/362490/allen-s-freckles-family-size",
        "imgName": "362490.jpg",
        "imgSrc": "https://cdn0.woolworths.media/content/wowproductimages/medium/362490.jpg",
        "name": "Allen's Freckles Family Size 340g bag",
        "price": 5.2,
        "unitPrice": "$1.53 / 100G"
    },
    {
        "category": "pantry",
        "href": "https://www.woolworths.com.au/shop/productdetails/932808/birch-waite-aioli-garlic-mayonnaise",
        "imgName": "932808.jpg",
        "imgSrc": "https://cdn0.woolworths.media/content/wowproductimages/medium/932808.jpg",
        "name": "Birch & Waite Aioli & Garlic Mayonnaise 250ml",
        "price": 5,
        "unitPrice": "$2.00 / 100ML"
    },
    {
        "category": "pantry",
        "href": "https://www.woolworths.com.au/shop/productdetails/368719/woolworths-oven-roasted-almonds",
        "imgName": "368719.jpg",
        "imgSrc": "https://cdn0.woolworths.media/content/wowproductimages/medium/368719.jpg",
        "name": "Woolworths Oven Roasted Almonds 225g",
        "price": 6,
        "unitPrice": "$26.67 / 1KG"
    },
    {
        "category": "pantry",
        "href": "https://www.woolworths.com.au/shop/productdetails/368726/woolworths-walnuts-150g",
        "imgName": "368726.jpg",
        "imgSrc": "https://cdn0.woolworths.media/content/wowproductimages/medium/368726.jpg",
        "name": "Woolworths Walnuts 150g  150g",
        "price": 6,
        "unitPrice": "$40.00 / 1KG"
    },
    {
        "category": "pantry",
        "href": "https://www.woolworths.com.au/shop/productdetails/378821/woolworths-roasted-salted-pistachios",
        "imgName": "378821.jpg",
        "imgSrc": "https://cdn0.woolworths.media/content/wowproductimages/medium/378821.jpg",
        "name": "Woolworths Roasted & Salted Pistachios  170g",
        "price": 6,
        "unitPrice": "$35.29 / 1KG"
    },
    {
        "category": "pantry",
        "href": "https://www.woolworths.com.au/shop/productdetails/775117/woolworths-honey-macadamia",
        "imgName": "775117.jpg",
        "imgSrc": "https://cdn0.woolworths.media/content/wowproductimages/medium/775117.jpg",
        "name": "Woolworths Honey Macadamia  120g",
        "price": 6,
        "unitPrice": "$50.00 / 1KG"
    },
    {
        "category": "pantry",
        "href": "https://www.woolworths.com.au/shop/productdetails/380903/aeroplane-jelly-lite-vanilla-berry",
        "imgName": "380903.jpg",
        "imgSrc": "https://cdn0.woolworths.media/content/wowproductimages/medium/380903.jpg",
        "name": "Aeroplane Jelly Lite Vanilla Berry 2x9g",
        "price": 1.9,
        "unitPrice": "$10.56 / 100G"
    },
    {
        "category": "pantry",
        "href": "https://www.woolworths.com.au/shop/productdetails/936066/cadbury-coco-70-cocoa-dark-mint",
        "imgName": "936066.jpg",
        "imgSrc": "https://cdn0.woolworths.media/content/wowproductimages/medium/936066.jpg",
        "name": "Cadbury Coco 70% Cocoa Dark Mint 100g",
        "price": 4,
        "unitPrice": "$4.00 / 100G"
    },
    {
        "category": "pantry",
        "href": "https://www.woolworths.com.au/shop/productdetails/612814/continental-rice-chicken-porcini-mushroom-garlic",
        "imgName": "612814.jpg",
        "imgSrc": "https://cdn0.woolworths.media/content/wowproductimages/medium/612814.jpg",
        "name": "Continental Rice Chicken Porcini Mushroom Garlic 105g",
        "price": 2.75,
        "special": 2,
        "unitPrice": "$1.90 / 100G"
    },
    {
        "category": "pantry",
        "href": "https://www.woolworths.com.au/shop/productdetails/441659/tic-tac-mixers-cherry-cola",
        "imgName": "441659.jpg",
        "imgSrc": "https://cdn0.woolworths.media/content/wowproductimages/medium/441659.jpg",
        "name": "Tic Tac Mixers Cherry Cola 24g",
        "price": 1.7,
        "unitPrice": "$7.08 / 100G"
    },
    {
        "category": "pantry",
        "href": "https://www.woolworths.com.au/shop/productdetails/33457/paramount-salmon-pure-pink",
        "imgName": "033457.jpg",
        "imgSrc": "https://cdn0.woolworths.media/content/wowproductimages/medium/033457.jpg",
        "name": "Paramount Salmon Pure Pink 100g",
        "price": 2.6,
        "unitPrice": "$26.00 / 1KG"
    },
    {
        "category": "pantry",
        "href": "https://www.woolworths.com.au/shop/productdetails/754460/aeroplane-ready-to-eat-jelly-orange-jelly",
        "imgName": "754460.jpg",
        "imgSrc": "https://cdn0.woolworths.media/content/wowproductimages/medium/754460.jpg",
        "name": "Aeroplane Ready To Eat Jelly Orange Jelly 120g",
        "price": 1.45,
        "unitPrice": "$1.21 / 100G"
    },
    {
        "category": "pantry",
        "href": "https://www.woolworths.com.au/shop/productdetails/648985/nestle-milkyba-cookies-cream-45g-bar",
        "imgName": "648985.jpg",
        "imgSrc": "https://cdn0.woolworths.media/content/wowproductimages/medium/648985.jpg",
        "name": "Nestle Milkyba Cookies & Cream 45g Bar 45g",
        "price": 2,
        "unitPrice": "$4.44 / 100G"
    },
    {
        "category": "pantry",
        "href": "https://www.woolworths.com.au/shop/productdetails/27855/homebrand-stuffing-mix",
        "imgName": "027855.jpg",
        "imgSrc": "https://cdn0.woolworths.media/content/wowproductimages/medium/027855.jpg",
        "name": "Homebrand Stuffing Mix  200g",
        "price": 1.35,
        "unitPrice": "$0.07 / 10G"
    },
    {
        "category": "pantry",
        "href": "https://www.woolworths.com.au/shop/productdetails/791172/macro-organic-pasta-sauce-chunky-bolognese",
        "imgName": "791172.jpg",
        "imgSrc": "https://cdn0.woolworths.media/content/wowproductimages/medium/791172.jpg",
        "name": "Macro Organic Pasta Sauce Chunky Bolognese 500g",
        "price": 2.99,
        "unitPrice": "$0.60 / 100G"
    },
    {
        "category": "pantry",
        "href": "https://www.woolworths.com.au/shop/productdetails/38844/brunswick-sardines-tomato-sauce",
        "imgName": "038844.jpg",
        "imgSrc": "https://cdn0.woolworths.media/content/wowproductimages/medium/038844.jpg",
        "name": "Brunswick Sardines Tomato Sauce 106g",
        "price": 1.7,
        "unitPrice": "$16.04 / 1KG"
    },
    {
        "category": "pantry",
        "href": "https://www.woolworths.com.au/shop/productdetails/94612/hoyts-oregano",
        "imgName": "094612.jpg",
        "imgSrc": "https://cdn0.woolworths.media/content/wowproductimages/medium/094612.jpg",
        "name": "Hoyts Oregano  25g",
        "price": 1.7,
        "unitPrice": "$0.68 / 10G"
    },
    {
        "category": "pantry",
        "href": "https://www.woolworths.com.au/shop/productdetails/297728/la-zuppa-microwave-soup-minestrone",
        "imgName": "297728.jpg",
        "imgSrc": "https://cdn0.woolworths.media/content/wowproductimages/medium/297728.jpg",
        "name": "La Zuppa Microwave Soup Minestrone 420g",
        "price": 4,
        "unitPrice": "$0.95 / 100G"
    },
    {
        "category": "pantry",
        "href": "https://www.woolworths.com.au/shop/productdetails/57070/john-west-tempters-tuna-onion-tomato-savoury-sauce",
        "imgName": "057070.jpg",
        "imgSrc": "https://cdn0.woolworths.media/content/wowproductimages/medium/057070.jpg",
        "name": "John West Tempters Tuna Onion & Tomato Savoury Sauce 95g",
        "price": 2,
        "unitPrice": "$21.05 / 1KG"
    },
    {
        "category": "pantry",
        "href": "https://www.woolworths.com.au/shop/productdetails/35941/masterfoods-cinnamon-sugar",
        "imgName": "035941.jpg",
        "imgSrc": "https://cdn0.woolworths.media/content/wowproductimages/medium/035941.jpg",
        "name": "Masterfoods Cinnamon Sugar 55g",
        "price": 2.1,
        "unitPrice": "$0.38 / 10G"
    },
    {
        "category": "pantry",
        "href": "https://www.woolworths.com.au/shop/productdetails/343902/maggi-chicken-corn-2-minute-noodles",
        "imgName": "343902.jpg",
        "imgSrc": "https://cdn0.woolworths.media/content/wowproductimages/medium/343902.jpg",
        "name": "Maggi Chicken & Corn 2 Minute Noodles 5pk x 74g",
        "price": 3.95,
        "unitPrice": "$1.07 / 100G"
    },
    {
        "category": "pantry",
        "href": "https://www.woolworths.com.au/shop/productdetails/476617/i-quit-sugar-paleo-balls-almond-coconut-chia",
        "imgName": "476617.jpg",
        "imgSrc": "https://cdn0.woolworths.media/content/wowproductimages/medium/476617.jpg",
        "name": "I Quit Sugar Paleo Balls Almond Coconut & Chia 270g",
        "price": 6.99,
        "unitPrice": "$2.59 / 100G"
    },
    {
        "category": "pantry",
        "href": "https://www.woolworths.com.au/shop/productdetails/827570/sanitarium-up-go-reduced-sugar-liquid-breakfast-vanilla",
        "imgName": "827570.jpg",
        "imgSrc": "https://cdn0.woolworths.media/content/wowproductimages/medium/827570.jpg",
        "name": "Sanitarium Up&go Reduced Sugar Liquid Breakfast Vanilla 3pk 250ml",
        "price": 5,
        "unitPrice": "$6.67 / 1L"
    },
    {
        "category": "pantry",
        "href": "https://www.woolworths.com.au/shop/productdetails/347118/mckenzie-s-bi-carb-soda",
        "imgName": "347118.jpg",
        "imgSrc": "https://cdn0.woolworths.media/content/wowproductimages/medium/347118.jpg",
        "name": "Mckenzie's Bi Carb Soda 350g",
        "price": 4,
        "unitPrice": "$1.14 / 100G"
    },
    {
        "category": "pantry",
        "href": "https://www.woolworths.com.au/shop/productdetails/575842/twinings-morning-tea",
        "imgName": "575842.jpg",
        "imgSrc": "https://cdn0.woolworths.media/content/wowproductimages/medium/575842.jpg",
        "name": "Twinings Morning Tea  50 pk",
        "price": 7,
        "unitPrice": "$0.14 / 1EA"
    },
    {
        "category": "pantry",
        "href": "https://www.woolworths.com.au/shop/productdetails/705866/branston-pickle-small-chunk",
        "imgName": "705866.jpg",
        "imgSrc": "https://cdn0.woolworths.media/content/wowproductimages/medium/705866.jpg",
        "name": "Branston Pickle Small Chunk  360g",
        "price": 6.5,
        "unitPrice": "$1.81 / 100G"
    },
    {
        "category": "pantry",
        "href": "https://www.woolworths.com.au/shop/productdetails/340431/sirena-tuna-basil-infused-oil",
        "imgName": "340431.jpg",
        "imgSrc": "https://cdn0.woolworths.media/content/wowproductimages/medium/340431.jpg",
        "name": "Sirena Tuna Basil Infused Oil 95g",
        "price": 2.5,
        "unitPrice": "$26.32 / 1KG"
    },
    {
        "category": "pantry",
        "href": "https://www.woolworths.com.au/shop/productdetails/318677/nik-naks-maize-snack-cheese-flavour",
        "imgName": "318677.jpg",
        "imgSrc": "https://cdn0.woolworths.media/content/wowproductimages/medium/318677.jpg",
        "name": "Nik Naks Maize Snack Cheese Flavour 150g",
        "price": 4,
        "unitPrice": "$2.67 / 100G"
    },
    {
        "category": "pantry",
        "href": "https://www.woolworths.com.au/shop/productdetails/368717/macro-oven-roasted-salted-cashews",
        "imgName": "368717.jpg",
        "imgSrc": "https://cdn0.woolworths.media/content/wowproductimages/medium/368717.jpg",
        "name": "Macro Oven Roasted & Salted Cashews  200g pot",
        "price": 6,
        "unitPrice": "$30.00 / 1KG"
    },
    {
        "category": "pantry",
        "href": "https://www.woolworths.com.au/shop/productdetails/633676/frey-mint-chocolate",
        "imgName": "633676.jpg",
        "imgSrc": "https://cdn0.woolworths.media/content/wowproductimages/medium/633676.jpg",
        "name": "Frey Mint Chocolate 100g block",
        "price": 2.5,
        "unitPrice": "$2.50 / 100G"
    },
    {
        "category": "pantry",
        "href": "https://www.woolworths.com.au/shop/productdetails/15458/golden-pasta-gnocchi-potato-dry",
        "imgName": "015458.jpg",
        "imgSrc": "https://cdn0.woolworths.media/content/wowproductimages/medium/015458.jpg",
        "name": "Golden Pasta Gnocchi Potato Dry 500g",
        "price": 3.8,
        "unitPrice": "$0.76 / 100G"
    },
    {
        "category": "pantry",
        "href": "https://www.woolworths.com.au/shop/productdetails/94628/hoyts-caraway-seeds",
        "imgName": "094628.jpg",
        "imgSrc": "https://cdn0.woolworths.media/content/wowproductimages/medium/094628.jpg",
        "name": "Hoyts Caraway Seeds  15g",
        "price": 1.5,
        "unitPrice": "$1.00 / 10G"
    },
    {
        "category": "pantry",
        "href": "https://www.woolworths.com.au/shop/productdetails/345636/masterfoods-slow-cooker-garlic-herb-lamb-shanks",
        "imgName": "345636.jpg",
        "imgSrc": "https://cdn0.woolworths.media/content/wowproductimages/medium/345636.jpg",
        "name": "Masterfoods Slow Cooker Garlic & Herb Lamb Shanks 175g",
        "price": 2.19,
        "unitPrice": "$1.25 / 100G"
    },
    {
        "category": "pantry",
        "href": "https://www.woolworths.com.au/shop/productdetails/337576/bolands-fig-rolls-fig-rolls",
        "imgName": "default.png",
        "imgSrc": "https://cdn0.woolworths.media/content/wowproductimages/large/default.png",
        "name": "Bolands Fig Rolls Fig Rolls 200g",
        "price": 3.3,
        "unitPrice": "$1.65 / 100G"
    },
    {
        "category": "pantry",
        "href": "https://www.woolworths.com.au/shop/productdetails/827820/woolworths-select-roasted-salted-almonds",
        "imgName": "827820.jpg",
        "imgSrc": "https://cdn0.woolworths.media/content/wowproductimages/medium/827820.jpg",
        "name": "Woolworths Select Roasted & Salted Almonds 400g",
        "price": 9,
        "unitPrice": "$22.50 / 1KG"
    },
    {
        "category": "pantry",
        "href": "https://www.woolworths.com.au/shop/productdetails/750825/tasti-protein-bar-nutty-choc",
        "imgName": "750825.jpg",
        "imgSrc": "https://cdn0.woolworths.media/content/wowproductimages/medium/750825.jpg",
        "name": "Tasti Protein Bar Nutty Choc 200g",
        "price": 4.8,
        "unitPrice": "$2.40 / 100G"
    },
    {
        "category": "pantry",
        "href": "https://www.woolworths.com.au/shop/productdetails/873018/woolworths-smoked-oysters-in-oil",
        "imgName": "873018.jpg",
        "imgSrc": "https://cdn0.woolworths.media/content/wowproductimages/medium/873018.jpg",
        "name": "Woolworths Smoked Oysters In Oil  85g",
        "price": 1.4,
        "unitPrice": "$16.47 / 1KG"
    },
    {
        "category": "pantry",
        "href": "https://www.woolworths.com.au/shop/productdetails/313811/bean-ground-drunk-ground-coffee-organic-fair-trade-decaf",
        "imgName": "313811.jpg",
        "imgSrc": "https://cdn0.woolworths.media/content/wowproductimages/medium/313811.jpg",
        "name": "Bean Ground & Drunk Ground Coffee Organic Fair Trade Decaf 250g",
        "price": 8.8,
        "unitPrice": "$3.52 / 100G"
    },
    {
        "category": "pantry",
        "href": "https://www.woolworths.com.au/shop/productdetails/211299/john-west-tempters-tuna-smoked",
        "imgName": "211299.jpg",
        "imgSrc": "https://cdn0.woolworths.media/content/wowproductimages/medium/211299.jpg",
        "name": "John West Tempters Tuna Smoked 95g",
        "price": 2,
        "unitPrice": "$21.05 / 1KG"
    },
    {
        "category": "pantry",
        "href": "https://www.woolworths.com.au/shop/productdetails/17628/st-dalfour-orange-marmalade-spread-no-added-sugar",
        "imgName": "017628.jpg",
        "imgSrc": "https://cdn0.woolworths.media/content/wowproductimages/medium/017628.jpg",
        "name": "St Dalfour Orange Marmalade Spread No Added Sugar 284g",
        "price": 4.2,
        "unitPrice": "$1.48 / 100G"
    },
    {
        "category": "pantry",
        "href": "https://www.woolworths.com.au/shop/productdetails/828553/mckenzie-s-soup-mix-superblend-protein",
        "imgName": "828553.jpg",
        "imgSrc": "https://cdn0.woolworths.media/content/wowproductimages/medium/828553.jpg",
        "name": "Mckenzie's Soup Mix Superblend Protein 350g",
        "price": 5.49,
        "unitPrice": "$1.57 / 100G"
    },
    {
        "category": "pantry",
        "href": "https://www.woolworths.com.au/shop/productdetails/261734/uncle-bens-express-microwave-tomato-basil-rice",
        "imgName": "261734.jpg",
        "imgSrc": "https://cdn0.woolworths.media/content/wowproductimages/medium/261734.jpg",
        "name": "Uncle Bens Express Microwave Tomato & Basil Rice 250g",
        "price": 3.25,
        "unitPrice": "$1.30 / 100G"
    },
    {
        "category": "pantry",
        "href": "https://www.woolworths.com.au/shop/productdetails/700275/woolworths-instant-cannelloni",
        "imgName": "700275.jpg",
        "imgSrc": "https://cdn0.woolworths.media/content/wowproductimages/medium/700275.jpg",
        "name": "Woolworths Instant Cannelloni  250g",
        "price": 2.15,
        "unitPrice": "$0.86 / 100G"
    },
    {
        "category": "pantry",
        "href": "https://www.woolworths.com.au/shop/productdetails/708283/sandhurst-olives-green-pitted",
        "imgName": "708283.jpg",
        "imgSrc": "https://cdn0.woolworths.media/content/wowproductimages/medium/708283.jpg",
        "name": "Sandhurst Olives Green Pitted 350g",
        "price": 2.6,
        "unitPrice": "$7.43 / 1KG"
    },
    {
        "category": "pantry",
        "href": "https://www.woolworths.com.au/shop/productdetails/91837/verity-prunes-large",
        "imgName": "091837.jpg",
        "imgSrc": "https://cdn0.woolworths.media/content/wowproductimages/medium/091837.jpg",
        "name": "Verity Prunes Large 750g",
        "price": 6,
        "unitPrice": "$8.00 / 1KG"
    },
    {
        "category": "pantry",
        "href": "https://www.woolworths.com.au/shop/productdetails/765446/tetley-cinnamon-orange-pyramid-tea",
        "imgName": "765446.jpg",
        "imgSrc": "https://cdn0.woolworths.media/content/wowproductimages/medium/765446.jpg",
        "name": "Tetley Cinnamon Orange Pyramid Tea 18pk 36g",
        "price": 3,
        "unitPrice": "$8.33 / 100G"
    },
    {
        "category": "pantry",
        "href": "https://www.woolworths.com.au/shop/productdetails/92491/csr-golden-syrup-squeeze",
        "imgName": "092491.jpg",
        "imgSrc": "https://cdn0.woolworths.media/content/wowproductimages/medium/092491.jpg",
        "name": "Csr Golden Syrup Squeeze 500g",
        "price": 5,
        "unitPrice": "$1.00 / 100G"
    },
    {
        "category": "pantry",
        "href": "https://www.woolworths.com.au/shop/productdetails/825212/woolworths-gold-gouda-edam-butter-straws",
        "imgName": "825212.jpg",
        "imgSrc": "https://cdn0.woolworths.media/content/wowproductimages/medium/825212.jpg",
        "name": "Woolworths Gold Gouda & Edam Butter Straws 100g",
        "price": 3,
        "unitPrice": "$3.00 / 100G"
    },
    {
        "category": "pantry",
        "href": "https://www.woolworths.com.au/shop/productdetails/86913/ayam-blackbean-sauce",
        "imgName": "086913.jpg",
        "imgSrc": "https://cdn0.woolworths.media/content/wowproductimages/medium/086913.jpg",
        "name": "Ayam Blackbean Sauce 210ml",
        "price": 3.2,
        "unitPrice": "$1.52 / 100ML"
    },
    {
        "category": "pantry",
        "href": "https://www.woolworths.com.au/shop/productdetails/224075/mazzetti-vinegar-balsamic-vintage-4-leaf",
        "imgName": "224075.jpg",
        "imgSrc": "https://cdn0.woolworths.media/content/wowproductimages/medium/224075.jpg",
        "name": "Mazzetti Vinegar Balsamic Vintage 4 Leaf 250ml",
        "price": 6.8,
        "unitPrice": "$2.72 / 100ML"
    },
    {
        "category": "pantry",
        "href": "https://www.woolworths.com.au/shop/productdetails/829003/cadbury-baking-dark-chocolate-block",
        "imgName": "829003.jpg",
        "imgSrc": "https://cdn0.woolworths.media/content/wowproductimages/medium/829003.jpg",
        "name": "Cadbury Baking Dark Chocolate Block 200g",
        "price": 4.5,
        "unitPrice": "$2.25 / 100G"
    },
    {
        "category": "pantry",
        "href": "https://www.woolworths.com.au/shop/productdetails/701761/kellogg-s-sustain",
        "imgName": "701761.jpg",
        "imgSrc": "https://cdn0.woolworths.media/content/wowproductimages/medium/701761.jpg",
        "name": "Kellogg's Sustain  480g",
        "price": 5.39,
        "unitPrice": "$1.12 / 100G"
    },
    {
        "category": "pantry",
        "href": "https://www.woolworths.com.au/shop/productdetails/759170/vicks-vaponaturals-throat-lozenges-lemon-menthol",
        "imgName": "759170.jpg",
        "imgSrc": "https://cdn0.woolworths.media/content/wowproductimages/medium/759170.jpg",
        "name": "Vicks Vaponaturals Throat Lozenges Lemon Menthol 40pce 80g",
        "price": 4.5,
        "unitPrice": "$0.11 / 1EA"
    },
    {
        "category": "pantry",
        "href": "https://www.woolworths.com.au/shop/productdetails/54429/s-b-japanese-wasabi-tube-paste",
        "imgName": "054429.jpg",
        "imgSrc": "https://cdn0.woolworths.media/content/wowproductimages/medium/054429.jpg",
        "name": "S&b Japanese Wasabi Tube Paste 43g",
        "price": 3,
        "unitPrice": "$6.98 / 100G"
    },
    {
        "category": "pantry",
        "href": "https://www.woolworths.com.au/shop/productdetails/380794/woolworths-mixed-nuts-cashew-macadamia-roasted-salt",
        "imgName": "380794.jpg",
        "imgSrc": "https://cdn0.woolworths.media/content/wowproductimages/medium/380794.jpg",
        "name": "Woolworths Mixed Nuts Cashew Macadamia Roasted Salt 400g pack",
        "price": 16,
        "unitPrice": "$40.00 / 1KG"
    },
    {
        "category": "pantry",
        "href": "https://www.woolworths.com.au/shop/productdetails/246970/sanitarium-weet-bix-for-kids",
        "imgName": "246970.jpg",
        "imgSrc": "https://cdn0.woolworths.media/content/wowproductimages/medium/246970.jpg",
        "name": "Sanitarium Weet-bix For Kids 375g",
        "price": 2.99,
        "unitPrice": "$0.80 / 100G"
    },
    {
        "category": "pantry",
        "href": "https://www.woolworths.com.au/shop/productdetails/922676/dorset-cereals-simply-delicious-muesli",
        "imgName": "922676.jpg",
        "imgSrc": "https://cdn0.woolworths.media/content/wowproductimages/medium/922676.jpg",
        "name": "Dorset Cereals Simply Delicious Muesli 600g",
        "price": 8.3,
        "unitPrice": "$1.38 / 100G"
    },
    {
        "category": "pantry",
        "href": "https://www.woolworths.com.au/shop/productdetails/9011/zafarelli-fusilli-pasta-no-17",
        "imgName": "009011.jpg",
        "imgSrc": "https://cdn0.woolworths.media/content/wowproductimages/medium/009011.jpg",
        "name": "Zafarelli Fusilli Pasta No 17 500g",
        "price": 1.94,
        "unitPrice": "$0.39 / 100G"
    },
    {
        "category": "pantry",
        "href": "https://www.woolworths.com.au/shop/productdetails/695458/woolworths-select-rice-bran-oil",
        "imgName": "695458.jpg",
        "imgSrc": "https://cdn0.woolworths.media/content/wowproductimages/medium/695458.jpg",
        "name": "Woolworths Select Rice Bran Oil 500ml",
        "price": 3.5,
        "unitPrice": "$0.70 / 100ML"
    },
    {
        "category": "pantry",
        "href": "https://www.woolworths.com.au/shop/productdetails/204544/ryvita-original",
        "imgName": "204544.jpg",
        "imgSrc": "https://cdn0.woolworths.media/content/wowproductimages/medium/204544.jpg",
        "name": "Ryvita Original  250g",
        "price": 2.85,
        "unitPrice": "$1.14 / 100G"
    },
    {
        "category": "pantry",
        "href": "https://www.woolworths.com.au/shop/productdetails/467269/woolworths-traditional-mayonnaise",
        "imgName": "467269.jpg",
        "imgSrc": "https://cdn0.woolworths.media/content/wowproductimages/medium/467269.jpg",
        "name": "Woolworths Traditional Mayonnaise  470g",
        "price": 2.6,
        "unitPrice": "$0.55 / 100G"
    },
    {
        "category": "pantry",
        "href": "https://www.woolworths.com.au/shop/productdetails/840785/dole-premium-tropical-pineapple-slices-in-juice",
        "imgName": "840785.jpg",
        "imgSrc": "https://cdn0.woolworths.media/content/wowproductimages/medium/840785.jpg",
        "name": "Dole Premium Tropical Pineapple Slices In Juice 227g",
        "price": 1.5,
        "unitPrice": "$6.61 / 1KG"
    },
    {
        "category": "pantry",
        "href": "https://www.woolworths.com.au/shop/productdetails/355136/macro-nuts-almonds-tamari",
        "imgName": "355136.jpg",
        "imgSrc": "https://cdn0.woolworths.media/content/wowproductimages/medium/355136.jpg",
        "name": "Macro Nuts Almonds Tamari 500g",
        "price": 12.99,
        "unitPrice": "$25.98 / 1KG"
    },
    {
        "category": "pantry",
        "href": "https://www.woolworths.com.au/shop/productdetails/335402/macro-organic-flour-wholemeal-spelt",
        "imgName": "335402.jpg",
        "imgSrc": "https://cdn0.woolworths.media/content/wowproductimages/medium/335402.jpg",
        "name": "Macro Organic Flour Wholemeal Spelt 750g",
        "price": 7.5,
        "unitPrice": "$10.00 / 1KG"
    },
    {
        "category": "pantry",
        "href": "https://www.woolworths.com.au/shop/productdetails/304207/whole-wheat-biscuits",
        "imgName": "304207.jpg",
        "imgSrc": "https://cdn0.woolworths.media/content/wowproductimages/medium/304207.jpg",
        "name": "Whole Wheat Biscuits  430g",
        "price": 8.3,
        "unitPrice": "$1.93 / 100G"
    },
    {
        "category": "pantry",
        "href": "https://www.woolworths.com.au/shop/productdetails/353695/three-three-s-tomato-sauce-tomato",
        "imgName": "353695.jpg",
        "imgSrc": "https://cdn0.woolworths.media/content/wowproductimages/medium/353695.jpg",
        "name": "Three Three's Tomato Sauce Tomato 275ml",
        "price": 2.99,
        "unitPrice": "$1.09 / 100ML"
    },
    {
        "category": "pantry",
        "href": "https://www.woolworths.com.au/shop/productdetails/724798/nola-ouma-south-african-breakfast-rusk",
        "imgName": "724798.jpg",
        "imgSrc": "https://cdn0.woolworths.media/content/wowproductimages/medium/724798.jpg",
        "name": "Nola Ouma South African Breakfast Rusk 450g",
        "price": 6.7,
        "unitPrice": "$1.49 / 100G"
    },
    {
        "category": "pantry",
        "href": "https://www.woolworths.com.au/shop/productdetails/724831/knorr-brown-onion-south-african-soup",
        "imgName": "724831.jpg",
        "imgSrc": "https://cdn0.woolworths.media/content/wowproductimages/medium/724831.jpg",
        "name": "Knorr Brown Onion South African Soup 50g",
        "price": 2,
        "unitPrice": "$4.00 / 100G"
    },
    {
        "category": "pantry",
        "href": "https://www.woolworths.com.au/shop/productdetails/574749/saxa-natural-pink-himalayan-table-salt",
        "imgName": "574749.jpg",
        "imgSrc": "https://cdn0.woolworths.media/content/wowproductimages/medium/574749.jpg",
        "name": "Saxa Natural Pink Himalayan Table Salt 500g",
        "price": 4.49,
        "unitPrice": "$0.09 / 10G"
    },
    {
        "category": "pantry",
        "href": "https://www.woolworths.com.au/shop/productdetails/187781/betty-crocker-blueberry-low-fat-muffin-mix",
        "imgName": "187781.jpg",
        "imgSrc": "https://cdn0.woolworths.media/content/wowproductimages/medium/187781.jpg",
        "name": "Betty Crocker Blueberry Low Fat Muffin Mix 500g",
        "price": 5.2,
        "unitPrice": "$1.04 / 100G"
    },
    {
        "category": "pantry",
        "href": "https://www.woolworths.com.au/shop/productdetails/82835/golden-days-fruit-snacks-bites-apricot",
        "imgName": "082835.jpg",
        "imgSrc": "https://cdn0.woolworths.media/content/wowproductimages/medium/082835.jpg",
        "name": "Golden Days Fruit Snacks Bites Apricot 5x40g",
        "price": 4.24,
        "unitPrice": "$2.12 / 100G"
    },
    {
        "category": "pantry",
        "href": "https://www.woolworths.com.au/shop/productdetails/228497/twinings-green-tea-mint-tea-bags",
        "imgName": "228497.jpg",
        "imgSrc": "https://cdn0.woolworths.media/content/wowproductimages/medium/228497.jpg",
        "name": "Twinings Green Tea & Mint Tea Bags 10pk 20g",
        "price": 2.7,
        "unitPrice": "$13.50 / 100G"
    },
    {
        "category": "pantry",
        "href": "https://www.woolworths.com.au/shop/productdetails/826505/macro-organic-steel-cut-oats",
        "imgName": "826505.jpg",
        "imgSrc": "https://cdn0.woolworths.media/content/wowproductimages/medium/826505.jpg",
        "name": "Macro Organic Steel Cut Oats 750 g",
        "price": 5.5,
        "unitPrice": "$0.73 / 100G"
    },
    {
        "category": "pantry",
        "href": "https://www.woolworths.com.au/shop/productdetails/169592/heinz-tomato-sauce-ketchup-all-natural-squeezy",
        "imgName": "169592.jpg",
        "imgSrc": "https://cdn0.woolworths.media/content/wowproductimages/medium/169592.jpg",
        "name": "Heinz Tomato Sauce Ketchup All Natural Squeezy 1l",
        "price": 5,
        "unitPrice": "$0.50 / 100ML"
    },
    {
        "category": "pantry",
        "href": "https://www.woolworths.com.au/shop/productdetails/369521/weight-watchers-tropical-fruit-fibre",
        "imgName": "369521.jpg",
        "imgSrc": "https://cdn0.woolworths.media/content/wowproductimages/medium/369521.jpg",
        "name": "Weight Watchers Tropical Fruit & Fibre 450g",
        "price": 4.99,
        "unitPrice": "$1.11 / 100G"
    },
    {
        "category": "pantry",
        "href": "https://www.woolworths.com.au/shop/productdetails/502942/bertolli-olive-oil-light-in-taste",
        "imgName": "502942.jpg",
        "imgSrc": "https://cdn0.woolworths.media/content/wowproductimages/medium/502942.jpg",
        "name": "Bertolli Olive Oil Light In Taste 370ml",
        "price": 7,
        "unitPrice": "$1.89 / 100ML"
    },
    {
        "category": "pantry",
        "href": "https://www.woolworths.com.au/shop/productdetails/34287/campbell-s-canned-soup-tomato-condensed",
        "imgName": "034287.jpg",
        "imgSrc": "https://cdn0.woolworths.media/content/wowproductimages/medium/034287.jpg",
        "name": "Campbell's Canned Soup Tomato Condensed 420g",
        "price": 1.86,
        "unitPrice": "$0.44 / 100G"
    },
    {
        "category": "pantry",
        "href": "https://www.woolworths.com.au/shop/productdetails/202209/essentials-traditional-gravy-mix",
        "imgName": "202209.jpg",
        "imgSrc": "https://cdn0.woolworths.media/content/wowproductimages/medium/202209.jpg",
        "name": "Essentials Traditional Gravy Mix 425g",
        "price": 2.9,
        "unitPrice": "$0.07 / 10G"
    },
    {
        "category": "pantry",
        "href": "https://www.woolworths.com.au/shop/productdetails/750405/twinings-vanilla-chai-tea",
        "imgName": "750405.jpg",
        "imgSrc": "https://cdn0.woolworths.media/content/wowproductimages/medium/750405.jpg",
        "name": "Twinings Vanilla Chai Tea 10pk",
        "price": 2.7,
        "unitPrice": "$13.50 / 100G"
    },
    {
        "category": "pantry",
        "href": "https://www.woolworths.com.au/shop/productdetails/263409/sirena-tuna-la-vita-lite-in-oil",
        "imgName": "263409.jpg",
        "imgSrc": "https://cdn0.woolworths.media/content/wowproductimages/medium/263409.jpg",
        "name": "Sirena Tuna La Vita Lite In Oil 95g",
        "price": 2.5,
        "unitPrice": "$26.32 / 1KG"
    },
    {
        "category": "pantry",
        "href": "https://www.woolworths.com.au/shop/productdetails/321571/beerenberg-strawberry-jam",
        "imgName": "321571.jpg",
        "imgSrc": "https://cdn0.woolworths.media/content/wowproductimages/medium/321571.jpg",
        "name": "Beerenberg Strawberry Jam 300g",
        "price": 4.95,
        "unitPrice": "$1.65 / 100G"
    },
    {
        "category": "pantry",
        "href": "https://www.woolworths.com.au/shop/productdetails/703375/passage-to-japan-sauce-teriyaki-chicken",
        "imgName": "703375.jpg",
        "imgSrc": "https://cdn0.woolworths.media/content/wowproductimages/medium/703375.jpg",
        "name": "Passage To Japan Sauce Teriyaki Chicken 200g",
        "price": 2.5,
        "unitPrice": "$1.25 / 100G"
    },
    {
        "category": "pantry",
        "href": "https://www.woolworths.com.au/shop/productdetails/9013/zafarelli-spaghetti-spaghettini-pasta-no-3",
        "imgName": "009013.jpg",
        "imgSrc": "https://cdn0.woolworths.media/content/wowproductimages/medium/009013.jpg",
        "name": "Zafarelli Spaghetti Spaghettini Pasta No 3 500g",
        "price": 1.94,
        "unitPrice": "$0.39 / 100G"
    },
    {
        "category": "pantry",
        "href": "https://www.woolworths.com.au/shop/productdetails/76474/continental-cup-a-soup-instant-soup-hearty-vegetable-beef",
        "imgName": "076474.jpg",
        "imgSrc": "https://cdn0.woolworths.media/content/wowproductimages/medium/076474.jpg",
        "name": "Continental Cup A Soup Instant Soup Hearty Vegetable & Beef 2pk 65g",
        "price": 2,
        "unitPrice": "$3.08 / 100G"
    },
    {
        "category": "pantry",
        "href": "https://www.woolworths.com.au/shop/productdetails/777287/galaxy-chocolate",
        "imgName": "777287.jpg",
        "imgSrc": "https://cdn0.woolworths.media/content/wowproductimages/medium/777287.jpg",
        "name": "Galaxy Chocolate  42g",
        "price": 2.6,
        "unitPrice": "$6.19 / 100G"
    },
    {
        "category": "pantry",
        "href": "https://www.woolworths.com.au/shop/productdetails/399/mckenzies-baking-aids-acid-tartaric",
        "imgName": "000399.jpg",
        "imgSrc": "https://cdn0.woolworths.media/content/wowproductimages/medium/000399.jpg",
        "name": "Mckenzies Baking Aids Acid Tartaric 75g",
        "price": 2.75,
        "unitPrice": "$3.67 / 100G"
    },
    {
        "category": "pantry",
        "href": "https://www.woolworths.com.au/shop/productdetails/35467/moro-vinegar-balsamic-modena",
        "imgName": "035467.jpg",
        "imgSrc": "https://cdn0.woolworths.media/content/wowproductimages/medium/035467.jpg",
        "name": "Moro Vinegar Balsamic Modena 500ml",
        "price": 5,
        "unitPrice": "$1.00 / 100ML"
    },
    {
        "category": "pantry",
        "href": "https://www.woolworths.com.au/shop/productdetails/233280/old-el-paso-mexican-jumbo-burito-tortillas",
        "imgName": "233280.jpg",
        "imgSrc": "https://cdn0.woolworths.media/content/wowproductimages/medium/233280.jpg",
        "name": "Old El Paso Mexican Jumbo Burito Tortillas 6pk 450g",
        "price": 5.3,
        "unitPrice": "$1.18 / 100G"
    },
    {
        "category": "pantry",
        "href": "https://www.woolworths.com.au/shop/productdetails/246598/greens-pudding-lemon-sponge",
        "imgName": "246598.jpg",
        "imgSrc": "https://cdn0.woolworths.media/content/wowproductimages/medium/246598.jpg",
        "name": "Greens Pudding Lemon Sponge 260g",
        "price": 2.8,
        "unitPrice": "$1.08 / 100G"
    },
    {
        "category": "pantry",
        "href": "https://www.woolworths.com.au/shop/productdetails/400969/thankyou-nut-bar-caramel-sea-salt",
        "imgName": "400969.jpg",
        "imgSrc": "https://cdn0.woolworths.media/content/wowproductimages/medium/400969.jpg",
        "name": "Thankyou Nut Bar Caramel Sea Salt 200g",
        "price": 7,
        "unitPrice": "$3.50 / 100G"
    },
    {
        "category": "pantry",
        "href": "https://www.woolworths.com.au/shop/productdetails/574616/mckenzie-s-baking-powder",
        "imgName": "574616.jpg",
        "imgSrc": "https://cdn0.woolworths.media/content/wowproductimages/medium/574616.jpg",
        "name": "Mckenzie's Baking Powder  300g",
        "price": 5,
        "unitPrice": "$1.67 / 100G"
    },
    {
        "category": "pantry",
        "href": "https://www.woolworths.com.au/shop/productdetails/789796/mother-earth-oaty-slice-choc-orange",
        "imgName": "789796.jpg",
        "imgSrc": "https://cdn0.woolworths.media/content/wowproductimages/medium/789796.jpg",
        "name": "Mother Earth Oaty Slice Choc Orange 240g",
        "price": 4,
        "unitPrice": "$1.67 / 100G"
    },
    {
        "category": "pantry",
        "href": "https://www.woolworths.com.au/shop/productdetails/24020/go-natural-bars-yoghurt-coated-almond-apricot",
        "imgName": "024020.jpg",
        "imgSrc": "https://cdn0.woolworths.media/content/wowproductimages/medium/024020.jpg",
        "name": "Go Natural Bars Yoghurt Coated Almond & Apricot 40g",
        "price": 1.95,
        "unitPrice": "$4.88 / 100G"
    },
    {
        "category": "pantry",
        "href": "https://www.woolworths.com.au/shop/productdetails/24275/pataks-paste-curry-tikka-masala",
        "imgName": "024275.jpg",
        "imgSrc": "https://cdn0.woolworths.media/content/wowproductimages/medium/024275.jpg",
        "name": "Pataks Paste Curry Tikka Masala 283g",
        "price": 5.5,
        "unitPrice": "$1.94 / 100G"
    },
    {
        "category": "pantry",
        "href": "https://www.woolworths.com.au/shop/productdetails/251361/woolworths-yellow-box-honey",
        "imgName": "251361.jpg",
        "imgSrc": "https://cdn0.woolworths.media/content/wowproductimages/medium/251361.jpg",
        "name": "Woolworths Yellow Box Honey 400g",
        "price": 6,
        "unitPrice": "$1.50 / 100G"
    },
    {
        "category": "pantry",
        "href": "https://www.woolworths.com.au/shop/productdetails/357267/macro-natural-cashew-spread",
        "imgName": "357267.jpg",
        "imgSrc": "https://cdn0.woolworths.media/content/wowproductimages/medium/357267.jpg",
        "name": "Macro Natural Cashew Spread 250g",
        "price": 8.5,
        "unitPrice": "$3.40 / 100G"
    },
    {
        "category": "pantry",
        "href": "https://www.woolworths.com.au/shop/productdetails/435277/carmans-blueberry-coconut-almond-crunchy-clusters",
        "imgName": "435277.jpg",
        "imgSrc": "https://cdn0.woolworths.media/content/wowproductimages/medium/435277.jpg",
        "name": "Carmans Blueberry, Coconut & Almond Crunchy Clusters 500g",
        "price": 6.49,
        "unitPrice": "$1.30 / 100G"
    },
    {
        "category": "pantry",
        "href": "https://www.woolworths.com.au/shop/productdetails/197116/natural-coarse-sea-salt-ceramic-grinder",
        "imgName": "197116.jpg",
        "imgSrc": "https://cdn0.woolworths.media/content/wowproductimages/medium/197116.jpg",
        "name": "Natural Coarse Sea Salt Ceramic Grinder 100g",
        "price": 5,
        "unitPrice": "$0.56 / 10G"
    },
    {
        "category": "pantry",
        "href": "https://www.woolworths.com.au/shop/productdetails/213966/allen-s-kool-mints",
        "imgName": "213966.jpg",
        "imgSrc": "https://cdn0.woolworths.media/content/wowproductimages/medium/213966.jpg",
        "name": "Allen's Kool Mints  150g bag",
        "price": 3,
        "unitPrice": "$2.00 / 100G"
    },
    {
        "category": "pantry",
        "href": "https://www.woolworths.com.au/shop/productdetails/319475/john-west-tuna-3-beans",
        "imgName": "319475.jpg",
        "imgSrc": "https://cdn0.woolworths.media/content/wowproductimages/medium/319475.jpg",
        "name": "John West Tuna & 3 Beans 185g",
        "price": 3.6,
        "unitPrice": "$19.46 / 1KG"
    },
    {
        "category": "pantry",
        "href": "https://www.woolworths.com.au/shop/productdetails/476631/i-quit-sugar-paleo-bread-mix",
        "imgName": "476631.jpg",
        "imgSrc": "https://cdn0.woolworths.media/content/wowproductimages/medium/476631.jpg",
        "name": "I Quit Sugar Paleo Bread Mix  400g",
        "price": 9.99,
        "unitPrice": "$2.50 / 100G"
    },
    {
        "category": "pantry",
        "href": "https://www.woolworths.com.au/shop/productdetails/648969/the-spice-tailor-classic-tandoori-indian-street-food-wraps",
        "imgName": "648969.jpg",
        "imgSrc": "https://cdn0.woolworths.media/content/wowproductimages/medium/648969.jpg",
        "name": "The Spice Tailor Classic Tandoori Indian Street Food Wraps 444g",
        "price": 7,
        "unitPrice": "$1.58 / 100G"
    },
    {
        "category": "pantry",
        "href": "https://www.woolworths.com.au/shop/productdetails/720163/pf-biltong-slices-traditional-south-african",
        "imgName": "720163.jpg",
        "imgSrc": "https://cdn0.woolworths.media/content/wowproductimages/medium/720163.jpg",
        "name": "Pf Biltong Slices Traditional South African  100g",
        "price": 9.25,
        "unitPrice": "$9.25 / 100G"
    },
    {
        "category": "pantry",
        "href": "https://www.woolworths.com.au/shop/productdetails/840616/masterfoods-chicken-alfredo-recipe-base",
        "imgName": "840616.jpg",
        "imgSrc": "https://cdn0.woolworths.media/content/wowproductimages/medium/840616.jpg",
        "name": "Masterfoods Chicken Alfredo Recipe Base 170g",
        "price": 2.19,
        "unitPrice": "$1.29 / 100G"
    },
    {
        "category": "pantry",
        "href": "https://www.woolworths.com.au/shop/productdetails/8077/mckenzie-s-dried-veg-borlotti-beans",
        "imgName": "008077.jpg",
        "imgSrc": "https://cdn0.woolworths.media/content/wowproductimages/medium/008077.jpg",
        "name": "Mckenzie's Dried Veg Borlotti Beans 375g",
        "price": 2.69,
        "unitPrice": "$0.72 / 100G"
    },
    {
        "category": "pantry",
        "href": "https://www.woolworths.com.au/shop/productdetails/31272/tandaco-stuffing-mix-sage-onion",
        "imgName": "031272.jpg",
        "imgSrc": "https://cdn0.woolworths.media/content/wowproductimages/medium/031272.jpg",
        "name": "Tandaco Stuffing Mix Sage Onion 200g",
        "price": 2.45,
        "unitPrice": "$0.12 / 10G"
    },
    {
        "category": "pantry",
        "href": "https://www.woolworths.com.au/shop/productdetails/362697/old-el-paso-mexican-crispy-chicken-spice-mix",
        "imgName": "362697.jpg",
        "imgSrc": "https://cdn0.woolworths.media/content/wowproductimages/medium/362697.jpg",
        "name": "Old El Paso Mexican Crispy Chicken Spice Mix 35g",
        "price": 2,
        "unitPrice": "$5.71 / 100G"
    },
    {
        "category": "pantry",
        "href": "https://www.woolworths.com.au/shop/productdetails/27762/homebrand-pepper-white",
        "imgName": "027762.jpg",
        "imgSrc": "https://cdn0.woolworths.media/content/wowproductimages/medium/027762.jpg",
        "name": "Homebrand Pepper White  100g",
        "price": 3,
        "unitPrice": "$0.30 / 10G"
    },
    {
        "category": "pantry",
        "href": "https://www.woolworths.com.au/shop/productdetails/792858/dilmah-ceylon-gold-tea",
        "imgName": "792858.jpg",
        "imgSrc": "https://cdn0.woolworths.media/content/wowproductimages/medium/792858.jpg",
        "name": "Dilmah Ceylon Gold Tea 100pk",
        "price": 5.9,
        "unitPrice": "$2.95 / 100G"
    },
    {
        "category": "pantry",
        "href": "https://www.woolworths.com.au/shop/productdetails/427524/heinz-sandwich-spread",
        "imgName": "427524.jpg",
        "imgSrc": "https://cdn0.woolworths.media/content/wowproductimages/medium/427524.jpg",
        "name": "Heinz Sandwich Spread  300g",
        "price": 4.7,
        "unitPrice": "$1.57 / 100G"
    },
    {
        "category": "pantry",
        "href": "https://www.woolworths.com.au/shop/productdetails/62842/vege-chips-natural",
        "imgName": "062842.jpg",
        "imgSrc": "https://cdn0.woolworths.media/content/wowproductimages/medium/062842.jpg",
        "name": "Vege Chips Natural 100g",
        "price": 3.39,
        "unitPrice": "$3.39 / 100G"
    },
    {
        "category": "pantry",
        "href": "https://www.woolworths.com.au/shop/productdetails/90000268/macro-organic-baked-beans-420g-x12-bundle",
        "imgName": "90000268.jpg",
        "imgSrc": "https://cdn0.woolworths.media/content/wowproductimages/medium/90000268.jpg",
        "name": "Macro Organic Baked Beans 420g X12 Bundle",
        "price": 12,
        "unitPrice": "$0.24 / 100G"
    },
    {
        "category": "pantry",
        "href": "https://www.woolworths.com.au/shop/productdetails/90000635/san-remo-penne-pasta-no18-750g-x4-bundle",
        "imgName": "90000635.jpg",
        "imgSrc": "https://cdn0.woolworths.media/content/wowproductimages/medium/90000635.jpg",
        "name": "San Remo Penne Pasta No18 750g X4 Bundle",
        "price": 9,
        "unitPrice": "$0.30 / 100G"
    },
    {
        "category": "pantry",
        "href": "https://www.woolworths.com.au/shop/productdetails/38077/masterfoods-onion-flakes",
        "imgName": "038077.jpg",
        "imgSrc": "https://cdn0.woolworths.media/content/wowproductimages/medium/038077.jpg",
        "name": "Masterfoods Onion Flakes 100g",
        "price": 4.15,
        "unitPrice": "$0.42 / 10G"
    },
    {
        "category": "pantry",
        "href": "https://www.woolworths.com.au/shop/productdetails/36580/continental-cup-a-soup-classic-spring-vegetable",
        "imgName": "036580.jpg",
        "imgSrc": "https://cdn0.woolworths.media/content/wowproductimages/medium/036580.jpg",
        "name": "Continental Cup A Soup Classic Spring Vegetable 4pk 60g",
        "price": 2,
        "unitPrice": "$3.33 / 100G"
    },
    {
        "category": "pantry",
        "href": "https://www.woolworths.com.au/shop/productdetails/47190/mrs-balls-chutney-original",
        "imgName": "047190.jpg",
        "imgSrc": "https://cdn0.woolworths.media/content/wowproductimages/medium/047190.jpg",
        "name": "Mrs Balls Chutney Original 470g",
        "price": 4,
        "unitPrice": "$8.51 / 1KG"
    },
    {
        "category": "pantry",
        "href": "https://www.woolworths.com.au/shop/productdetails/19158/continental-cup-a-soup-hearty-roast-chicken",
        "imgName": "019158.jpg",
        "imgSrc": "https://cdn0.woolworths.media/content/wowproductimages/medium/019158.jpg",
        "name": "Continental Cup A Soup Hearty Roast Chicken  2pk 75g",
        "price": 2,
        "unitPrice": "$2.67 / 100G"
    },
    {
        "category": "pantry",
        "href": "https://www.woolworths.com.au/shop/productdetails/33811/bushells-lan-choo-loose-leaf-tea",
        "imgName": "033811.jpg",
        "imgSrc": "https://cdn0.woolworths.media/content/wowproductimages/medium/033811.jpg",
        "name": "Bushells Lan Choo Loose Leaf Tea 250g",
        "price": 3.8,
        "unitPrice": "$1.52 / 100G"
    },
    {
        "category": "pantry",
        "href": "https://www.woolworths.com.au/shop/productdetails/11252/san-remo-tagliatelle-egg-noodle-pasta",
        "imgName": "011252.jpg",
        "imgSrc": "https://cdn0.woolworths.media/content/wowproductimages/medium/011252.jpg",
        "name": "San Remo Tagliatelle Egg Noodle Pasta 250g",
        "price": 1.85,
        "unitPrice": "$0.74 / 100G"
    },
    {
        "category": "pantry",
        "href": "https://www.woolworths.com.au/shop/productdetails/166231/continental-cup-a-soup-creamy-pumpkin-with-croutons",
        "imgName": "166231.jpg",
        "imgSrc": "https://cdn0.woolworths.media/content/wowproductimages/medium/166231.jpg",
        "name": "Continental Cup A Soup Creamy Pumpkin With Croutons 55g",
        "price": 2,
        "unitPrice": "$3.64 / 100G"
    },
    {
        "category": "pantry",
        "href": "https://www.woolworths.com.au/shop/productdetails/196566/dilmah-extra-strength-tea-bags",
        "imgName": "196566.jpg",
        "imgSrc": "https://cdn0.woolworths.media/content/wowproductimages/medium/196566.jpg",
        "name": "Dilmah Extra Strength Tea Bags 100pk 240g",
        "price": 6.2,
        "unitPrice": "$2.58 / 100G"
    },
    {
        "category": "pantry",
        "href": "https://www.woolworths.com.au/shop/productdetails/117307/masterfoods-cardamon-ground",
        "imgName": "117307.jpg",
        "imgSrc": "https://cdn0.woolworths.media/content/wowproductimages/medium/117307.jpg",
        "name": "Masterfoods Cardamon Ground 35g",
        "price": 4.5,
        "unitPrice": "$1.29 / 10G"
    },
    {
        "category": "pantry",
        "href": "https://www.woolworths.com.au/shop/productdetails/180169/vogels-oven-crisp-muesli",
        "imgName": "180169.jpg",
        "imgSrc": "https://cdn0.woolworths.media/content/wowproductimages/medium/180169.jpg",
        "name": "Vogels Oven Crisp Muesli 500g",
        "price": 6.7,
        "unitPrice": "$1.34 / 100G"
    },
    {
        "category": "pantry",
        "href": "https://www.woolworths.com.au/shop/productdetails/203494/arnolds-farm-full-o-fruit-toasted-muesli",
        "imgName": "203494.jpg",
        "imgSrc": "https://cdn0.woolworths.media/content/wowproductimages/medium/203494.jpg",
        "name": "Arnolds Farm Full O Fruit Toasted Muesli 1kg",
        "price": 6,
        "unitPrice": "$0.60 / 100G"
    },
    {
        "category": "pantry",
        "href": "https://www.woolworths.com.au/shop/productdetails/250992/woolworths-select-cayenne-pepper",
        "imgName": "250992.jpg",
        "imgSrc": "https://cdn0.woolworths.media/content/wowproductimages/medium/250992.jpg",
        "name": "Woolworths Select Cayenne Pepper  30g",
        "price": 2.6,
        "unitPrice": "$0.87 / 10G"
    },
    {
        "category": "pantry",
        "href": "https://www.woolworths.com.au/shop/productdetails/259477/wokka-thai-peanut-satay-sauce-noodle-box",
        "imgName": "259477.jpg",
        "imgSrc": "https://cdn0.woolworths.media/content/wowproductimages/medium/259477.jpg",
        "name": "Wokka Thai Peanut Satay Sauce Noodle Box 350g",
        "price": 4,
        "unitPrice": "$1.14 / 100G"
    },
    {
        "category": "pantry",
        "href": "https://www.woolworths.com.au/shop/productdetails/255536/woolworths-select-chocolate-topping",
        "imgName": "255536.jpg",
        "imgSrc": "https://cdn0.woolworths.media/content/wowproductimages/medium/255536.jpg",
        "name": "Woolworths Select Chocolate Topping 500ml",
        "price": 2.8,
        "unitPrice": "$0.56 / 100ML"
    },
    {
        "category": "pantry",
        "href": "https://www.woolworths.com.au/shop/productdetails/266069/macro-nuts-almond-dry-roasted",
        "imgName": "266069.jpg",
        "imgSrc": "https://cdn0.woolworths.media/content/wowproductimages/medium/266069.jpg",
        "name": "Macro Nuts Almond Dry Roasted 250g",
        "price": 7.29,
        "unitPrice": "$29.16 / 1KG"
    },
    {
        "category": "pantry",
        "href": "https://www.woolworths.com.au/shop/productdetails/319493/sirena-tuna-la-vita-lite-chilli",
        "imgName": "319493.jpg",
        "imgSrc": "https://cdn0.woolworths.media/content/wowproductimages/medium/319493.jpg",
        "name": "Sirena Tuna La Vita Lite Chilli 95g",
        "price": 2.5,
        "unitPrice": "$26.32 / 1KG"
    },
    {
        "category": "pantry",
        "href": "https://www.woolworths.com.au/shop/productdetails/334872/macro-nuts-pistachio-kernels",
        "imgName": "334872.jpg",
        "imgSrc": "https://cdn0.woolworths.media/content/wowproductimages/medium/334872.jpg",
        "name": "Macro Nuts Pistachio Kernels 250g",
        "price": 15.49,
        "unitPrice": "$61.96 / 1KG"
    },
    {
        "category": "pantry",
        "href": "https://www.woolworths.com.au/shop/productdetails/427330/higher-living-loose-leaf-tea-french-earl-grey",
        "imgName": "427330.jpg",
        "imgSrc": "https://cdn0.woolworths.media/content/wowproductimages/medium/427330.jpg",
        "name": "Higher Living Loose Leaf Tea French Earl Grey 100g",
        "price": 5.99,
        "unitPrice": "$7.99 / 100G"
    },
    {
        "category": "pantry",
        "href": "https://www.woolworths.com.au/shop/productdetails/724841/bokoma-pronutro-chocolate-south-african",
        "imgName": "724841.jpg",
        "imgSrc": "https://cdn0.woolworths.media/content/wowproductimages/medium/724841.jpg",
        "name": "Bokoma Pronutro Chocolate South African  500g",
        "price": 7.2,
        "unitPrice": "$1.44 / 100G"
    },
    {
        "category": "pantry",
        "href": "https://www.woolworths.com.au/shop/productdetails/438567/hart-soul-wonton-soup-cup",
        "imgName": "438567.jpg",
        "imgSrc": "https://cdn0.woolworths.media/content/wowproductimages/medium/438567.jpg",
        "name": "Hart & Soul Wonton Soup Cup  85g",
        "price": 2,
        "unitPrice": "$2.35 / 100G"
    },
    {
        "category": "pantry",
        "href": "https://www.woolworths.com.au/shop/productdetails/715602/passage-to-sri-lanka-simmer-sauce-chicken-curry",
        "imgName": "715602.jpg",
        "imgSrc": "https://cdn0.woolworths.media/content/wowproductimages/medium/715602.jpg",
        "name": "Passage To Sri Lanka Simmer Sauce Chicken Curry 375g",
        "price": 4.3,
        "unitPrice": "$1.15 / 100G"
    },
    {
        "category": "pantry",
        "href": "https://www.woolworths.com.au/shop/productdetails/473749/nando-s-medium-peri-peri-sauce",
        "imgName": "473749.jpg",
        "imgSrc": "https://cdn0.woolworths.media/content/wowproductimages/medium/473749.jpg",
        "name": "Nando's Medium Peri Peri Sauce 250g",
        "price": 5.8,
        "unitPrice": "$2.32 / 100G"
    },
    {
        "category": "pantry",
        "href": "https://www.woolworths.com.au/shop/productdetails/576390/hart-soul-coconut-pumpkin-soup-pouch",
        "imgName": "576390.jpg",
        "imgSrc": "https://cdn0.woolworths.media/content/wowproductimages/medium/576390.jpg",
        "name": "Hart & Soul Coconut Pumpkin Soup Pouch 400g",
        "price": 4,
        "unitPrice": "$1.00 / 100G"
    },
    {
        "category": "pantry",
        "href": "https://www.woolworths.com.au/shop/productdetails/577085/arkadia-chai-tea-spice-sachets",
        "imgName": "577085.jpg",
        "imgSrc": "https://cdn0.woolworths.media/content/wowproductimages/medium/577085.jpg",
        "name": "Arkadia Chai Tea Spice Sachets 20pk 400g",
        "price": 13,
        "unitPrice": "$0.65 / 1EA"
    },
    {
        "category": "pantry",
        "href": "https://www.woolworths.com.au/shop/productdetails/652670/one-night-in-mexico-tortilla-with-corn",
        "imgName": "652670.jpg",
        "imgSrc": "https://cdn0.woolworths.media/content/wowproductimages/medium/652670.jpg",
        "name": "One Night In Mexico Tortilla With Corn 10pk 280g",
        "price": 4,
        "unitPrice": "$1.43 / 100G"
    },
    {
        "category": "pantry",
        "href": "https://www.woolworths.com.au/shop/productdetails/505089/carman-s-oat-slice-choc-brownie",
        "imgName": "505089.jpg",
        "imgSrc": "https://cdn0.woolworths.media/content/wowproductimages/medium/505089.jpg",
        "name": "Carman's Oat Slice Choc Brownie 210g",
        "price": 5.6,
        "unitPrice": "$2.67 / 100G"
    },
    {
        "category": "pantry",
        "href": "https://www.woolworths.com.au/shop/productdetails/727257/uncle-bens-express-microwave-mexican-style-brown-rice",
        "imgName": "727257.jpg",
        "imgSrc": "https://cdn0.woolworths.media/content/wowproductimages/medium/727257.jpg",
        "name": "Uncle Bens Express Microwave Mexican Style Brown Rice 250g",
        "price": 3.25,
        "unitPrice": "$1.30 / 100G"
    },
    {
        "category": "pantry",
        "href": "https://www.woolworths.com.au/shop/productdetails/782301/la-zuppa-microwave-soup-curry-laksa",
        "imgName": "782301.jpg",
        "imgSrc": "https://cdn0.woolworths.media/content/wowproductimages/medium/782301.jpg",
        "name": "La Zuppa Microwave Soup Curry Laksa 420g",
        "price": 4,
        "unitPrice": "$0.95 / 100G"
    },
    {
        "category": "pantry",
        "href": "https://www.woolworths.com.au/shop/productdetails/943232/riviana-bamboo-shoots",
        "imgName": "943232.jpg",
        "imgSrc": "https://cdn0.woolworths.media/content/wowproductimages/medium/943232.jpg",
        "name": "Riviana Bamboo Shoots  230g",
        "price": 1.7,
        "unitPrice": "$7.39 / 1KG"
    },
    {
        "category": "pantry",
        "href": "https://www.woolworths.com.au/shop/productdetails/789366/pandaroo-salad-dressing-vietnamese",
        "imgName": "789366.jpg",
        "imgSrc": "https://cdn0.woolworths.media/content/wowproductimages/medium/789366.jpg",
        "name": "Pandaroo Salad Dressing Vietnamese 270ml",
        "price": 3,
        "unitPrice": "$1.11 / 100ML"
    },
    {
        "category": "pantry",
        "href": "https://www.woolworths.com.au/shop/productdetails/770121/woolworths-yoghurt-berry",
        "imgName": "770121.jpg",
        "imgSrc": "https://cdn0.woolworths.media/content/wowproductimages/medium/770121.jpg",
        "name": "Woolworths Yoghurt Berry",
        "price": 2,
        "unitPrice": "$23.53 / 1KG"
    },
    {
        "category": "pantry",
        "href": "https://www.woolworths.com.au/shop/productdetails/720190/protea-foods-south-african-biltong-stokkies-peri-peri",
        "imgName": "720190.jpg",
        "imgSrc": "https://cdn0.woolworths.media/content/wowproductimages/medium/720190.jpg",
        "name": "Protea Foods South African Biltong Stokkies Peri Peri 100g",
        "price": 10.25,
        "unitPrice": "$10.25 / 100G"
    },
    {
        "category": "pantry",
        "href": "https://www.woolworths.com.au/shop/productdetails/873023/woolworths-smoked-mussels-in-oil",
        "imgName": "873023.jpg",
        "imgSrc": "https://cdn0.woolworths.media/content/wowproductimages/medium/873023.jpg",
        "name": "Woolworths Smoked Mussels In Oil 85g",
        "price": 1.7,
        "unitPrice": "$20.00 / 1KG"
    },
    {
        "category": "pantry",
        "href": "https://www.woolworths.com.au/shop/productdetails/931174/twinings-camomile-tea-bags",
        "imgName": "931174.jpg",
        "imgSrc": "https://cdn0.woolworths.media/content/wowproductimages/medium/931174.jpg",
        "name": "Twinings Camomile Tea Bags 40pk",
        "price": 7,
        "unitPrice": "$0.18 / 1EA"
    },
    {
        "category": "pantry",
        "href": "https://www.woolworths.com.au/shop/productdetails/43315/guzzi-fettuccine-tri-colour-pasta",
        "imgName": "043315.jpg",
        "imgSrc": "https://cdn0.woolworths.media/content/wowproductimages/medium/043315.jpg",
        "name": "Guzzi Fettuccine Tri Colour Pasta 250g",
        "price": 3.6,
        "unitPrice": "$1.44 / 100G"
    },
    {
        "category": "pantry",
        "href": "https://www.woolworths.com.au/shop/productdetails/1471/john-west-kipper-fillets-in-brine",
        "imgName": "001471.jpg",
        "imgSrc": "https://cdn0.woolworths.media/content/wowproductimages/medium/001471.jpg",
        "name": "John West Kipper Fillets In Brine 200g",
        "price": 3.5,
        "unitPrice": "$17.50 / 1KG"
    },
    {
        "category": "pantry",
        "href": "https://www.woolworths.com.au/shop/productdetails/35962/masterfoods-tarragon-leaves",
        "imgName": "035962.jpg",
        "imgSrc": "https://cdn0.woolworths.media/content/wowproductimages/medium/035962.jpg",
        "name": "Masterfoods Tarragon Leaves 7g",
        "price": 3.05,
        "unitPrice": "$4.36 / 10G"
    },
    {
        "category": "pantry",
        "href": "https://www.woolworths.com.au/shop/productdetails/38894/maharajas-choice-ingredients-lentils-brown-green",
        "imgName": "038894.jpg",
        "imgSrc": "https://cdn0.woolworths.media/content/wowproductimages/medium/038894.jpg",
        "name": "Maharajas Choice Ingredients Lentils Brown Green 1kg",
        "price": 4.3,
        "unitPrice": "$0.43 / 100G"
    },
    {
        "category": "pantry",
        "href": "https://www.woolworths.com.au/shop/productdetails/54157/continental-cup-a-soup-italian-minestrone",
        "imgName": "054157.jpg",
        "imgSrc": "https://cdn0.woolworths.media/content/wowproductimages/medium/054157.jpg",
        "name": "Continental Cup A Soup Italian Minestrone 2pk 75g",
        "price": 2,
        "unitPrice": "$2.67 / 100G"
    },
    {
        "category": "pantry",
        "href": "https://www.woolworths.com.au/shop/productdetails/209978/masterfoods-seasoning-sprinkle-roast-vegetable",
        "imgName": "209978.jpg",
        "imgSrc": "https://cdn0.woolworths.media/content/wowproductimages/medium/209978.jpg",
        "name": "Masterfoods Seasoning Sprinkle Roast Vegetable 38g",
        "price": 2.8,
        "unitPrice": "$0.74 / 10G"
    },
    {
        "category": "pantry",
        "href": "https://www.woolworths.com.au/shop/productdetails/172660/woolworths-cashews-roasted-salted",
        "imgName": "172660.jpg",
        "imgSrc": "https://cdn0.woolworths.media/content/wowproductimages/medium/172660.jpg",
        "name": "Woolworths Cashews Roasted & Salted 750g pack",
        "price": 17,
        "unitPrice": "$22.67 / 1KG"
    },
    {
        "category": "pantry",
        "href": "https://www.woolworths.com.au/shop/productdetails/192161/all-natural-bakery-bars-slice-oat-almond-apricot",
        "imgName": "192161.jpg",
        "imgSrc": "https://cdn0.woolworths.media/content/wowproductimages/medium/192161.jpg",
        "name": "All Natural Bakery Bars Slice Oat Almond & Apricot 100g",
        "price": 2.69,
        "unitPrice": "$2.69 / 100G"
    },
    {
        "category": "pantry",
        "href": "https://www.woolworths.com.au/shop/productdetails/213256/cardini-dressings-creamy-caesar",
        "imgName": "213256.jpg",
        "imgSrc": "https://cdn0.woolworths.media/content/wowproductimages/medium/213256.jpg",
        "name": "Cardini Dressings Creamy Caesar 350ml",
        "price": 5.3,
        "unitPrice": "$1.51 / 100ML"
    },
    {
        "category": "pantry",
        "href": "https://www.woolworths.com.au/shop/productdetails/202710/conimex-ketjap-manis-sweet-soy-sauce",
        "imgName": "202710.jpg",
        "imgSrc": "https://cdn0.woolworths.media/content/wowproductimages/medium/202710.jpg",
        "name": "Conimex Ketjap Manis Sweet Soy Sauce 240ml",
        "price": 5.2,
        "unitPrice": "$2.17 / 100ML"
    },
    {
        "category": "pantry",
        "href": "https://www.woolworths.com.au/shop/productdetails/323391/masterfoods-slow-cooker-farmhouse-chicken-casserole",
        "imgName": "323391.jpg",
        "imgSrc": "https://cdn0.woolworths.media/content/wowproductimages/medium/323391.jpg",
        "name": "Masterfoods Slow Cooker Farmhouse Chicken Casserole 175g",
        "price": 2.19,
        "unitPrice": "$1.25 / 100G"
    },
    {
        "category": "pantry",
        "href": "https://www.woolworths.com.au/shop/productdetails/355144/macro-nuts-energy",
        "imgName": "355144.jpg",
        "imgSrc": "https://cdn0.woolworths.media/content/wowproductimages/medium/355144.jpg",
        "name": "Macro Nuts Energy 500g",
        "price": 11,
        "unitPrice": "$22.00 / 1KG"
    },
    {
        "category": "pantry",
        "href": "https://www.woolworths.com.au/shop/productdetails/347327/golden-days-fruit-snacks-fruit-salad-bites",
        "imgName": "347327.jpg",
        "imgSrc": "https://cdn0.woolworths.media/content/wowproductimages/medium/347327.jpg",
        "name": "Golden Days Fruit Snacks Fruit Salad Bites 175g",
        "price": 3.55,
        "unitPrice": "$2.03 / 100G"
    },
    {
        "category": "pantry",
        "href": "https://www.woolworths.com.au/shop/productdetails/427885/madura-green-leaf-tea-organic",
        "imgName": "427885.jpg",
        "imgSrc": "https://cdn0.woolworths.media/content/wowproductimages/medium/427885.jpg",
        "name": "Madura Green Leaf Tea Organic 150g",
        "price": 5.95,
        "unitPrice": "$3.97 / 100G"
    },
    {
        "category": "pantry",
        "href": "https://www.woolworths.com.au/shop/productdetails/333314/woolworths-wheat-biscuits",
        "imgName": "333314.jpg",
        "imgSrc": "https://cdn0.woolworths.media/content/wowproductimages/medium/333314.jpg",
        "name": "Woolworths Wheat Biscuits  1.12kg",
        "price": 3.19,
        "unitPrice": "$0.28 / 100G"
    },
    {
        "category": "pantry",
        "href": "https://www.woolworths.com.au/shop/productdetails/437126/campbells-simply-soup-healthy-greens-with-kale",
        "imgName": "437126.jpg",
        "imgSrc": "https://cdn0.woolworths.media/content/wowproductimages/medium/437126.jpg",
        "name": "Campbells Simply Soup Healthy Greens With Kale 500g",
        "price": 3.9,
        "unitPrice": "$0.78 / 100G"
    },
    {
        "category": "pantry",
        "href": "https://www.woolworths.com.au/shop/productdetails/476442/woolworths-himalayan-pink-fine-table-salt",
        "imgName": "476442.jpg",
        "imgSrc": "https://cdn0.woolworths.media/content/wowproductimages/medium/476442.jpg",
        "name": "Woolworths Himalayan Pink Fine Table Salt 1kg",
        "price": 2.99,
        "unitPrice": "$0.03 / 10G"
    },
    {
        "category": "pantry",
        "href": "https://www.woolworths.com.au/shop/productdetails/445776/saxa-pink-himalayan-salt-flakes",
        "imgName": "445776.jpg",
        "imgSrc": "https://cdn0.woolworths.media/content/wowproductimages/medium/445776.jpg",
        "name": "Saxa Pink Himalayan Salt Flakes  95g",
        "price": 5.99,
        "unitPrice": "$0.63 / 10G"
    },
    {
        "category": "pantry",
        "href": "https://www.woolworths.com.au/shop/productdetails/524432/woolworths-black-sliced-olives",
        "imgName": "524432.jpg",
        "imgSrc": "https://cdn0.woolworths.media/content/wowproductimages/medium/524432.jpg",
        "name": "Woolworths Black Sliced Olives 430g",
        "price": 2.05,
        "unitPrice": "$0.48 / 100G"
    },
    {
        "category": "pantry",
        "href": "https://www.woolworths.com.au/shop/productdetails/466173/orgran-quinoa-wafer-crackers",
        "imgName": "466173.jpg",
        "imgSrc": "https://cdn0.woolworths.media/content/wowproductimages/medium/466173.jpg",
        "name": "Orgran Quinoa Wafer Crackers  100g",
        "price": 3.89,
        "unitPrice": "$3.89 / 100G"
    },
    {
        "category": "pantry",
        "href": "https://www.woolworths.com.au/shop/productdetails/690365/woolworths-pitted-kalamata-olives",
        "imgName": "690365.jpg",
        "imgSrc": "https://cdn0.woolworths.media/content/wowproductimages/medium/690365.jpg",
        "name": "Woolworths Pitted Kalamata Olives 345g",
        "price": 3,
        "unitPrice": "$8.70 / 1KG"
    },
    {
        "category": "pantry",
        "href": "https://www.woolworths.com.au/shop/productdetails/522494/woolworths-sweet-nut-selection",
        "imgName": "522494.jpg",
        "imgSrc": "https://cdn0.woolworths.media/content/wowproductimages/medium/522494.jpg",
        "name": "Woolworths Sweet Nut Selection",
        "price": 6,
        "unitPrice": "$16.22 / 1KG"
    },
    {
        "category": "pantry",
        "href": "https://www.woolworths.com.au/shop/productdetails/726357/woolworths-select-pistachios",
        "imgName": "726357.jpg",
        "imgSrc": "https://cdn0.woolworths.media/content/wowproductimages/medium/726357.jpg",
        "name": "Woolworths Select Pistachios  80g",
        "price": 4.4,
        "unitPrice": "$55.00 / 1KG"
    },
    {
        "category": "pantry",
        "href": "https://www.woolworths.com.au/shop/productdetails/716794/hoyts-seasoning-moroccan-mix",
        "imgName": "716794.jpg",
        "imgSrc": "https://cdn0.woolworths.media/content/wowproductimages/medium/716794.jpg",
        "name": "Hoyts Seasoning Moroccan Mix 65g",
        "price": 2.4,
        "unitPrice": "$0.37 / 10G"
    },
    {
        "category": "pantry",
        "href": "https://www.woolworths.com.au/shop/productdetails/706579/mentos-fruit-chews-rainbow-mini-s",
        "imgName": "706579.jpg",
        "imgSrc": "https://cdn0.woolworths.media/content/wowproductimages/medium/706579.jpg",
        "name": "Mentos Fruit Chews Rainbow Mini's 120g bag",
        "price": 2.2,
        "unitPrice": "$1.83 / 100G"
    },
    {
        "category": "pantry",
        "href": "https://www.woolworths.com.au/shop/productdetails/764104/cadbury-double-decker-chocolate",
        "imgName": "764104.jpg",
        "imgSrc": "https://cdn0.woolworths.media/content/wowproductimages/medium/764104.jpg",
        "name": "Cadbury Double Decker Chocolate  54.5g",
        "price": 2.2,
        "unitPrice": "$4.04 / 100G"
    },
    {
        "category": "pantry",
        "href": "https://www.woolworths.com.au/shop/productdetails/780360/uncle-tobys-quick-oats-sachets-big-bowl-honey",
        "imgName": "780360.jpg",
        "imgSrc": "https://cdn0.woolworths.media/content/wowproductimages/medium/780360.jpg",
        "name": "Uncle Tobys Quick Oats Sachets Big Bowl Honey 10pk 460g",
        "price": 5.5,
        "unitPrice": "$1.31 / 100G"
    },
    {
        "category": "pantry",
        "href": "https://www.woolworths.com.au/shop/productdetails/746488/twinkle-sprinkle-cupcake-mix-shimmer-powder-light",
        "imgName": "746488.jpg",
        "imgSrc": "https://cdn0.woolworths.media/content/wowproductimages/medium/746488.jpg",
        "name": "Twinkle Sprinkle Cupcake Mix Shimmer Powder Light 24g",
        "price": 6.5,
        "unitPrice": "$27.08 / 100G"
    },
    {
        "category": "pantry",
        "href": "https://www.woolworths.com.au/shop/productdetails/757042/bushells-turkish-coffee",
        "imgName": "757042.jpg",
        "imgSrc": "https://cdn0.woolworths.media/content/wowproductimages/medium/757042.jpg",
        "name": "Bushells Turkish Coffee  250g",
        "price": 6.5,
        "unitPrice": "$2.60 / 100G"
    },
    {
        "category": "pantry",
        "href": "https://www.woolworths.com.au/shop/productdetails/825615/woolworths-select-thai-green-chicken-curry-with-jasmine-rice",
        "imgName": "825615.jpg",
        "imgSrc": "https://cdn0.woolworths.media/content/wowproductimages/medium/825615.jpg",
        "name": "Woolworths Select Thai Green Chicken Curry With Jasmine Rice 350g",
        "price": 4,
        "unitPrice": "$1.14 / 100G"
    },
    {
        "category": "pantry",
        "href": "https://www.woolworths.com.au/shop/productdetails/787266/old-el-paso-stand-n-stuff-soft-taco-kit",
        "imgName": "787266.jpg",
        "imgSrc": "https://cdn0.woolworths.media/content/wowproductimages/medium/787266.jpg",
        "name": "Old El Paso Stand 'n Stuff Soft Taco Kit 348g",
        "price": 7,
        "unitPrice": "$2.01 / 100G"
    },
    {
        "category": "pantry",
        "href": "https://www.woolworths.com.au/shop/productdetails/861530/sunrice-koshihikari-sushi-rice",
        "imgName": "861530.jpg",
        "imgSrc": "https://cdn0.woolworths.media/content/wowproductimages/medium/861530.jpg",
        "name": "Sunrice Koshihikari Sushi Rice  750g",
        "price": 5,
        "unitPrice": "$0.67 / 100G"
    },
    {
        "category": "pantry",
        "href": "https://www.woolworths.com.au/shop/productdetails/840865/continental-side-dish-teriyaki-garlic-rice",
        "imgName": "840865.jpg",
        "imgSrc": "https://cdn0.woolworths.media/content/wowproductimages/medium/840865.jpg",
        "name": "Continental Side Dish Teriyaki & Garlic Rice 115g",
        "price": 2.75,
        "special": 2,
        "unitPrice": "$1.74 / 100G"
    },
    {
        "category": "pantry",
        "href": "https://www.woolworths.com.au/shop/productdetails/784944/kellogg-s-pop-tarts-frosted-chocolate",
        "imgName": "784944.jpg",
        "imgSrc": "https://cdn0.woolworths.media/content/wowproductimages/medium/784944.jpg",
        "name": "Kellogg's Pop Tarts Frosted Chocolate 400g",
        "price": 5,
        "unitPrice": "$1.25 / 100G"
    },
    {
        "category": "pantry",
        "href": "https://www.woolworths.com.au/shop/productdetails/799699/nestle-kit-kat-caramel-bar",
        "imgName": "799699.jpg",
        "imgSrc": "https://cdn0.woolworths.media/content/wowproductimages/medium/799699.jpg",
        "name": "Nestle Kit Kat Caramel Bar 55g",
        "price": 2,
        "unitPrice": "$3.64 / 100G"
    },
    {
        "category": "pantry",
        "href": "https://www.woolworths.com.au/shop/productdetails/830129/slendier-slim-pasta-spaghetti-style",
        "imgName": "830129.jpg",
        "imgSrc": "https://cdn0.woolworths.media/content/wowproductimages/medium/830129.jpg",
        "name": "Slendier Slim Pasta Spaghetti Style 400g",
        "price": 3.89,
        "unitPrice": "$0.97 / 100G"
    },
    {
        "category": "pantry",
        "href": "https://www.woolworths.com.au/shop/productdetails/828560/mckenzie-s-soup-mix-superblend-fibre",
        "imgName": "828560.jpg",
        "imgSrc": "https://cdn0.woolworths.media/content/wowproductimages/medium/828560.jpg",
        "name": "Mckenzie's Soup Mix Superblend Fibre 350g",
        "price": 5.49,
        "unitPrice": "$1.57 / 100G"
    },
    {
        "category": "pantry",
        "href": "https://www.woolworths.com.au/shop/productdetails/840618/masterfoods-chilli-con-carne-recipe-base",
        "imgName": "840618.jpg",
        "imgSrc": "https://cdn0.woolworths.media/content/wowproductimages/medium/840618.jpg",
        "name": "Masterfoods Chilli Con Carne Recipe Base 170g",
        "price": 2.19,
        "unitPrice": "$1.37 / 100G"
    },
    {
        "category": "pantry",
        "href": "https://www.woolworths.com.au/shop/productdetails/901093/woolworths-nut-mix-natural-premium",
        "imgName": "901093.jpg",
        "imgSrc": "https://cdn0.woolworths.media/content/wowproductimages/medium/901093.jpg",
        "name": "Woolworths Nut Mix Natural Premium 400g",
        "price": 15,
        "unitPrice": "$37.50 / 1KG"
    },
    {
        "category": "pantry",
        "href": "https://www.woolworths.com.au/shop/productdetails/43210/wing-hong-ingredients-sausage-pork-lup-chong",
        "imgName": "043210.jpg",
        "imgSrc": "https://cdn0.woolworths.media/content/wowproductimages/medium/043210.jpg",
        "name": "Wing Hong Ingredients Sausage Pork Lup Chong 175g",
        "price": 8.05,
        "unitPrice": "$4.60 / 100G"
    },
    {
        "category": "pantry",
        "href": "https://www.woolworths.com.au/shop/productdetails/174205/edens-bars-sesame",
        "imgName": "174205.jpg",
        "imgSrc": "https://cdn0.woolworths.media/content/wowproductimages/medium/174205.jpg",
        "name": "Edens Bars Sesame 45g",
        "price": 0.9,
        "unitPrice": "$2.00 / 100G"
    },
    {
        "category": "pantry",
        "href": "https://www.woolworths.com.au/shop/productdetails/255817/zappo-fruit-chews-strawberry",
        "imgName": "255817.jpg",
        "imgSrc": "https://cdn0.woolworths.media/content/wowproductimages/medium/255817.jpg",
        "name": "Zappo Fruit Chews Strawberry 5pk 130g",
        "price": 2.15,
        "unitPrice": "$1.65 / 100G"
    },
    {
        "category": "pantry",
        "href": "https://www.woolworths.com.au/shop/productdetails/218570/sirena-tuna-in-puttanesca",
        "imgName": "218570.jpg",
        "imgSrc": "https://cdn0.woolworths.media/content/wowproductimages/medium/218570.jpg",
        "name": "Sirena Tuna In Puttanesca 95g",
        "price": 2.5,
        "unitPrice": "$26.32 / 1KG"
    },
    {
        "category": "pantry",
        "href": "https://www.woolworths.com.au/shop/productdetails/433428/continental-cup-a-soup-homestyle-pumpkin",
        "imgName": "433428.jpg",
        "imgSrc": "https://cdn0.woolworths.media/content/wowproductimages/medium/433428.jpg",
        "name": "Continental Cup A Soup Homestyle Pumpkin 61g",
        "price": 2,
        "unitPrice": "$3.28 / 100G"
    },
    {
        "category": "pantry",
        "href": "https://www.woolworths.com.au/shop/productdetails/254408/dilmah-tea-bags",
        "imgName": "254408.jpg",
        "imgSrc": "https://cdn0.woolworths.media/content/wowproductimages/medium/254408.jpg",
        "name": "Dilmah Tea Bags  300pk 600g",
        "price": 11.5,
        "unitPrice": "$1.92 / 100G"
    },
    {
        "category": "pantry",
        "href": "https://www.woolworths.com.au/shop/productdetails/782038/emma-toms-life-bar-cacao-coconut",
        "imgName": "782038.jpg",
        "imgSrc": "https://cdn0.woolworths.media/content/wowproductimages/medium/782038.jpg",
        "name": "Emma & Toms Life Bar Cacao & Coconut 35g",
        "price": 2.99,
        "unitPrice": "$8.54 / 100G"
    },
    {
        "category": "pantry",
        "href": "https://www.woolworths.com.au/shop/productdetails/791769/madame-flavour-lemon-grasslime-ginger-tea-pods",
        "imgName": "791769.jpg",
        "imgSrc": "https://cdn0.woolworths.media/content/wowproductimages/medium/791769.jpg",
        "name": "Madame Flavour Lemon Grasslime & Ginger Tea Pods 18pk",
        "price": 5.8,
        "unitPrice": "$16.11 / 100G"
    },
    {
        "category": "pantry",
        "href": "https://www.woolworths.com.au/shop/productdetails/842159/la-costena-whole-black-beans",
        "imgName": "842159.jpg",
        "imgSrc": "https://cdn0.woolworths.media/content/wowproductimages/medium/842159.jpg",
        "name": "La Costena Whole Black Beans  400g",
        "price": 2.9,
        "unitPrice": "$0.73 / 100G"
    },
    {
        "category": "pantry",
        "href": "https://www.woolworths.com.au/shop/productdetails/65083/old-el-paso-mexican-reduced-salt-taco-spice-mix",
        "imgName": "065083.jpg",
        "imgSrc": "https://cdn0.woolworths.media/content/wowproductimages/medium/065083.jpg",
        "name": "Old El Paso Mexican Reduced Salt Taco Spice Mix 30g",
        "price": 2,
        "unitPrice": "$6.67 / 100G"
    },
    {
        "category": "pantry",
        "href": "https://www.woolworths.com.au/shop/productdetails/116650/maille-bearnaise-sauce-sauce",
        "imgName": "116650.jpg",
        "imgSrc": "https://cdn0.woolworths.media/content/wowproductimages/medium/116650.jpg",
        "name": "Maille Bearnaise Sauce Sauce 200ml",
        "price": 4,
        "unitPrice": "$2.00 / 100ML"
    },
    {
        "category": "pantry",
        "href": "https://www.woolworths.com.au/shop/productdetails/262660/lighthouse-biscuit-pastry-cake-plain-flour",
        "imgName": "262660.jpg",
        "imgSrc": "https://cdn0.woolworths.media/content/wowproductimages/medium/262660.jpg",
        "name": "Lighthouse Biscuit Pastry & Cake Plain Flour 1kg",
        "price": 3.65,
        "unitPrice": "$3.65 / 1KG"
    },
    {
        "category": "pantry",
        "href": "https://www.woolworths.com.au/shop/productdetails/482749/map-coffee-capsules-cappuccino-blend",
        "imgName": "482749.jpg",
        "imgSrc": "https://cdn0.woolworths.media/content/wowproductimages/medium/482749.jpg",
        "name": "Map Coffee Capsules Cappuccino Blend 10pk",
        "price": 5,
        "unitPrice": "$6.25 / 100G"
    },
    {
        "category": "pantry",
        "href": "https://www.woolworths.com.au/shop/productdetails/490091/queen-madagascan-vanilla-extract",
        "imgName": "490091.jpg",
        "imgSrc": "https://cdn0.woolworths.media/content/wowproductimages/medium/490091.jpg",
        "name": "Queen Madagascan Vanilla Extract  50ml",
        "price": 8,
        "unitPrice": "$16.00 / 100ML"
    },
    {
        "category": "pantry",
        "href": "https://www.woolworths.com.au/shop/productdetails/323403/masterfoods-slow-cooker-beef-red-wine-casserole",
        "imgName": "323403.jpg",
        "imgSrc": "https://cdn0.woolworths.media/content/wowproductimages/medium/323403.jpg",
        "name": "Masterfoods Slow Cooker Beef & Red Wine Casserole 175g",
        "price": 2.19,
        "unitPrice": "$1.25 / 100G"
    },
    {
        "category": "pantry",
        "href": "https://www.woolworths.com.au/shop/productdetails/772333/thankyou-nut-chia-gluten-free-bar",
        "imgName": "772333.jpg",
        "imgSrc": "https://cdn0.woolworths.media/content/wowproductimages/medium/772333.jpg",
        "name": "Thankyou Nut & Chia Gluten Free Bar 6pk",
        "price": 5.5,
        "unitPrice": "$2.62 / 100G"
    },
    {
        "category": "pantry",
        "href": "https://www.woolworths.com.au/shop/productdetails/951469/thins-himalayan-pink-salt-chips",
        "imgName": "951469.jpg",
        "imgSrc": "https://cdn0.woolworths.media/content/wowproductimages/medium/951469.jpg",
        "name": "Thins Himalayan Pink Salt Chips 175g",
        "price": 2.5,
        "unitPrice": "$1.43 / 100G"
    },
    {
        "category": "pantry",
        "href": "https://www.woolworths.com.au/shop/productdetails/957594/leggos-providore-tomato-chilli",
        "imgName": "957594.jpg",
        "imgSrc": "https://cdn0.woolworths.media/content/wowproductimages/medium/957594.jpg",
        "name": "Leggos Providore Tomato & Chilli 400g",
        "price": 4.99,
        "unitPrice": "$1.25 / 100G"
    },
    {
        "category": "pantry",
        "href": "https://www.woolworths.com.au/shop/productdetails/6075/macro-fruit-prunes-pitted",
        "imgName": "006075.jpg",
        "imgSrc": "https://cdn0.woolworths.media/content/wowproductimages/medium/006075.jpg",
        "name": "Macro Fruit Prunes Pitted 250g",
        "price": 3.49,
        "unitPrice": "$13.96 / 1KG"
    },
    {
        "category": "pantry",
        "href": "https://www.woolworths.com.au/shop/productdetails/36440/krummies-breadcrumbs",
        "imgName": "036440.jpg",
        "imgSrc": "https://cdn0.woolworths.media/content/wowproductimages/medium/036440.jpg",
        "name": "Krummies Breadcrumbs  375g",
        "price": 2.3,
        "unitPrice": "$0.06 / 10G"
    },
    {
        "category": "pantry",
        "href": "https://www.woolworths.com.au/shop/productdetails/187797/betty-crocker-milk-chocolate-chunk-cookie-mix",
        "imgName": "187797.jpg",
        "imgSrc": "https://cdn0.woolworths.media/content/wowproductimages/medium/187797.jpg",
        "name": "Betty Crocker Milk Chocolate Chunk Cookie Mix 485g",
        "price": 5.2,
        "unitPrice": "$1.07 / 100G"
    },
    {
        "category": "pantry",
        "href": "https://www.woolworths.com.au/shop/productdetails/290297/mutti-passata-with-basil",
        "imgName": "290297.jpg",
        "imgSrc": "https://cdn0.woolworths.media/content/wowproductimages/medium/290297.jpg",
        "name": "Mutti Passata With Basil 700g",
        "price": 2.99,
        "unitPrice": "$0.43 / 100G"
    },
    {
        "category": "pantry",
        "href": "https://www.woolworths.com.au/shop/productdetails/707749/bean-ground-drunk-ground-coffee-espresso",
        "imgName": "707749.jpg",
        "imgSrc": "https://cdn0.woolworths.media/content/wowproductimages/medium/707749.jpg",
        "name": "Bean Ground & Drunk Ground Coffee Espresso 250g",
        "price": 8.8,
        "unitPrice": "$3.52 / 100G"
    },
    {
        "category": "pantry",
        "href": "https://www.woolworths.com.au/shop/productdetails/716886/hoyts-pepper-four-colour-mix",
        "imgName": "716886.jpg",
        "imgSrc": "https://cdn0.woolworths.media/content/wowproductimages/medium/716886.jpg",
        "name": "Hoyts Pepper Four Colour Mix 190g",
        "price": 5,
        "unitPrice": "$0.26 / 10G"
    },
    {
        "category": "pantry",
        "href": "https://www.woolworths.com.au/shop/productdetails/704040/britivic-club-orange-soft-drink",
        "imgName": "default.png",
        "imgSrc": "https://cdn0.woolworths.media/content/wowproductimages/large/default.png",
        "name": "Britivic Club Orange Soft Drink 330ml",
        "price": 2.4,
        "unitPrice": "$0.73 / 100ML"
    },
    {
        "category": "pantry",
        "href": "https://www.woolworths.com.au/shop/productdetails/782293/la-zuppa-soup-pouch-creamy-chicken-vegetable",
        "imgName": "782293.jpg",
        "imgSrc": "https://cdn0.woolworths.media/content/wowproductimages/medium/782293.jpg",
        "name": "La Zuppa Soup Pouch Creamy Chicken & Vegetable 540g",
        "price": 4.4,
        "unitPrice": "$0.81 / 100G"
    },
    {
        "category": "pantry",
        "href": "https://www.woolworths.com.au/shop/productdetails/11062/ayam-teriyaki-sauce",
        "imgName": "011062.jpg",
        "imgSrc": "https://cdn0.woolworths.media/content/wowproductimages/medium/011062.jpg",
        "name": "Ayam Teriyaki Sauce 210ml",
        "price": 3.2,
        "unitPrice": "$1.52 / 100ML"
    },
    {
        "category": "pantry",
        "href": "https://www.woolworths.com.au/shop/productdetails/93441/old-el-paso-hot-taco-sauce",
        "imgName": "093441.jpg",
        "imgSrc": "https://cdn0.woolworths.media/content/wowproductimages/medium/093441.jpg",
        "name": "Old El Paso Hot Taco Sauce 200g",
        "price": 3.2,
        "unitPrice": "$1.60 / 100G"
    },
    {
        "category": "pantry",
        "href": "https://www.woolworths.com.au/shop/productdetails/262167/nerada-organic-chai-tea",
        "imgName": "262167.jpg",
        "imgSrc": "https://cdn0.woolworths.media/content/wowproductimages/medium/262167.jpg",
        "name": "Nerada Organic Chai Tea  50pk 93g",
        "price": 4.7,
        "unitPrice": "$5.08 / 100G"
    },
    {
        "category": "pantry",
        "href": "https://www.woolworths.com.au/shop/productdetails/176740/masterfoods-mustard-honey-squeezy",
        "imgName": "176740.jpg",
        "imgSrc": "https://cdn0.woolworths.media/content/wowproductimages/medium/176740.jpg",
        "name": "Masterfoods Mustard Honey Squeezy 275g",
        "price": 3.5,
        "unitPrice": "$1.27 / 100G"
    },
    {
        "category": "pantry",
        "href": "https://www.woolworths.com.au/shop/productdetails/183695/rice-a-riso-flavoured-rice-chicken",
        "imgName": "183695.jpg",
        "imgSrc": "https://cdn0.woolworths.media/content/wowproductimages/medium/183695.jpg",
        "name": "Rice A Riso Flavoured Rice Chicken 180g",
        "price": 2.04,
        "unitPrice": "$1.13 / 100G"
    },
    {
        "category": "pantry",
        "href": "https://www.woolworths.com.au/shop/productdetails/728232/tilda-microwave-coconut-basmati-rice",
        "imgName": "728232.jpg",
        "imgSrc": "https://cdn0.woolworths.media/content/wowproductimages/medium/728232.jpg",
        "name": "Tilda Microwave Coconut Basmati Rice 250g",
        "price": 3.4,
        "unitPrice": "$1.36 / 100G"
    },
    {
        "category": "pantry",
        "href": "https://www.woolworths.com.au/shop/productdetails/858634/woolworths-reduced-sugar-multigrain-cereal",
        "imgName": "858634.jpg",
        "imgSrc": "https://cdn0.woolworths.media/content/wowproductimages/medium/858634.jpg",
        "name": "Woolworths Reduced Sugar Multigrain Cereal 400g",
        "price": 4,
        "unitPrice": "$1.00 / 100G"
    },
    {
        "category": "pantry",
        "href": "https://www.woolworths.com.au/shop/productdetails/862908/lee-kum-kee-gluten-free-soy-sauce",
        "imgName": "862908.jpg",
        "imgSrc": "https://cdn0.woolworths.media/content/wowproductimages/medium/862908.jpg",
        "name": "Lee Kum Kee Gluten Free Soy Sauce 255g",
        "price": 4,
        "unitPrice": "$1.60 / 100ML"
    },
    {
        "category": "pantry",
        "href": "https://www.woolworths.com.au/shop/productdetails/373985/lee-kum-kee-ready-sauce-kung-pao-chicken",
        "imgName": "373985.jpg",
        "imgSrc": "https://cdn0.woolworths.media/content/wowproductimages/medium/373985.jpg",
        "name": "Lee Kum Kee Ready Sauce Kung Pao Chicken 145g",
        "price": 2.2,
        "unitPrice": "$1.52 / 100G"
    },
    {
        "category": "pantry",
        "href": "https://www.woolworths.com.au/shop/productdetails/5665/aeroplane-jelly-lite-strawberry",
        "imgName": "005665.jpg",
        "imgSrc": "https://cdn0.woolworths.media/content/wowproductimages/medium/005665.jpg",
        "name": "Aeroplane Jelly Lite Strawberry 2x9g",
        "price": 1.9,
        "unitPrice": "$10.56 / 100G"
    },
    {
        "category": "pantry",
        "href": "https://www.woolworths.com.au/shop/productdetails/166249/continental-cup-a-soup-creamy-potato-bacon-with-croutons",
        "imgName": "166249.jpg",
        "imgSrc": "https://cdn0.woolworths.media/content/wowproductimages/medium/166249.jpg",
        "name": "Continental Cup A Soup Creamy Potato & Bacon With Croutons 2pk 50g",
        "price": 2,
        "unitPrice": "$4.00 / 100G"
    },
    {
        "category": "pantry",
        "href": "https://www.woolworths.com.au/shop/productdetails/766211/john-west-anchovies",
        "imgName": "766211.jpg",
        "imgSrc": "https://cdn0.woolworths.media/content/wowproductimages/medium/766211.jpg",
        "name": "John West Anchovies  45g",
        "price": 2.9,
        "unitPrice": "$64.44 / 1KG"
    },
    {
        "category": "pantry",
        "href": "https://www.woolworths.com.au/shop/productdetails/551869/lavazza-avvolgente-coffee-capsules",
        "imgName": "551869.jpg",
        "imgSrc": "https://cdn0.woolworths.media/content/wowproductimages/medium/551869.jpg",
        "name": "Lavazza Avvolgente Coffee Capsules 10pk",
        "price": 7,
        "unitPrice": "$0.70 / 1EA"
    },
    {
        "category": "pantry",
        "href": "https://www.woolworths.com.au/shop/productdetails/762239/lee-kum-kee-sauce-stir-fry-hoisin",
        "imgName": "762239.jpg",
        "imgSrc": "https://cdn0.woolworths.media/content/wowproductimages/medium/762239.jpg",
        "name": "Lee Kum Kee Sauce Stir Fry Hoisin 260g",
        "price": 3.45,
        "unitPrice": "$1.33 / 100G"
    },
    {
        "category": "pantry",
        "href": "https://www.woolworths.com.au/shop/productdetails/34290/campbell-s-canned-soup-cream-of-mushroom",
        "imgName": "034290.jpg",
        "imgSrc": "https://cdn0.woolworths.media/content/wowproductimages/medium/034290.jpg",
        "name": "Campbell's Canned Soup Cream Of  Mushroom 420g",
        "price": 1.86,
        "unitPrice": "$0.44 / 100G"
    },
    {
        "category": "pantry",
        "href": "https://www.woolworths.com.au/shop/productdetails/92153/masterfoods-seasoning-steak",
        "imgName": "092153.jpg",
        "imgSrc": "https://cdn0.woolworths.media/content/wowproductimages/medium/092153.jpg",
        "name": "Masterfoods Seasoning Steak 45g",
        "price": 3,
        "unitPrice": "$0.67 / 10G"
    },
    {
        "category": "pantry",
        "href": "https://www.woolworths.com.au/shop/productdetails/90000833/poppin-microwave-popcorn-sea-salt-flavour100g-x-3-bundle",
        "imgName": "90000833.jpg",
        "imgSrc": "https://cdn0.woolworths.media/content/wowproductimages/medium/90000833.jpg",
        "name": "Poppin Microwave Popcorn Sea Salt Flavour100g X 3 Bundle",
        "price": 3,
        "unitPrice": "$1.00 / G"
    },
    {
        "category": "pantry",
        "href": "https://www.woolworths.com.au/shop/productdetails/90000876/le-snack-3-set-variety-bundle",
        "imgName": "90000876.jpg",
        "imgSrc": "https://cdn0.woolworths.media/content/wowproductimages/medium/90000876.jpg",
        "name": "Le Snack 3 Set Variety Bundle",
        "price": 22.77
    },
    {
        "category": "pantry",
        "href": "https://www.woolworths.com.au/shop/productdetails/308449/madame-flavour-green-jasmine-pear-tea-pods",
        "imgName": "308449.jpg",
        "imgSrc": "https://cdn0.woolworths.media/content/wowproductimages/medium/308449.jpg",
        "name": "Madame Flavour Green Jasmine & Pear Tea Pods 18pk 27g",
        "price": 5.8,
        "unitPrice": "$16.11 / 100G"
    },
    {
        "category": "pantry",
        "href": "https://www.woolworths.com.au/shop/productdetails/8333/allen-s-xxx-mints",
        "imgName": "008333.jpg",
        "imgSrc": "https://cdn0.woolworths.media/content/wowproductimages/medium/008333.jpg",
        "name": "Allen's Xxx Mints  45g bag",
        "price": 1.5,
        "unitPrice": "$3.33 / 100G"
    },
    {
        "category": "pantry",
        "href": "https://www.woolworths.com.au/shop/productdetails/32782/masterfoods-vanilla-sugar",
        "imgName": "032782.jpg",
        "imgSrc": "https://cdn0.woolworths.media/content/wowproductimages/medium/032782.jpg",
        "name": "Masterfoods Vanilla Sugar 65g",
        "price": 2,
        "unitPrice": "$0.31 / 10G"
    },
    {
        "category": "pantry",
        "href": "https://www.woolworths.com.au/shop/productdetails/22885/mckenzie-s-dried-chick-peas",
        "imgName": "022885.jpg",
        "imgSrc": "https://cdn0.woolworths.media/content/wowproductimages/medium/022885.jpg",
        "name": "Mckenzie's Dried Chick Peas 375g",
        "price": 2,
        "unitPrice": "$0.53 / 100G"
    },
    {
        "category": "pantry",
        "href": "https://www.woolworths.com.au/shop/productdetails/35238/masterfoods-chives-chopped",
        "imgName": "035238.jpg",
        "imgSrc": "https://cdn0.woolworths.media/content/wowproductimages/medium/035238.jpg",
        "name": "Masterfoods Chives Chopped 7g",
        "price": 4.8,
        "unitPrice": "$6.86 / 10G"
    },
    {
        "category": "pantry",
        "href": "https://www.woolworths.com.au/shop/productdetails/39149/homebrand-stir-fry-sauce-sweet-sour-vegetable",
        "imgName": "039149.jpg",
        "imgSrc": "https://cdn0.woolworths.media/content/wowproductimages/medium/039149.jpg",
        "name": "Homebrand Stir Fry Sauce Sweet Sour Vegetable 500g",
        "price": 2,
        "unitPrice": "$0.40 / 100G"
    },
    {
        "category": "pantry",
        "href": "https://www.woolworths.com.au/shop/productdetails/3288/dunkeroos-choc-hazelnut-dip",
        "imgName": "003288.jpg",
        "imgSrc": "https://cdn0.woolworths.media/content/wowproductimages/medium/003288.jpg",
        "name": "Dunkeroos Choc Hazelnut Dip 6pk 135g",
        "price": 4.85,
        "unitPrice": "$3.59 / 100G"
    },
    {
        "category": "pantry",
        "href": "https://www.woolworths.com.au/shop/productdetails/32760/masterfoods-garlic-salt",
        "imgName": "032760.jpg",
        "imgSrc": "https://cdn0.woolworths.media/content/wowproductimages/medium/032760.jpg",
        "name": "Masterfoods Garlic Salt 70g",
        "price": 1.88,
        "unitPrice": "$0.27 / 10G"
    },
    {
        "category": "pantry",
        "href": "https://www.woolworths.com.au/shop/productdetails/26641/macro-mixed-nuts",
        "imgName": "026641.jpg",
        "imgSrc": "https://cdn0.woolworths.media/content/wowproductimages/medium/026641.jpg",
        "name": "Macro Mixed Nuts 250g",
        "price": 6.49,
        "unitPrice": "$25.96 / 1KG"
    },
    {
        "category": "pantry",
        "href": "https://www.woolworths.com.au/shop/productdetails/41949/twinings-darjeeling-tea-bags",
        "imgName": "041949.jpg",
        "imgSrc": "https://cdn0.woolworths.media/content/wowproductimages/medium/041949.jpg",
        "name": "Twinings Darjeeling Tea Bags 10pk 20g",
        "price": 2.7,
        "unitPrice": "$13.50 / 100G"
    },
    {
        "category": "pantry",
        "href": "https://www.woolworths.com.au/shop/productdetails/87180/ayam-hoisin-sauce",
        "imgName": "087180.jpg",
        "imgSrc": "https://cdn0.woolworths.media/content/wowproductimages/medium/087180.jpg",
        "name": "Ayam Hoisin Sauce 210ml",
        "price": 3.2,
        "unitPrice": "$1.52 / 100ML"
    },
    {
        "category": "pantry",
        "href": "https://www.woolworths.com.au/shop/productdetails/90316/ayam-satay-sauce",
        "imgName": "090316.jpg",
        "imgSrc": "https://cdn0.woolworths.media/content/wowproductimages/medium/090316.jpg",
        "name": "Ayam Satay Sauce 250ml",
        "price": 3.3,
        "unitPrice": "$1.32 / 100ML"
    },
    {
        "category": "pantry",
        "href": "https://www.woolworths.com.au/shop/productdetails/91119/chang-s-crunchy-noodles",
        "imgName": "091119.jpg",
        "imgSrc": "https://cdn0.woolworths.media/content/wowproductimages/medium/091119.jpg",
        "name": "Chang's Crunchy Noodles 100g",
        "price": 1.3,
        "unitPrice": "$1.30 / 100G"
    },
    {
        "category": "pantry",
        "href": "https://www.woolworths.com.au/shop/productdetails/97727/chaokoh-canned-corn-young-sweet-15up",
        "imgName": "097727.jpg",
        "imgSrc": "https://cdn0.woolworths.media/content/wowproductimages/medium/097727.jpg",
        "name": "Chaokoh Canned Corn Young Sweet 15up 425g",
        "price": 2,
        "unitPrice": "$4.71 / 1KG"
    },
    {
        "category": "pantry",
        "href": "https://www.woolworths.com.au/shop/productdetails/152363/lee-kum-kee-soy-sauce",
        "imgName": "152363.jpg",
        "imgSrc": "https://cdn0.woolworths.media/content/wowproductimages/medium/152363.jpg",
        "name": "Lee Kum Kee Soy Sauce  150ml",
        "price": 2.75,
        "unitPrice": "$1.83 / 100ML"
    },
    {
        "category": "pantry",
        "href": "https://www.woolworths.com.au/shop/productdetails/251004/woolworths-select-coriander-leaves",
        "imgName": "251004.jpg",
        "imgSrc": "https://cdn0.woolworths.media/content/wowproductimages/medium/251004.jpg",
        "name": "Woolworths Select Coriander Leaves 5g",
        "price": 2.5,
        "unitPrice": "$5.00 / 10G"
    },
    {
        "category": "pantry",
        "href": "https://www.woolworths.com.au/shop/productdetails/204987/uncle-tobys-quick-oats-sachets-original",
        "imgName": "204987.jpg",
        "imgSrc": "https://cdn0.woolworths.media/content/wowproductimages/medium/204987.jpg",
        "name": "Uncle Tobys Quick Oats Sachets Original 10pk",
        "price": 4.4,
        "unitPrice": "$1.29 / 100G"
    },
    {
        "category": "pantry",
        "href": "https://www.woolworths.com.au/shop/productdetails/189726/pandaroo-coconut-cream",
        "imgName": "189726.jpg",
        "imgSrc": "https://cdn0.woolworths.media/content/wowproductimages/medium/189726.jpg",
        "name": "Pandaroo Coconut Cream 400ml",
        "price": 1.65,
        "unitPrice": "$0.41 / 100ML"
    },
    {
        "category": "pantry",
        "href": "https://www.woolworths.com.au/shop/productdetails/228978/poonsin-vietnamese-dipping-sauce-for-spring-roll",
        "imgName": "228978.jpg",
        "imgSrc": "https://cdn0.woolworths.media/content/wowproductimages/medium/228978.jpg",
        "name": "Poonsin Vietnamese Dipping Sauce For Spring Roll 300ml",
        "price": 2.65,
        "unitPrice": "$0.88 / 100ML"
    },
    {
        "category": "pantry",
        "href": "https://www.woolworths.com.au/shop/productdetails/205478/hermesetas-sweetener-granulated-fructofibres",
        "imgName": "205478.jpg",
        "imgSrc": "https://cdn0.woolworths.media/content/wowproductimages/medium/205478.jpg",
        "name": "Hermesetas Sweetener Granulated Fructofibres 90g",
        "price": 5.7,
        "unitPrice": "$6.33 / 100G"
    },
    {
        "category": "pantry",
        "href": "https://www.woolworths.com.au/shop/productdetails/192179/all-natural-bakery-bars-slice-oat-fruit-nut",
        "imgName": "192179.jpg",
        "imgSrc": "https://cdn0.woolworths.media/content/wowproductimages/medium/192179.jpg",
        "name": "All Natural Bakery Bars Slice Oat Fruit & Nut 100g",
        "price": 2.69,
        "unitPrice": "$2.69 / 100G"
    },
    {
        "category": "pantry",
        "href": "https://www.woolworths.com.au/shop/productdetails/188800/essentials-pasta-penne",
        "imgName": "188800.jpg",
        "imgSrc": "https://cdn0.woolworths.media/content/wowproductimages/medium/188800.jpg",
        "name": "Essentials Pasta Penne 500g",
        "price": 0.65,
        "unitPrice": "$0.13 / 100G"
    },
    {
        "category": "pantry",
        "href": "https://www.woolworths.com.au/shop/productdetails/297729/la-zuppa-microwave-soup-pumpkin",
        "imgName": "297729.jpg",
        "imgSrc": "https://cdn0.woolworths.media/content/wowproductimages/medium/297729.jpg",
        "name": "La Zuppa Microwave Soup Pumpkin 420g",
        "price": 4,
        "unitPrice": "$0.95 / 100G"
    },
    {
        "category": "pantry",
        "href": "https://www.woolworths.com.au/shop/productdetails/283137/robert-timms-coffee-bags-mocha-kenya-style",
        "imgName": "283137.jpg",
        "imgSrc": "https://cdn0.woolworths.media/content/wowproductimages/medium/283137.jpg",
        "name": "Robert Timms Coffee  Bags Mocha Kenya Style 28pk 168g",
        "price": 9.4,
        "unitPrice": "$5.88 / 100G"
    },
    {
        "category": "pantry",
        "href": "https://www.woolworths.com.au/shop/productdetails/320237/arkadia-chai-tea-vanilla",
        "imgName": "320237.jpg",
        "imgSrc": "https://cdn0.woolworths.media/content/wowproductimages/medium/320237.jpg",
        "name": "Arkadia Chai Tea Vanilla 240g",
        "price": 6.5,
        "unitPrice": "$2.71 / 100G"
    },
    {
        "category": "pantry",
        "href": "https://www.woolworths.com.au/shop/productdetails/250990/woolworths-select-cardamon-ground",
        "imgName": "250990.jpg",
        "imgSrc": "https://cdn0.woolworths.media/content/wowproductimages/medium/250990.jpg",
        "name": "Woolworths Select Cardamon Ground 24g",
        "price": 2.7,
        "unitPrice": "$1.13 / 10G"
    },
    {
        "category": "pantry",
        "href": "https://www.woolworths.com.au/shop/productdetails/200148/dilmah-earl-grey-tea-bags",
        "imgName": "200148.jpg",
        "imgSrc": "https://cdn0.woolworths.media/content/wowproductimages/medium/200148.jpg",
        "name": "Dilmah Earl Grey Tea Bags 50pk",
        "price": 5.2,
        "unitPrice": "$5.20 / 100G"
    },
    {
        "category": "pantry",
        "href": "https://www.woolworths.com.au/shop/productdetails/270952/bakers-tennis-biscuits",
        "imgName": "270952.jpg",
        "imgSrc": "https://cdn0.woolworths.media/content/wowproductimages/medium/270952.jpg",
        "name": "Bakers Tennis Biscuits  200g",
        "price": 3.5,
        "unitPrice": "$1.75 / 100G"
    },
    {
        "category": "pantry",
        "href": "https://www.woolworths.com.au/shop/productdetails/329744/sandhurst-tomatoes-semi-dried-97-fat-free",
        "imgName": "329744.jpg",
        "imgSrc": "https://cdn0.woolworths.media/content/wowproductimages/medium/329744.jpg",
        "name": "Sandhurst Tomatoes Semi Dried 97% Fat Free 270g",
        "price": 4.79,
        "unitPrice": "$17.74 / 1KG"
    },
    {
        "category": "pantry",
        "href": "https://www.woolworths.com.au/shop/productdetails/464846/always-fresh-chilli-peppers-mild",
        "imgName": "464846.jpg",
        "imgSrc": "https://cdn0.woolworths.media/content/wowproductimages/medium/464846.jpg",
        "name": "Always Fresh Chilli Peppers Mild 310g",
        "price": 3,
        "unitPrice": "$9.68 / 1KG"
    },
    {
        "category": "pantry",
        "href": "https://www.woolworths.com.au/shop/productdetails/228520/madura-premium-blend-tea",
        "imgName": "228520.jpg",
        "imgSrc": "https://cdn0.woolworths.media/content/wowproductimages/medium/228520.jpg",
        "name": "Madura Premium Blend Tea 200g",
        "price": 5.3,
        "unitPrice": "$2.65 / 100G"
    },
    {
        "category": "pantry",
        "href": "https://www.woolworths.com.au/shop/productdetails/342448/masterfoods-seasoning-all-purpose",
        "imgName": "342448.jpg",
        "imgSrc": "https://cdn0.woolworths.media/content/wowproductimages/medium/342448.jpg",
        "name": "Masterfoods Seasoning All Purpose 60g",
        "price": 2.95,
        "unitPrice": "$0.49 / 10G"
    },
    {
        "category": "pantry",
        "href": "https://www.woolworths.com.au/shop/productdetails/375114/masterfoods-stir-fry-sauce-honey-garlic-soy",
        "imgName": "375114.jpg",
        "imgSrc": "https://cdn0.woolworths.media/content/wowproductimages/medium/375114.jpg",
        "name": "Masterfoods Stir Fry Sauce Honey, Garlic & Soy 175g",
        "price": 2.19,
        "unitPrice": "$1.25 / 100G"
    },
    {
        "category": "pantry",
        "href": "https://www.woolworths.com.au/shop/productdetails/329749/always-fresh-quince-paste",
        "imgName": "329749.jpg",
        "imgSrc": "https://cdn0.woolworths.media/content/wowproductimages/medium/329749.jpg",
        "name": "Always Fresh Quince Paste  120g",
        "price": 3.7,
        "unitPrice": "$30.83 / 1KG"
    },
    {
        "category": "pantry",
        "href": "https://www.woolworths.com.au/shop/productdetails/428928/mother-earth-peanut-butter-and-chia-seed",
        "imgName": "428928.jpg",
        "imgSrc": "https://cdn0.woolworths.media/content/wowproductimages/medium/428928.jpg",
        "name": "Mother Earth Peanut Butter And Chia Seed 380g",
        "price": 5.5,
        "unitPrice": "$1.45 / 100G"
    },
    {
        "category": "pantry",
        "href": "https://www.woolworths.com.au/shop/productdetails/355131/macro-seeds-sunflower-kernels",
        "imgName": "355131.jpg",
        "imgSrc": "https://cdn0.woolworths.media/content/wowproductimages/medium/355131.jpg",
        "name": "Macro Seeds Sunflower Kernels 500g",
        "price": 3.99,
        "unitPrice": "$7.98 / 1KG"
    },
    {
        "category": "pantry",
        "href": "https://www.woolworths.com.au/shop/productdetails/257305/woolworths-select-vinegar-balsamic-glaze",
        "imgName": "257305.jpg",
        "imgSrc": "https://cdn0.woolworths.media/content/wowproductimages/medium/257305.jpg",
        "name": "Woolworths Select Vinegar Balsamic Glaze 215ml",
        "price": 6,
        "unitPrice": "$2.79 / 100ML"
    },
    {
        "category": "pantry",
        "href": "https://www.woolworths.com.au/shop/productdetails/270829/uncle-bens-express-microwave-mexican-style-rice",
        "imgName": "270829.jpg",
        "imgSrc": "https://cdn0.woolworths.media/content/wowproductimages/medium/270829.jpg",
        "name": "Uncle Bens Express Microwave Mexican Style Rice 250g",
        "price": 3.25,
        "unitPrice": "$1.30 / 100G"
    },
    {
        "category": "pantry",
        "href": "https://www.woolworths.com.au/shop/productdetails/356984/carman-s-dark-choc-cranberry-almond-muesli-bars",
        "imgName": "356984.jpg",
        "imgSrc": "https://cdn0.woolworths.media/content/wowproductimages/medium/356984.jpg",
        "name": "Carman's Dark Choc Cranberry & Almond Muesli Bars 6pk 210g",
        "price": 5.6,
        "unitPrice": "$2.67 / 100G"
    },
    {
        "category": "pantry",
        "href": "https://www.woolworths.com.au/shop/productdetails/658776/be-natural-granola-sprouted-almond",
        "imgName": "658776.jpg",
        "imgSrc": "https://cdn0.woolworths.media/content/wowproductimages/medium/658776.jpg",
        "name": "Be Natural Granola Sprouted Almond 425g",
        "price": 7,
        "unitPrice": "$1.65 / 100G"
    },
    {
        "category": "pantry",
        "href": "https://www.woolworths.com.au/shop/productdetails/465039/always-fresh-sicilian-olives-pitted",
        "imgName": "465039.jpg",
        "imgSrc": "https://cdn0.woolworths.media/content/wowproductimages/medium/465039.jpg",
        "name": "Always Fresh Sicilian Olives Pitted 230g",
        "price": 3,
        "unitPrice": "$13.04 / 1KG"
    },
    {
        "category": "pantry",
        "href": "https://www.woolworths.com.au/shop/productdetails/465062/always-fresh-roasted-peppers-whole",
        "imgName": "465062.jpg",
        "imgSrc": "https://cdn0.woolworths.media/content/wowproductimages/medium/465062.jpg",
        "name": "Always Fresh Roasted Peppers Whole 330g",
        "price": 5,
        "unitPrice": "$15.15 / 1KG"
    },
    {
        "category": "pantry",
        "href": "https://www.woolworths.com.au/shop/productdetails/742822/john-west-skin-boneless-salmon-in-oil",
        "imgName": "742822.jpg",
        "imgSrc": "https://cdn0.woolworths.media/content/wowproductimages/medium/742822.jpg",
        "name": "John West Skin & Boneless Salmon In Oil 130g",
        "price": 3.05,
        "unitPrice": "$23.46 / 1KG"
    },
    {
        "category": "pantry",
        "href": "https://www.woolworths.com.au/shop/productdetails/448630/dr-oetker-ready-rolled-icing-white",
        "imgName": "448630.jpg",
        "imgSrc": "https://cdn0.woolworths.media/content/wowproductimages/medium/448630.jpg",
        "name": "Dr Oetker Ready Rolled Icing White 450g",
        "price": 8,
        "unitPrice": "$1.78 / 100G"
    },
    {
        "category": "pantry",
        "href": "https://www.woolworths.com.au/shop/productdetails/728159/mission-corn-chips-cheesy-nacho",
        "imgName": "728159.jpg",
        "imgSrc": "https://cdn0.woolworths.media/content/wowproductimages/medium/728159.jpg",
        "name": "Mission Corn Chips Cheesy Nacho 230g",
        "price": 3.1,
        "unitPrice": "$1.35 / 100G"
    },
    {
        "category": "pantry",
        "href": "https://www.woolworths.com.au/shop/productdetails/640247/pataks-ready-to-eat-pappadum-mini-cumin",
        "imgName": "640247.jpg",
        "imgSrc": "https://cdn0.woolworths.media/content/wowproductimages/medium/640247.jpg",
        "name": "Pataks Ready To Eat Pappadum Mini Cumin 75g 6pk",
        "price": 4.1,
        "unitPrice": "$5.47 / 100G"
    },
    {
        "category": "pantry",
        "href": "https://www.woolworths.com.au/shop/productdetails/793686/sunrice-brown-rice-chips-sea-salt-gluten-free",
        "imgName": "793686.jpg",
        "imgSrc": "https://cdn0.woolworths.media/content/wowproductimages/medium/793686.jpg",
        "name": "Sunrice Brown Rice Chips Sea Salt Gluten Free 156g",
        "price": 4.99,
        "unitPrice": "$3.20 / 100G"
    },
    {
        "category": "pantry",
        "href": "https://www.woolworths.com.au/shop/productdetails/840897/continental-side-dish-mushroom-chive-risotto",
        "imgName": "840897.jpg",
        "imgSrc": "https://cdn0.woolworths.media/content/wowproductimages/medium/840897.jpg",
        "name": "Continental Side Dish Mushroom & Chive Risotto 115g",
        "price": 2.75,
        "special": 2,
        "unitPrice": "$1.74 / 100G"
    },
    {
        "category": "pantry",
        "href": "https://www.woolworths.com.au/shop/productdetails/792257/riviana-brown-basmati-rice-extra-long-grain",
        "imgName": "792257.jpg",
        "imgSrc": "https://cdn0.woolworths.media/content/wowproductimages/medium/792257.jpg",
        "name": "Riviana Brown Basmati Rice Extra Long Grain 1kg",
        "price": 4.8,
        "unitPrice": "$0.48 / 100G"
    },
    {
        "category": "pantry",
        "href": "https://www.woolworths.com.au/shop/productdetails/839671/double-d-fruit-drops-sugar-free",
        "imgName": "839671.jpg",
        "imgSrc": "https://cdn0.woolworths.media/content/wowproductimages/medium/839671.jpg",
        "name": "Double D Fruit Drops Sugar Free 90g bag",
        "price": 2.6,
        "unitPrice": "$2.89 / 100G"
    },
    {
        "category": "pantry",
        "href": "https://www.woolworths.com.au/shop/productdetails/765504/mentos-pure-fresh-gum-mint",
        "imgName": "765504.jpg",
        "imgSrc": "https://cdn0.woolworths.media/content/wowproductimages/medium/765504.jpg",
        "name": "Mentos Pure Fresh Gum Mint 29g tin",
        "price": 2,
        "unitPrice": "$6.90 / 100G"
    },
    {
        "category": "pantry",
        "href": "https://www.woolworths.com.au/shop/productdetails/766044/donna-hay-molten-chocolate-chunk-brownie",
        "imgName": "766044.jpg",
        "imgSrc": "https://cdn0.woolworths.media/content/wowproductimages/medium/766044.jpg",
        "name": "Donna Hay Molten Chocolate Chunk Brownie  660g",
        "price": 7,
        "unitPrice": "$1.06 / 100G"
    },
    {
        "category": "pantry",
        "href": "https://www.woolworths.com.au/shop/productdetails/777842/masterfoods-simmer-sauce-mild-chicken-curry",
        "imgName": "777842.jpg",
        "imgSrc": "https://cdn0.woolworths.media/content/wowproductimages/medium/777842.jpg",
        "name": "Masterfoods Simmer Sauce Mild Chicken Curry 490g",
        "price": 3.69,
        "unitPrice": "$0.75 / 100G"
    },
    {
        "category": "pantry",
        "href": "https://www.woolworths.com.au/shop/productdetails/758425/dolmio-pasta-bake-creamy-tomato-mozzarella",
        "imgName": "758425.jpg",
        "imgSrc": "https://cdn0.woolworths.media/content/wowproductimages/medium/758425.jpg",
        "name": "Dolmio Pasta Bake Creamy Tomato & Mozzarella 495g",
        "price": 3.79,
        "unitPrice": "$0.77 / 100G"
    },
    {
        "category": "pantry",
        "href": "https://www.woolworths.com.au/shop/productdetails/758501/homebrand-iodised-salt",
        "imgName": "758501.jpg",
        "imgSrc": "https://cdn0.woolworths.media/content/wowproductimages/medium/758501.jpg",
        "name": "Homebrand Iodised Salt  1kg",
        "price": 1.09,
        "unitPrice": "$0.01 / 10G"
    },
    {
        "category": "pantry",
        "href": "https://www.woolworths.com.au/shop/productdetails/745960/woolworths-select-red-soft-licorice-twists",
        "imgName": "745960.jpg",
        "imgSrc": "https://cdn0.woolworths.media/content/wowproductimages/medium/745960.jpg",
        "name": "Woolworths Select Red Soft Licorice Twists 300g",
        "price": 2.4,
        "unitPrice": "$0.80 / 100G"
    },
    {
        "category": "pantry",
        "href": "https://www.woolworths.com.au/shop/productdetails/492070/woolworths-creamed-corn",
        "imgName": "492070.jpg",
        "imgSrc": "https://cdn0.woolworths.media/content/wowproductimages/medium/492070.jpg",
        "name": "Woolworths Creamed Corn  400g",
        "price": 0.9,
        "unitPrice": "$2.25 / 1KG"
    },
    {
        "category": "pantry",
        "href": "https://www.woolworths.com.au/shop/productdetails/923927/thankyou-superseed-clusters",
        "imgName": "923927.jpg",
        "imgSrc": "https://cdn0.woolworths.media/content/wowproductimages/medium/923927.jpg",
        "name": "Thankyou Superseed Clusters  500g",
        "price": 6.49,
        "unitPrice": "$1.30 / 100G"
    },
    {
        "category": "pantry",
        "href": "https://www.woolworths.com.au/shop/productdetails/789822/always-fresh-olives-parmesan-stuffed",
        "imgName": "789822.jpg",
        "imgSrc": "https://cdn0.woolworths.media/content/wowproductimages/medium/789822.jpg",
        "name": "Always Fresh Olives Parmesan Stuffed 235g",
        "price": 5,
        "unitPrice": "$21.28 / 1KG"
    },
    {
        "category": "pantry",
        "href": "https://www.woolworths.com.au/shop/productdetails/824590/huy-fong-sriracha",
        "imgName": "824590.jpg",
        "imgSrc": "https://cdn0.woolworths.media/content/wowproductimages/medium/824590.jpg",
        "name": "Huy Fong Sriracha  482g",
        "price": 5.7,
        "unitPrice": "$1.18 / 100G"
    },
    {
        "category": "pantry",
        "href": "https://www.woolworths.com.au/shop/productdetails/767529/jamie-oliver-pasta-sauce-tomato-basil",
        "imgName": "767529.jpg",
        "imgSrc": "https://cdn0.woolworths.media/content/wowproductimages/medium/767529.jpg",
        "name": "Jamie Oliver Pasta Sauce Tomato & Basil 400g",
        "price": 4.3,
        "unitPrice": "$1.08 / 100G"
    },
    {
        "category": "pantry",
        "href": "https://www.woolworths.com.au/shop/productdetails/830477/nerada-peppermint-ginger-tea-bags",
        "imgName": "830477.jpg",
        "imgSrc": "https://cdn0.woolworths.media/content/wowproductimages/medium/830477.jpg",
        "name": "Nerada Peppermint & Ginger Tea Bags 40pk",
        "price": 5,
        "unitPrice": "$0.13 / 1EA"
    },
    {
        "category": "pantry",
        "href": "https://www.woolworths.com.au/shop/productdetails/839874/keens-creamy-chicken-curry",
        "imgName": "839874.jpg",
        "imgSrc": "https://cdn0.woolworths.media/content/wowproductimages/medium/839874.jpg",
        "name": "Keens Creamy Chicken Curry  40g",
        "price": 1.69,
        "unitPrice": "$4.23 / 100G"
    },
    {
        "category": "pantry",
        "href": "https://www.woolworths.com.au/shop/productdetails/10587/kinder-surprise-chocolate-egg-pink",
        "imgName": "010587.jpg",
        "imgSrc": "https://cdn0.woolworths.media/content/wowproductimages/medium/010587.jpg",
        "name": "Kinder Surprise Chocolate Egg Pink 20g",
        "price": 2,
        "unitPrice": "$10.00 / 100G"
    },
    {
        "category": "pantry",
        "href": "https://www.woolworths.com.au/shop/productdetails/111506/queen-essences-peppermint-flavour-natural",
        "imgName": "111506.jpg",
        "imgSrc": "https://cdn0.woolworths.media/content/wowproductimages/medium/111506.jpg",
        "name": "Queen Essences Peppermint Flavour Natural 50ml",
        "price": 1.1,
        "unitPrice": "$0.22 / 10ML"
    },
    {
        "category": "pantry",
        "href": "https://www.woolworths.com.au/shop/productdetails/215449/macro-organic-shells-pasta",
        "imgName": "215449.jpg",
        "imgSrc": "https://cdn0.woolworths.media/content/wowproductimages/medium/215449.jpg",
        "name": "Macro Organic Shells Pasta 500g",
        "price": 1.75,
        "unitPrice": "$0.35 / 100G"
    },
    {
        "category": "pantry",
        "href": "https://www.woolworths.com.au/shop/productdetails/228519/lotus-peak-white-tea-bags",
        "imgName": "228519.jpg",
        "imgSrc": "https://cdn0.woolworths.media/content/wowproductimages/medium/228519.jpg",
        "name": "Lotus Peak White Tea Bags 25pk 50g",
        "price": 4,
        "unitPrice": "$8.00 / 100G"
    },
    {
        "category": "pantry",
        "href": "https://www.woolworths.com.au/shop/productdetails/26995/taylors-simmer-sauce-peanut-satay",
        "imgName": "026995.jpg",
        "imgSrc": "https://cdn0.woolworths.media/content/wowproductimages/medium/026995.jpg",
        "name": "Taylors Simmer Sauce Peanut Satay 525g",
        "price": 3.79,
        "unitPrice": "$0.72 / 100G"
    },
    {
        "category": "pantry",
        "href": "https://www.woolworths.com.au/shop/productdetails/32502/eta-dressings-potato-salad",
        "imgName": "032502.jpg",
        "imgSrc": "https://cdn0.woolworths.media/content/wowproductimages/medium/032502.jpg",
        "name": "Eta Dressings Potato Salad 365g",
        "price": 3.6,
        "unitPrice": "$0.99 / 100G"
    },
    {
        "category": "pantry",
        "href": "https://www.woolworths.com.au/shop/productdetails/344550/mutti-finely-chopped-tomatoes",
        "imgName": "344550.jpg",
        "imgSrc": "https://cdn0.woolworths.media/content/wowproductimages/medium/344550.jpg",
        "name": "Mutti Finely Chopped Tomatoes 400g",
        "price": 1.6,
        "unitPrice": "$4.00 / 1KG"
    },
    {
        "category": "pantry",
        "href": "https://www.woolworths.com.au/shop/productdetails/479848/pringles-chips-cream-onion",
        "imgName": "479848.jpg",
        "imgSrc": "https://cdn0.woolworths.media/content/wowproductimages/medium/479848.jpg",
        "name": "Pringles Chips Cream & Onion 53g tube",
        "price": 1.9,
        "unitPrice": "$3.58 / 100G"
    },
    {
        "category": "pantry",
        "href": "https://www.woolworths.com.au/shop/productdetails/479953/macro-organic-psyllium-husk",
        "imgName": "479953.jpg",
        "imgSrc": "https://cdn0.woolworths.media/content/wowproductimages/medium/479953.jpg",
        "name": "Macro Organic Psyllium Husk  250g",
        "price": 5.99,
        "unitPrice": "$2.40 / 100G"
    },
    {
        "category": "pantry",
        "href": "https://www.woolworths.com.au/shop/productdetails/58444/corinthian-wafers-chocolate",
        "imgName": "058444.jpg",
        "imgSrc": "https://cdn0.woolworths.media/content/wowproductimages/medium/058444.jpg",
        "name": "Corinthian Wafers Chocolate 350g",
        "price": 3,
        "unitPrice": "$0.86 / 100G"
    },
    {
        "category": "pantry",
        "href": "https://www.woolworths.com.au/shop/productdetails/770057/woolworths-free-from-gluten-plain-flour",
        "imgName": "770057.jpg",
        "imgSrc": "https://cdn0.woolworths.media/content/wowproductimages/medium/770057.jpg",
        "name": "Woolworths Free From Gluten Plain Flour  750g",
        "price": 3.99,
        "unitPrice": "$5.32 / 1KG"
    },
    {
        "category": "pantry",
        "href": "https://www.woolworths.com.au/shop/productdetails/830075/freedom-foods-rice-flakes",
        "imgName": "830075.jpg",
        "imgSrc": "https://cdn0.woolworths.media/content/wowproductimages/medium/830075.jpg",
        "name": "Freedom Foods Rice Flakes  300g",
        "price": 3.99,
        "unitPrice": "$1.33 / 100G"
    },
    {
        "category": "pantry",
        "href": "https://www.woolworths.com.au/shop/productdetails/2979/soothers-throat-lozenge-eucalyptus-menthol",
        "imgName": "002979.jpg",
        "imgSrc": "https://cdn0.woolworths.media/content/wowproductimages/medium/002979.jpg",
        "name": "Soothers Throat Lozenge Eucalyptus & Menthol 3x10pk",
        "price": 4.2,
        "unitPrice": "$0.14 / 1EA"
    },
    {
        "category": "pantry",
        "href": "https://www.woolworths.com.au/shop/productdetails/33431/golden-circle-sliced-pineapple-in-syrup",
        "imgName": "033431.jpg",
        "imgSrc": "https://cdn0.woolworths.media/content/wowproductimages/medium/033431.jpg",
        "name": "Golden Circle Sliced Pineapple In Syrup 850g",
        "price": 5.8,
        "unitPrice": "$6.82 / 1KG"
    },
    {
        "category": "pantry",
        "href": "https://www.woolworths.com.au/shop/productdetails/33459/king-oscar-sardines-tomato-sauce-single-layer",
        "imgName": "033459.jpg",
        "imgSrc": "https://cdn0.woolworths.media/content/wowproductimages/medium/033459.jpg",
        "name": "King Oscar Sardines Tomato Sauce Single Layer 105g",
        "price": 3.3,
        "unitPrice": "$31.43 / 1KG"
    },
    {
        "category": "pantry",
        "href": "https://www.woolworths.com.au/shop/productdetails/33428/golden-circle-pineapple-pieces-in-syrup",
        "imgName": "033428.jpg",
        "imgSrc": "https://cdn0.woolworths.media/content/wowproductimages/medium/033428.jpg",
        "name": "Golden Circle Pineapple Pieces In Syrup 450g",
        "price": 3.25,
        "unitPrice": "$7.22 / 1KG"
    },
    {
        "category": "pantry",
        "href": "https://www.woolworths.com.au/shop/productdetails/3356/old-el-paso-mild-salsa-thick-chunky",
        "imgName": "003356.jpg",
        "imgSrc": "https://cdn0.woolworths.media/content/wowproductimages/medium/003356.jpg",
        "name": "Old El Paso Mild Salsa Thick & Chunky 375g",
        "price": 4.45,
        "unitPrice": "$1.19 / 100G"
    },
    {
        "category": "pantry",
        "href": "https://www.woolworths.com.au/shop/productdetails/32775/masterfoods-paprika-ground",
        "imgName": "032775.jpg",
        "imgSrc": "https://cdn0.woolworths.media/content/wowproductimages/medium/032775.jpg",
        "name": "Masterfoods Paprika Ground 35g",
        "price": 2.5,
        "unitPrice": "$0.71 / 10G"
    },
    {
        "category": "pantry",
        "href": "https://www.woolworths.com.au/shop/productdetails/16927/cornwells-vinegar-malt",
        "imgName": "016927.jpg",
        "imgSrc": "https://cdn0.woolworths.media/content/wowproductimages/medium/016927.jpg",
        "name": "Cornwells Vinegar Malt 750ml",
        "price": 3.1,
        "unitPrice": "$0.41 / 100ML"
    },
    {
        "category": "pantry",
        "href": "https://www.woolworths.com.au/shop/productdetails/15819/sanitarium-peanut-butter-crunchy-natural",
        "imgName": "015819.jpg",
        "imgSrc": "https://cdn0.woolworths.media/content/wowproductimages/medium/015819.jpg",
        "name": "Sanitarium Peanut Butter Crunchy Natural 375g",
        "price": 4.05,
        "unitPrice": "$1.08 / 100G"
    },
    {
        "category": "pantry",
        "href": "https://www.woolworths.com.au/shop/productdetails/32759/masterfoods-salt-onion",
        "imgName": "032759.jpg",
        "imgSrc": "https://cdn0.woolworths.media/content/wowproductimages/medium/032759.jpg",
        "name": "Masterfoods Salt Onion 68g",
        "price": 1.9,
        "unitPrice": "$0.28 / 10G"
    },
    {
        "category": "pantry",
        "href": "https://www.woolworths.com.au/shop/productdetails/37370/saxa-pepper-white-picnic-pack",
        "imgName": "037370.jpg",
        "imgSrc": "https://cdn0.woolworths.media/content/wowproductimages/medium/037370.jpg",
        "name": "Saxa Pepper White Picnic Pack 50g",
        "price": 3.7,
        "unitPrice": "$0.74 / 10G"
    },
    {
        "category": "pantry",
        "href": "https://www.woolworths.com.au/shop/productdetails/76083/angas-park-apricot-diced",
        "imgName": "076083.jpg",
        "imgSrc": "https://cdn0.woolworths.media/content/wowproductimages/medium/076083.jpg",
        "name": "Angas Park Apricot Diced 200g",
        "price": 5.35,
        "unitPrice": "$26.75 / 1KG"
    },
    {
        "category": "pantry",
        "href": "https://www.woolworths.com.au/shop/productdetails/44751/masterfoods-seasoning-roast-chicken",
        "imgName": "044751.jpg",
        "imgSrc": "https://cdn0.woolworths.media/content/wowproductimages/medium/044751.jpg",
        "name": "Masterfoods Seasoning Roast Chicken 41g",
        "price": 3.4,
        "unitPrice": "$0.83 / 10G"
    },
    {
        "category": "pantry",
        "href": "https://www.woolworths.com.au/shop/productdetails/48431/nestle-violet-crumble",
        "imgName": "048431.jpg",
        "imgSrc": "https://cdn0.woolworths.media/content/wowproductimages/medium/048431.jpg",
        "name": "Nestle Violet Crumble  50g bar",
        "price": 2,
        "unitPrice": "$4.00 / 100G"
    },
    {
        "category": "pantry",
        "href": "https://www.woolworths.com.au/shop/productdetails/57326/mae-ploy-sauce-sweet-chilli",
        "imgName": "057326.jpg",
        "imgSrc": "https://cdn0.woolworths.media/content/wowproductimages/medium/057326.jpg",
        "name": "Mae Ploy Sauce Sweet Chilli 280ml",
        "price": 2.9,
        "unitPrice": "$1.04 / 100ML"
    },
    {
        "category": "pantry",
        "href": "https://www.woolworths.com.au/shop/productdetails/37184/campbells-pasta-sauce-beef-spaghetti",
        "imgName": "037184.jpg",
        "imgSrc": "https://cdn0.woolworths.media/content/wowproductimages/medium/037184.jpg",
        "name": "Campbells Pasta Sauce Beef Spaghetti 410g",
        "price": 2.79,
        "unitPrice": "$0.68 / 100G"
    },
    {
        "category": "pantry",
        "href": "https://www.woolworths.com.au/shop/productdetails/41856/russino-anchovies-flat",
        "imgName": "041856.jpg",
        "imgSrc": "https://cdn0.woolworths.media/content/wowproductimages/medium/041856.jpg",
        "name": "Russino Anchovies Flat 80g",
        "price": 3.8,
        "unitPrice": "$47.50 / 1KG"
    },
    {
        "category": "pantry",
        "href": "https://www.woolworths.com.au/shop/productdetails/59637/cool-pak-multipack-butter-corn-original",
        "imgName": "059637.jpg",
        "imgSrc": "https://cdn0.woolworths.media/content/wowproductimages/medium/059637.jpg",
        "name": "Cool Pak Multipack Butter Corn Original 10pk 200g",
        "price": 3.79,
        "unitPrice": "$1.90 / 100G"
    },
    {
        "category": "pantry",
        "href": "https://www.woolworths.com.au/shop/productdetails/115632/homebrand-icing-sugar-mixture",
        "imgName": "115632.jpg",
        "imgSrc": "https://cdn0.woolworths.media/content/wowproductimages/medium/115632.jpg",
        "name": "Homebrand Icing Sugar Mixture 1kg",
        "price": 2.6,
        "unitPrice": "$0.26 / 100G"
    },
    {
        "category": "pantry",
        "href": "https://www.woolworths.com.au/shop/productdetails/94849/zafarelli-piccolo-pasta-no-40",
        "imgName": "094849.jpg",
        "imgSrc": "https://cdn0.woolworths.media/content/wowproductimages/medium/094849.jpg",
        "name": "Zafarelli Piccolo Pasta No 40 500g",
        "price": 1.94,
        "unitPrice": "$0.39 / 100G"
    },
    {
        "category": "pantry",
        "href": "https://www.woolworths.com.au/shop/productdetails/92130/ufc-canned-bean-sprouts",
        "imgName": "092130.jpg",
        "imgSrc": "https://cdn0.woolworths.media/content/wowproductimages/medium/092130.jpg",
        "name": "Ufc Canned Bean Sprouts 410g",
        "price": 2.3,
        "unitPrice": "$5.61 / 1KG"
    },
    {
        "category": "pantry",
        "href": "https://www.woolworths.com.au/shop/productdetails/98328/csr-golden-syrup",
        "imgName": "098328.jpg",
        "imgSrc": "https://cdn0.woolworths.media/content/wowproductimages/medium/098328.jpg",
        "name": "Csr Golden Syrup  850g",
        "price": 6.3,
        "unitPrice": "$0.74 / 100G"
    },
    {
        "category": "pantry",
        "href": "https://www.woolworths.com.au/shop/productdetails/74592/s-b-ingredients-golden-curry-mix-mild",
        "imgName": "074592.jpg",
        "imgSrc": "https://cdn0.woolworths.media/content/wowproductimages/medium/074592.jpg",
        "name": "S&b Ingredients Golden Curry Mix Mild 100g",
        "price": 4.5,
        "unitPrice": "$4.50 / 100G"
    },
    {
        "category": "pantry",
        "href": "https://www.woolworths.com.au/shop/productdetails/75592/trident-chow-mein-soft-noodles",
        "imgName": "075592.jpg",
        "imgSrc": "https://cdn0.woolworths.media/content/wowproductimages/medium/075592.jpg",
        "name": "Trident Chow Mein Soft Noodles 85g",
        "price": 0.95,
        "unitPrice": "$1.12 / 100G"
    },
    {
        "category": "pantry",
        "href": "https://www.woolworths.com.au/shop/productdetails/188799/essentials-pasta-spirals",
        "imgName": "188799.jpg",
        "imgSrc": "https://cdn0.woolworths.media/content/wowproductimages/medium/188799.jpg",
        "name": "Essentials Pasta Spirals 500g",
        "price": 0.65,
        "unitPrice": "$0.13 / 100G"
    },
    {
        "category": "pantry",
        "href": "https://www.woolworths.com.au/shop/productdetails/191563/freedom-foods-cereal-ultra-rice-maple-crunch",
        "imgName": "191563.jpg",
        "imgSrc": "https://cdn0.woolworths.media/content/wowproductimages/medium/191563.jpg",
        "name": "Freedom Foods Cereal Ultra Rice Maple Crunch 300g",
        "price": 4.99,
        "unitPrice": "$1.66 / 100G"
    },
    {
        "category": "pantry",
        "href": "https://www.woolworths.com.au/shop/productdetails/230220/uncle-tobys-vita-brits-weeties",
        "imgName": "230220.jpg",
        "imgSrc": "https://cdn0.woolworths.media/content/wowproductimages/medium/230220.jpg",
        "name": "Uncle Tobys Vita Brits Weeties  700g",
        "price": 4.99,
        "unitPrice": "$0.71 / 100G"
    },
    {
        "category": "pantry",
        "href": "https://www.woolworths.com.au/shop/productdetails/230507/eskal-gluten-free-crackers",
        "imgName": "230507.jpg",
        "imgSrc": "https://cdn0.woolworths.media/content/wowproductimages/medium/230507.jpg",
        "name": "Eskal Gluten Free Crackers  200g",
        "price": 4.79,
        "unitPrice": "$2.40 / 100G"
    },
    {
        "category": "pantry",
        "href": "https://www.woolworths.com.au/shop/productdetails/230586/well-naturally-no-sugar-added-choc-mint-crisp-bar",
        "imgName": "230586.jpg",
        "imgSrc": "https://cdn0.woolworths.media/content/wowproductimages/medium/230586.jpg",
        "name": "Well Naturally No Sugar Added Choc Mint Crisp Bar 45g",
        "price": 2.85,
        "unitPrice": "$6.33 / 100G"
    },
    {
        "category": "pantry",
        "href": "https://www.woolworths.com.au/shop/productdetails/210714/hakubuku-organic-japanese-soba-buckwheat-noodles-98-ff",
        "imgName": "210714.jpg",
        "imgSrc": "https://cdn0.woolworths.media/content/wowproductimages/medium/210714.jpg",
        "name": "Hakubuku Organic Japanese Soba Buckwheat Noodles 98% Ff 270g",
        "price": 3.7,
        "unitPrice": "$1.37 / 100G"
    },
    {
        "category": "pantry",
        "href": "https://www.woolworths.com.au/shop/productdetails/252378/sandhurst-artichoke-hearts-in-brine",
        "imgName": "252378.jpg",
        "imgSrc": "https://cdn0.woolworths.media/content/wowproductimages/medium/252378.jpg",
        "name": "Sandhurst Artichoke Hearts In Brine 280g",
        "price": 3.8,
        "unitPrice": "$13.57 / 1KG"
    },
    {
        "category": "pantry",
        "href": "https://www.woolworths.com.au/shop/productdetails/210003/masterfoods-seasoning-bbq-smokey",
        "imgName": "210003.jpg",
        "imgSrc": "https://cdn0.woolworths.media/content/wowproductimages/medium/210003.jpg",
        "name": "Masterfoods Seasoning Bbq Smokey 52g",
        "price": 3.75,
        "unitPrice": "$0.72 / 10G"
    },
    {
        "category": "pantry",
        "href": "https://www.woolworths.com.au/shop/productdetails/243740/ayam-paste-thai-green-curry",
        "imgName": "243740.jpg",
        "imgSrc": "https://cdn0.woolworths.media/content/wowproductimages/medium/243740.jpg",
        "name": "Ayam Paste Thai Green Curry 195g",
        "price": 3.3,
        "unitPrice": "$1.69 / 100G"
    },
    {
        "category": "pantry",
        "href": "https://www.woolworths.com.au/shop/productdetails/267888/jack-link-s-jerky-teriyaki-beef",
        "imgName": "267888.jpg",
        "imgSrc": "https://cdn0.woolworths.media/content/wowproductimages/medium/267888.jpg",
        "name": "Jack Link's Jerky Teriyaki Beef 50g",
        "price": 4.55,
        "unitPrice": "$91.00 / 1KG"
    },
    {
        "category": "pantry",
        "href": "https://www.woolworths.com.au/shop/productdetails/254490/jarrah-coffee-brazil-delight",
        "imgName": "254490.jpg",
        "imgSrc": "https://cdn0.woolworths.media/content/wowproductimages/medium/254490.jpg",
        "name": "Jarrah Coffee Brazil Delight 250g",
        "price": 6,
        "unitPrice": "$2.40 / 100G"
    },
    {
        "category": "pantry",
        "href": "https://www.woolworths.com.au/shop/productdetails/229774/nature-s-cuppa-english-breakfast-tea-bags",
        "imgName": "229774.jpg",
        "imgSrc": "https://cdn0.woolworths.media/content/wowproductimages/medium/229774.jpg",
        "name": "Nature's Cuppa English Breakfast Tea Bags 60pk 150g",
        "price": 6.38,
        "unitPrice": "$4.25 / 100G"
    },
    {
        "category": "pantry",
        "href": "https://www.woolworths.com.au/shop/productdetails/251082/woolworths-select-mint-flakes",
        "imgName": "251082.jpg",
        "imgSrc": "https://cdn0.woolworths.media/content/wowproductimages/medium/251082.jpg",
        "name": "Woolworths Select Mint Flakes 7g",
        "price": 1.55,
        "unitPrice": "$2.21 / 10G"
    },
    {
        "category": "pantry",
        "href": "https://www.woolworths.com.au/shop/productdetails/254286/globus-cucumbers-polish-dill",
        "imgName": "254286.jpg",
        "imgSrc": "https://cdn0.woolworths.media/content/wowproductimages/medium/254286.jpg",
        "name": "Globus Cucumbers Polish Dill 680g",
        "price": 3.2,
        "unitPrice": "$4.71 / 1KG"
    },
    {
        "category": "pantry",
        "href": "https://www.woolworths.com.au/shop/productdetails/249189/yackandandah-preserve-lemon-curd",
        "imgName": "249189.jpg",
        "imgSrc": "https://cdn0.woolworths.media/content/wowproductimages/medium/249189.jpg",
        "name": "Yackandandah Preserve Lemon Curd 350g",
        "price": 4.1,
        "unitPrice": "$1.17 / 100G"
    },
    {
        "category": "pantry",
        "href": "https://www.woolworths.com.au/shop/productdetails/258310/kellogg-s-crunchy-nut-nutty-peanut",
        "imgName": "258310.jpg",
        "imgSrc": "https://cdn0.woolworths.media/content/wowproductimages/medium/258310.jpg",
        "name": "Kellogg's Crunchy Nut Nutty Peanut 6pk 180g",
        "price": 5,
        "unitPrice": "$2.78 / 100G"
    },
    {
        "category": "pantry",
        "href": "https://www.woolworths.com.au/shop/productdetails/252041/golden-selections-fettuccine-pasta-selections",
        "imgName": "252041.jpg",
        "imgSrc": "https://cdn0.woolworths.media/content/wowproductimages/medium/252041.jpg",
        "name": "Golden Selections Fettuccine Pasta Selections 500g",
        "price": 5.7,
        "unitPrice": "$1.14 / 100G"
    },
    {
        "category": "pantry",
        "href": "https://www.woolworths.com.au/shop/productdetails/262151/woolworths-select-dolmades-traditional",
        "imgName": "262151.jpg",
        "imgSrc": "https://cdn0.woolworths.media/content/wowproductimages/medium/262151.jpg",
        "name": "Woolworths Select Dolmades Traditional 280g",
        "price": 3.75,
        "unitPrice": "$13.39 / 1KG"
    },
    {
        "category": "pantry",
        "href": "https://www.woolworths.com.au/shop/productdetails/312467/woolworths-select-bars-nut-fruit",
        "imgName": "312467.jpg",
        "imgSrc": "https://cdn0.woolworths.media/content/wowproductimages/medium/312467.jpg",
        "name": "Woolworths Select Bars Nut & Fruit 4pk 160g",
        "price": 4,
        "unitPrice": "$2.50 / 100G"
    },
    {
        "category": "pantry",
        "href": "https://www.woolworths.com.au/shop/productdetails/319635/healtheries-kidscare-potato-chips-stix-chicken",
        "imgName": "319635.jpg",
        "imgSrc": "https://cdn0.woolworths.media/content/wowproductimages/medium/319635.jpg",
        "name": "Healtheries Kidscare Potato Chips Stix Chicken 8pk 160g",
        "price": 5.29,
        "unitPrice": "$3.31 / 100G"
    },
    {
        "category": "pantry",
        "href": "https://www.woolworths.com.au/shop/productdetails/319951/thins-chips-share-pack-salt-vinegar",
        "imgName": "319951.jpg",
        "imgSrc": "https://cdn0.woolworths.media/content/wowproductimages/medium/319951.jpg",
        "name": "Thins Chips Share Pack Salt & Vinegar 175g",
        "price": 2.5,
        "unitPrice": "$1.43 / 100G"
    },
    {
        "category": "pantry",
        "href": "https://www.woolworths.com.au/shop/productdetails/271568/tilda-microwave-steamed-brown-basmati-rice",
        "imgName": "271568.jpg",
        "imgSrc": "https://cdn0.woolworths.media/content/wowproductimages/medium/271568.jpg",
        "name": "Tilda Microwave Steamed Brown Basmati Rice 250g",
        "price": 3.4,
        "unitPrice": "$1.36 / 100G"
    },
    {
        "category": "pantry",
        "href": "https://www.woolworths.com.au/shop/productdetails/294160/mcvities-digestives-biscuits-plain-original",
        "imgName": "294160.jpg",
        "imgSrc": "https://cdn0.woolworths.media/content/wowproductimages/medium/294160.jpg",
        "name": "Mcvities Digestives Biscuits Plain Original 400g",
        "price": 3.7,
        "unitPrice": "$0.93 / 100G"
    },
    {
        "category": "pantry",
        "href": "https://www.woolworths.com.au/shop/productdetails/313812/bean-ground-drunk-coffee-beans-organic-fair-trade-rich",
        "imgName": "313812.jpg",
        "imgSrc": "https://cdn0.woolworths.media/content/wowproductimages/medium/313812.jpg",
        "name": "Bean Ground & Drunk Coffee Beans Organic Fair Trade Rich 250g",
        "price": 8.8,
        "unitPrice": "$3.52 / 100G"
    },
    {
        "category": "pantry",
        "href": "https://www.woolworths.com.au/shop/productdetails/294164/mcvities-hobnobs-milk-chocolate",
        "imgName": "294164.jpg",
        "imgSrc": "https://cdn0.woolworths.media/content/wowproductimages/medium/294164.jpg",
        "name": "Mcvities Hobnobs Milk Chocolate 300g",
        "price": 3.7,
        "unitPrice": "$1.23 / 100G"
    },
    {
        "category": "pantry",
        "href": "https://www.woolworths.com.au/shop/productdetails/282915/lifesavers-musk",
        "imgName": "282915.jpg",
        "imgSrc": "https://cdn0.woolworths.media/content/wowproductimages/medium/282915.jpg",
        "name": "Lifesavers Musk  34g",
        "price": 1.1,
        "unitPrice": "$3.24 / 100G"
    },
    {
        "category": "pantry",
        "href": "https://www.woolworths.com.au/shop/productdetails/321074/menz-fruchocs-honeycomb",
        "imgName": "321074.jpg",
        "imgSrc": "https://cdn0.woolworths.media/content/wowproductimages/medium/321074.jpg",
        "name": "Menz Fruchocs Honeycomb 400g bag",
        "price": 4,
        "unitPrice": "$1.00 / 100G"
    },
    {
        "category": "pantry",
        "href": "https://www.woolworths.com.au/shop/productdetails/347299/well-naturally-no-sugar-added-almond-chip-bar",
        "imgName": "347299.jpg",
        "imgSrc": "https://cdn0.woolworths.media/content/wowproductimages/medium/347299.jpg",
        "name": "Well Naturally No Sugar Added Almond Chip Bar 45g",
        "price": 2.85,
        "unitPrice": "$6.33 / 100G"
    },
    {
        "category": "pantry",
        "href": "https://www.woolworths.com.au/shop/productdetails/334757/macro-organic-hulled-tahini-spread",
        "imgName": "334757.jpg",
        "imgSrc": "https://cdn0.woolworths.media/content/wowproductimages/medium/334757.jpg",
        "name": "Macro Organic Hulled Tahini Spread 375g",
        "price": 4.5,
        "unitPrice": "$1.20 / 100G"
    },
    {
        "category": "pantry",
        "href": "https://www.woolworths.com.au/shop/productdetails/374559/marion-s-kitchen-thai-green-curry-cooking-kit",
        "imgName": "374559.jpg",
        "imgSrc": "https://cdn0.woolworths.media/content/wowproductimages/medium/374559.jpg",
        "name": "Marion's Kitchen Thai Green Curry Cooking Kit 475g",
        "price": 7.3,
        "unitPrice": "$1.54 / 100G"
    },
    {
        "category": "pantry",
        "href": "https://www.woolworths.com.au/shop/productdetails/375205/continental-cook-in-bag-recipe-base-classic-roast-chicken-with-vegetables",
        "imgName": "375205.jpg",
        "imgSrc": "https://cdn0.woolworths.media/content/wowproductimages/medium/375205.jpg",
        "name": "Continental Cook In Bag Recipe Base Classic Roast Chicken With Vegetables 50g",
        "price": 2.5,
        "unitPrice": "$5.00 / 100G"
    },
    {
        "category": "pantry",
        "href": "https://www.woolworths.com.au/shop/productdetails/374561/marion-s-kitchen-thai-red-curry-cooking-kit",
        "imgName": "374561.jpg",
        "imgSrc": "https://cdn0.woolworths.media/content/wowproductimages/medium/374561.jpg",
        "name": "Marion's Kitchen Thai Red Curry Cooking Kit 450g",
        "price": 7.3,
        "unitPrice": "$1.62 / 100G"
    },
    {
        "category": "pantry",
        "href": "https://www.woolworths.com.au/shop/productdetails/380715/all-natural-bakery-bars-oat-slice-yog-almond-apricot",
        "imgName": "380715.jpg",
        "imgSrc": "https://cdn0.woolworths.media/content/wowproductimages/medium/380715.jpg",
        "name": "All Natural Bakery Bars Oat Slice Yog Almond & Apricot 100g",
        "price": 2.69,
        "unitPrice": "$2.69 / 100G"
    },
    {
        "category": "pantry",
        "href": "https://www.woolworths.com.au/shop/productdetails/377119/sweet-baby-ray-s-bbq-sauce",
        "imgName": "377119.jpg",
        "imgSrc": "https://cdn0.woolworths.media/content/wowproductimages/medium/377119.jpg",
        "name": "Sweet Baby Ray's Bbq Sauce 425ml",
        "price": 4.99,
        "unitPrice": "$1.17 / 100ML"
    },
    {
        "category": "pantry",
        "href": "https://www.woolworths.com.au/shop/productdetails/379739/mission-corn-chips-chilli-lime",
        "imgName": "379739.jpg",
        "imgSrc": "https://cdn0.woolworths.media/content/wowproductimages/medium/379739.jpg",
        "name": "Mission Corn Chips Chilli & Lime 230g",
        "price": 3.1,
        "unitPrice": "$1.35 / 100G"
    },
    {
        "category": "pantry",
        "href": "https://www.woolworths.com.au/shop/productdetails/427361/lipton-green-tea-brilliant-mint",
        "imgName": "427361.jpg",
        "imgSrc": "https://cdn0.woolworths.media/content/wowproductimages/medium/427361.jpg",
        "name": "Lipton Green Tea Brilliant Mint 40pk",
        "price": 4.79,
        "unitPrice": "$0.12 / 1EA"
    },
    {
        "category": "pantry",
        "href": "https://www.woolworths.com.au/shop/productdetails/345633/masterfoods-recipe-base-devilled-sausages",
        "imgName": "345633.jpg",
        "imgSrc": "https://cdn0.woolworths.media/content/wowproductimages/medium/345633.jpg",
        "name": "Masterfoods Recipe Base Devilled Sausages 175g",
        "price": 2.19,
        "unitPrice": "$1.25 / 100G"
    },
    {
        "category": "pantry",
        "href": "https://www.woolworths.com.au/shop/productdetails/342450/masterfoods-seasoning-all-purpose",
        "imgName": "342450.jpg",
        "imgSrc": "https://cdn0.woolworths.media/content/wowproductimages/medium/342450.jpg",
        "name": "Masterfoods Seasoning All Purpose 200g",
        "price": 5.7,
        "unitPrice": "$0.29 / 10G"
    },
    {
        "category": "pantry",
        "href": "https://www.woolworths.com.au/shop/productdetails/329804/obento-japanese-seasoning-mirin",
        "imgName": "329804.jpg",
        "imgSrc": "https://cdn0.woolworths.media/content/wowproductimages/medium/329804.jpg",
        "name": "Obento Japanese Seasoning Mirin 200ml",
        "price": 3.3,
        "unitPrice": "$1.65 / 100ML"
    },
    {
        "category": "pantry",
        "href": "https://www.woolworths.com.au/shop/productdetails/303727/amy-s-kitchen-soup-split-pea",
        "imgName": "303727.jpg",
        "imgSrc": "https://cdn0.woolworths.media/content/wowproductimages/medium/303727.jpg",
        "name": "Amy's Kitchen Soup Split Pea 400g",
        "price": 3.9,
        "unitPrice": "$0.98 / 100G"
    },
    {
        "category": "pantry",
        "href": "https://www.woolworths.com.au/shop/productdetails/330002/ayam-malaysian-nyonya-curry-paste",
        "imgName": "330002.jpg",
        "imgSrc": "https://cdn0.woolworths.media/content/wowproductimages/medium/330002.jpg",
        "name": "Ayam Malaysian Nyonya Curry Paste 185g",
        "price": 3.3,
        "unitPrice": "$1.78 / 100G"
    },
    {
        "category": "pantry",
        "href": "https://www.woolworths.com.au/shop/productdetails/339439/mission-naan-bread-garlic-hreb",
        "imgName": "339439.jpg",
        "imgSrc": "https://cdn0.woolworths.media/content/wowproductimages/medium/339439.jpg",
        "name": "Mission Naan Bread Garlic & Hreb 4pk 280g",
        "price": 3.8,
        "unitPrice": "$1.36 / 100G"
    },
    {
        "category": "pantry",
        "href": "https://www.woolworths.com.au/shop/productdetails/426222/ito-en-matcha-green-tea-traditional",
        "imgName": "426222.jpg",
        "imgSrc": "https://cdn0.woolworths.media/content/wowproductimages/medium/426222.jpg",
        "name": "Ito En Matcha Green Tea Traditional 20pk",
        "price": 6,
        "unitPrice": "$0.30 / 1EA"
    },
    {
        "category": "pantry",
        "href": "https://www.woolworths.com.au/shop/productdetails/514457/kettle-sweet-potato-chips-rosemary-sea-salt",
        "imgName": "514457.jpg",
        "imgSrc": "https://cdn0.woolworths.media/content/wowproductimages/medium/514457.jpg",
        "name": "Kettle Sweet Potato Chips Rosemary & Sea Salt 135g",
        "price": 4.39,
        "unitPrice": "$3.25 / 100G"
    },
    {
        "category": "pantry",
        "href": "https://www.woolworths.com.au/shop/productdetails/445312/val-verde-passata",
        "imgName": "445312.jpg",
        "imgSrc": "https://cdn0.woolworths.media/content/wowproductimages/medium/445312.jpg",
        "name": "Val Verde Passata  500g",
        "price": 2,
        "unitPrice": "$0.40 / 100G"
    },
    {
        "category": "pantry",
        "href": "https://www.woolworths.com.au/shop/productdetails/503513/pure-refined-coconut-oil",
        "imgName": "503513.jpg",
        "imgSrc": "https://cdn0.woolworths.media/content/wowproductimages/medium/503513.jpg",
        "name": "Pure Refined Coconut Oil  500ml",
        "price": 7,
        "unitPrice": "$1.40 / 100ML"
    },
    {
        "category": "pantry",
        "href": "https://www.woolworths.com.au/shop/productdetails/476935/sanitarium-peanut-butter-natural-smooth",
        "imgName": "476935.jpg",
        "imgSrc": "https://cdn0.woolworths.media/content/wowproductimages/medium/476935.jpg",
        "name": "Sanitarium Peanut Butter Natural Smooth 375g"
    },
    {
        "category": "pantry",
        "href": "https://www.woolworths.com.au/shop/productdetails/659255/csr-unrefined-coconut-sugar",
        "imgName": "659255.jpg",
        "imgSrc": "https://cdn0.woolworths.media/content/wowproductimages/medium/659255.jpg",
        "name": "Csr Unrefined Coconut Sugar 250g",
        "price": 4,
        "unitPrice": "$1.60 / 100G"
    },
    {
        "category": "pantry",
        "href": "https://www.woolworths.com.au/shop/productdetails/724479/bisto-granules-gravy-chicken",
        "imgName": "724479.jpg",
        "imgSrc": "https://cdn0.woolworths.media/content/wowproductimages/medium/724479.jpg",
        "name": "Bisto Granules Gravy Chicken 170g",
        "price": 6,
        "unitPrice": "$3.53 / 100G"
    },
    {
        "category": "pantry",
        "href": "https://www.woolworths.com.au/shop/productdetails/465123/always-fresh-artisan-collection-feta-stuffed-peppers",
        "imgName": "465123.jpg",
        "imgSrc": "https://cdn0.woolworths.media/content/wowproductimages/medium/465123.jpg",
        "name": "Always Fresh Artisan Collection Feta Stuffed Peppers 280g",
        "price": 6,
        "unitPrice": "$21.43 / 1KG"
    },
    {
        "category": "pantry",
        "href": "https://www.woolworths.com.au/shop/productdetails/591358/lipton-quality-black-tea",
        "imgName": "591358.jpg",
        "imgSrc": "https://cdn0.woolworths.media/content/wowproductimages/medium/591358.jpg",
        "name": "Lipton Quality Black Tea 25pk 50g",
        "price": 2,
        "unitPrice": "$4.00 / 100G"
    },
    {
        "category": "pantry",
        "href": "https://www.woolworths.com.au/shop/productdetails/580626/snatts-garlic-parsley-bread-snacks",
        "imgName": "580626.jpg",
        "imgSrc": "https://cdn0.woolworths.media/content/wowproductimages/medium/580626.jpg",
        "name": "Snatts Garlic & Parsley Bread Snacks 120g",
        "price": 3,
        "unitPrice": "$2.50 / 100G"
    },
    {
        "category": "pantry",
        "href": "https://www.woolworths.com.au/shop/productdetails/460947/sunsweet-pitted-prunes",
        "imgName": "460947.jpg",
        "imgSrc": "https://cdn0.woolworths.media/content/wowproductimages/medium/460947.jpg",
        "name": "Sunsweet Pitted Prunes  400g",
        "price": 6.3,
        "unitPrice": "$15.75 / 1KG"
    },
    {
        "category": "pantry",
        "href": "https://www.woolworths.com.au/shop/productdetails/581338/eclipse-chewy-mints-spearmint-bottle",
        "imgName": "581338.jpg",
        "imgSrc": "https://cdn0.woolworths.media/content/wowproductimages/medium/581338.jpg",
        "name": "Eclipse Chewy Mints Spearmint Bottle 93g",
        "price": 4,
        "unitPrice": "$4.30 / 100G"
    },
    {
        "category": "pantry",
        "href": "https://www.woolworths.com.au/shop/productdetails/729945/gullon-cookies-sugar-free-choc-chip",
        "imgName": "729945.jpg",
        "imgSrc": "https://cdn0.woolworths.media/content/wowproductimages/medium/729945.jpg",
        "name": "Gullon Cookies Sugar Free Choc Chip 125g",
        "price": 2.69,
        "unitPrice": "$2.15 / 100G"
    },
    {
        "category": "pantry",
        "href": "https://www.woolworths.com.au/shop/productdetails/755111/nestle-baking-cocoa",
        "imgName": "755111.jpg",
        "imgSrc": "https://cdn0.woolworths.media/content/wowproductimages/medium/755111.jpg",
        "name": "Nestle Baking Cocoa  190g",
        "price": 4.5,
        "unitPrice": "$2.37 / 100G"
    },
    {
        "category": "pantry",
        "href": "https://www.woolworths.com.au/shop/productdetails/709192/wallaby-bites-dark-chocolate-fruit-nut",
        "imgName": "709192.jpg",
        "imgSrc": "https://cdn0.woolworths.media/content/wowproductimages/medium/709192.jpg",
        "name": "Wallaby Bites Dark Chocolate Fruit Nut 150g",
        "price": 4.99,
        "unitPrice": "$3.33 / 100G"
    },
    {
        "category": "pantry",
        "href": "https://www.woolworths.com.au/shop/productdetails/702171/kan-tong-inspirations-noodles-rice",
        "imgName": "702171.jpg",
        "imgSrc": "https://cdn0.woolworths.media/content/wowproductimages/medium/702171.jpg",
        "name": "Kan Tong Inspirations Noodles Rice 440g",
        "price": 3.1,
        "unitPrice": "$0.70 / 100G"
    },
    {
        "category": "pantry",
        "href": "https://www.woolworths.com.au/shop/productdetails/761538/woolworths-gold-pappardelle-pasta",
        "imgName": "761538.jpg",
        "imgSrc": "https://cdn0.woolworths.media/content/wowproductimages/medium/761538.jpg",
        "name": "Woolworths Gold Pappardelle Pasta 500g",
        "price": 2.99,
        "unitPrice": "$0.60 / 100G"
    },
    {
        "category": "pantry",
        "href": "https://www.woolworths.com.au/shop/productdetails/769892/woolworths-free-from-gluten-breadcrumbs",
        "imgName": "769892.jpg",
        "imgSrc": "https://cdn0.woolworths.media/content/wowproductimages/medium/769892.jpg",
        "name": "Woolworths Free From Gluten Breadcrumbs  350g",
        "price": 4.9,
        "unitPrice": "$1.40 / 100G"
    },
    {
        "category": "pantry",
        "href": "https://www.woolworths.com.au/shop/productdetails/770096/woolworths-trail-mix",
        "imgName": "770096.jpg",
        "imgSrc": "https://cdn0.woolworths.media/content/wowproductimages/medium/770096.jpg",
        "name": "Woolworths Trail Mix  85g",
        "price": 2,
        "unitPrice": "$23.53 / 1KG"
    },
    {
        "category": "pantry",
        "href": "https://www.woolworths.com.au/shop/productdetails/728223/woolworths-sweet-chilli-flavoured-cashews",
        "imgName": "728223.jpg",
        "imgSrc": "https://cdn0.woolworths.media/content/wowproductimages/medium/728223.jpg",
        "name": "Woolworths Sweet Chilli Flavoured Cashews 200g",
        "price": 5.49,
        "unitPrice": "$27.45 / 1KG"
    },
    {
        "category": "pantry",
        "href": "https://www.woolworths.com.au/shop/productdetails/760486/betty-crocker-strawberries-cream-cake-mix",
        "imgName": "760486.jpg",
        "imgSrc": "https://cdn0.woolworths.media/content/wowproductimages/medium/760486.jpg",
        "name": "Betty Crocker Strawberries & Cream Cake Mix 540g",
        "price": 5.2,
        "unitPrice": "$0.96 / 100G"
    },
    {
        "category": "pantry",
        "href": "https://www.woolworths.com.au/shop/productdetails/759478/woolworths-select-high-fibre-bran",
        "imgName": "759478.jpg",
        "imgSrc": "https://cdn0.woolworths.media/content/wowproductimages/medium/759478.jpg",
        "name": "Woolworths Select High Fibre Bran 530g",
        "price": 3.5,
        "unitPrice": "$0.66 / 100G"
    },
    {
        "category": "pantry",
        "href": "https://www.woolworths.com.au/shop/productdetails/787707/sandhurst-fine-foods-tomatoes-sundried-strips",
        "imgName": "787707.jpg",
        "imgSrc": "https://cdn0.woolworths.media/content/wowproductimages/medium/787707.jpg",
        "name": "Sandhurst Fine Foods Tomatoes Sundried Strips 125g",
        "price": 3.3,
        "unitPrice": "$26.40 / 1KG"
    },
    {
        "category": "pantry",
        "href": "https://www.woolworths.com.au/shop/productdetails/801419/map-coffee-capsules-extra-strong-roast",
        "imgName": "801419.jpg",
        "imgSrc": "https://cdn0.woolworths.media/content/wowproductimages/medium/801419.jpg",
        "name": "Map Coffee Capsules Extra Strong Roast 10pk",
        "price": 5,
        "unitPrice": "$0.50 / 1EA"
    },
    {
        "category": "pantry",
        "href": "https://www.woolworths.com.au/shop/productdetails/794842/connect-foods-maca-powder",
        "imgName": "794842.jpg",
        "imgSrc": "https://cdn0.woolworths.media/content/wowproductimages/medium/794842.jpg",
        "name": "Connect Foods Maca Powder  250g",
        "price": 14.99,
        "unitPrice": "$6.00 / 100G"
    },
    {
        "category": "pantry",
        "href": "https://www.woolworths.com.au/shop/productdetails/774695/woolworths-dates-medjool",
        "imgName": "774695.jpg",
        "imgSrc": "https://cdn0.woolworths.media/content/wowproductimages/medium/774695.jpg",
        "name": "Woolworths Dates Medjool 450g punnet",
        "price": 10,
        "unitPrice": "$22.22 / 1KG"
    },
    {
        "category": "pantry",
        "href": "https://www.woolworths.com.au/shop/productdetails/768721/sustagen-vanilla-ready-to-drink",
        "imgName": "768721.jpg",
        "imgSrc": "https://cdn0.woolworths.media/content/wowproductimages/medium/768721.jpg",
        "name": "Sustagen Vanilla Ready To Drink 3x250ml",
        "price": 5.9,
        "unitPrice": "$7.87 / 1L"
    },
    {
        "category": "pantry",
        "href": "https://www.woolworths.com.au/shop/productdetails/787545/mission-sauce-salsa-medium",
        "imgName": "787545.jpg",
        "imgSrc": "https://cdn0.woolworths.media/content/wowproductimages/medium/787545.jpg",
        "name": "Mission Sauce Salsa Medium 453g",
        "price": 4.5,
        "unitPrice": "$0.99 / 100G"
    },
    {
        "category": "pantry",
        "href": "https://www.woolworths.com.au/shop/productdetails/797010/don-antonio-traditional-sauce",
        "imgName": "797010.jpg",
        "imgSrc": "https://cdn0.woolworths.media/content/wowproductimages/medium/797010.jpg",
        "name": "Don Antonio Traditional Sauce  500ml",
        "price": 5.99,
        "unitPrice": "$1.20 / 100G"
    },
    {
        "category": "pantry",
        "href": "https://www.woolworths.com.au/shop/productdetails/774596/woolworths-free-from-creme-choc-biscuits",
        "imgName": "774596.jpg",
        "imgSrc": "https://cdn0.woolworths.media/content/wowproductimages/medium/774596.jpg",
        "name": "Woolworths Free From Creme Choc Biscuits 120g",
        "price": 3.49,
        "unitPrice": "$2.91 / 100G"
    },
    {
        "category": "pantry",
        "href": "https://www.woolworths.com.au/shop/productdetails/867812/carman-s-super-berry-muesli-bars",
        "imgName": "867812.jpg",
        "imgSrc": "https://cdn0.woolworths.media/content/wowproductimages/medium/867812.jpg",
        "name": "Carman's Super Berry Muesli Bars 6pk 270g",
        "price": 5.6,
        "unitPrice": "$2.07 / 100G"
    },
    {
        "category": "pantry",
        "href": "https://www.woolworths.com.au/shop/productdetails/793685/sunrice-brown-rice-chips-wild-rice-gluten-free",
        "imgName": "793685.jpg",
        "imgSrc": "https://cdn0.woolworths.media/content/wowproductimages/medium/793685.jpg",
        "name": "Sunrice Brown Rice Chips Wild Rice Gluten Free 156g",
        "price": 4.99,
        "unitPrice": "$3.20 / 100G"
    },
    {
        "category": "pantry",
        "href": "https://www.woolworths.com.au/shop/productdetails/826262/passage-to-india-simmer-sauce-extra-mild-butter-chicken",
        "imgName": "826262.jpg",
        "imgSrc": "https://cdn0.woolworths.media/content/wowproductimages/medium/826262.jpg",
        "name": "Passage To India Simmer Sauce Extra Mild Butter Chicken 375g",
        "price": 4.3,
        "unitPrice": "$1.15 / 100G"
    },
    {
        "category": "pantry",
        "href": "https://www.woolworths.com.au/shop/productdetails/881774/sunrice-brown-jasmine-rice",
        "imgName": "881774.jpg",
        "imgSrc": "https://cdn0.woolworths.media/content/wowproductimages/medium/881774.jpg",
        "name": "Sunrice Brown Jasmine Rice  5kg",
        "price": 13.5,
        "unitPrice": "$0.27 / 100G"
    },
    {
        "category": "pantry",
        "href": "https://www.woolworths.com.au/shop/productdetails/873017/woolworths-brisling-sardines-in-springwater",
        "imgName": "873017.jpg",
        "imgSrc": "https://cdn0.woolworths.media/content/wowproductimages/medium/873017.jpg",
        "name": "Woolworths Brisling Sardines In Springwater 110g",
        "price": 1.4,
        "unitPrice": "$12.73 / 1KG"
    },
    {
        "category": "pantry",
        "href": "https://www.woolworths.com.au/shop/productdetails/924426/thinkfood-munch-cashew-raspberry",
        "imgName": "924426.jpg",
        "imgSrc": "https://cdn0.woolworths.media/content/wowproductimages/medium/924426.jpg",
        "name": "Thinkfood Munch Cashew Raspberry  140g",
        "price": 5.5,
        "unitPrice": "$3.93 / 100G"
    },
    {
        "category": "pantry",
        "href": "https://www.woolworths.com.au/shop/productdetails/847211/spc-prunes-in-juice",
        "imgName": "847211.jpg",
        "imgSrc": "https://cdn0.woolworths.media/content/wowproductimages/medium/847211.jpg",
        "name": "Spc Prunes In Juice  425g",
        "price": 2.7,
        "unitPrice": "$6.35 / 1KG"
    },
    {
        "category": "pantry",
        "href": "https://www.woolworths.com.au/shop/productdetails/827962/sanitarium-up-go-reduced-sugar-liquid-breakfast-choc-ice",
        "imgName": "827962.jpg",
        "imgSrc": "https://cdn0.woolworths.media/content/wowproductimages/medium/827962.jpg",
        "name": "Sanitarium Up&go Reduced Sugar Liquid Breakfast Choc Ice 3x250ml",
        "price": 5,
        "unitPrice": "$6.67 / 1L"
    },
    {
        "category": "pantry",
        "href": "https://www.woolworths.com.au/shop/productdetails/800494/plumrose-ham-spiced",
        "imgName": "800494.jpg",
        "imgSrc": "https://cdn0.woolworths.media/content/wowproductimages/medium/800494.jpg",
        "name": "Plumrose Ham Spiced 340g",
        "price": 4,
        "unitPrice": "$11.76 / 1KG"
    },
    {
        "category": "pantry",
        "href": "https://www.woolworths.com.au/shop/productdetails/883876/birch-waite-mango-lime-chilli-dressing",
        "imgName": "883876.jpg",
        "imgSrc": "https://cdn0.woolworths.media/content/wowproductimages/medium/883876.jpg",
        "name": "Birch & Waite Mango, Lime & Chilli Dressing 250ml",
        "price": 5,
        "unitPrice": "$2.00 / 100ML"
    },
    {
        "category": "pantry",
        "href": "https://www.woolworths.com.au/shop/productdetails/795884/vegemite-reduced-salt",
        "imgName": "795884.jpg",
        "imgSrc": "https://cdn0.woolworths.media/content/wowproductimages/medium/795884.jpg",
        "name": "Vegemite Reduced Salt  235g",
        "price": 4.7,
        "unitPrice": "$2.00 / 100G"
    },
    {
        "category": "pantry",
        "href": "https://www.woolworths.com.au/shop/productdetails/830141/slendier-slim-pasta-fettuccine-style-organic",
        "imgName": "830141.jpg",
        "imgSrc": "https://cdn0.woolworths.media/content/wowproductimages/medium/830141.jpg",
        "name": "Slendier Slim Pasta Fettuccine Style Organic 400g",
        "price": 3.89,
        "unitPrice": "$0.97 / 100G"
    },
    {
        "category": "pantry",
        "href": "https://www.woolworths.com.au/shop/productdetails/892608/macro-goji-berries",
        "imgName": "892608.jpg",
        "imgSrc": "https://cdn0.woolworths.media/content/wowproductimages/medium/892608.jpg",
        "name": "Macro Goji Berries  200g",
        "price": 6.99,
        "unitPrice": "$3.50 / 100G"
    },
    {
        "category": "pantry",
        "href": "https://www.woolworths.com.au/shop/productdetails/547404/topwil-organic-coconut-cream",
        "imgName": "547404.jpg",
        "imgSrc": "https://cdn0.woolworths.media/content/wowproductimages/medium/547404.jpg",
        "name": "Topwil Organic Coconut Cream  400ml",
        "price": 2.5,
        "unitPrice": "$0.63 / 100ML"
    },
    {
        "category": "pantry",
        "href": "https://www.woolworths.com.au/shop/productdetails/419941/ceres-organic-seaweed-snack",
        "imgName": "419941.jpg",
        "imgSrc": "https://cdn0.woolworths.media/content/wowproductimages/medium/419941.jpg",
        "name": "Ceres Organic Seaweed Snack 11.3g",
        "price": 4.5,
        "unitPrice": "$39.82 / 100G"
    },
    {
        "category": "pantry",
        "href": "https://www.woolworths.com.au/shop/productdetails/583491/woolworths-barley-sugar",
        "imgName": "583491.jpg",
        "imgSrc": "https://cdn0.woolworths.media/content/wowproductimages/medium/583491.jpg",
        "name": "Woolworths Barley Sugar  225g",
        "price": 2,
        "unitPrice": "$0.89 / 100G"
    },
    {
        "category": "pantry",
        "href": "https://www.woolworths.com.au/shop/productdetails/629111/ichiban-noodle-bowl-roast-pork",
        "imgName": "629111.jpg",
        "imgSrc": "https://cdn0.woolworths.media/content/wowproductimages/medium/629111.jpg",
        "name": "Ichiban Noodle Bowl Roast Pork 150g",
        "price": 4,
        "unitPrice": "$2.67 / 100G"
    },
    {
        "category": "pantry",
        "href": "https://www.woolworths.com.au/shop/productdetails/586813/smiths-chips-original",
        "imgName": "586813.jpg",
        "imgSrc": "https://cdn0.woolworths.media/content/wowproductimages/medium/586813.jpg",
        "name": "Smiths Chips Original  60g",
        "price": 2,
        "unitPrice": "$3.33 / 100G"
    },
    {
        "category": "pantry",
        "href": "https://www.woolworths.com.au/shop/productdetails/617552/lotus-biscoff-biscuit",
        "imgName": "617552.jpg",
        "imgSrc": "https://cdn0.woolworths.media/content/wowproductimages/medium/617552.jpg",
        "name": "Lotus Biscoff Biscuit  8pk 124g",
        "price": 1.8,
        "unitPrice": "$1.45 / 100G"
    },
    {
        "category": "pantry",
        "href": "https://www.woolworths.com.au/shop/productdetails/948491/gourmet-garden-paste-garlic",
        "imgName": "948491.jpg",
        "imgSrc": "https://cdn0.woolworths.media/content/wowproductimages/medium/948491.jpg",
        "name": "Gourmet Garden Paste Garlic 80g",
        "price": 3.5,
        "unitPrice": "$0.44 / 10G"
    },
    {
        "category": "pantry",
        "href": "https://www.woolworths.com.au/shop/productdetails/622091/baxters-caramelised-onion-relish",
        "imgName": "622091.jpg",
        "imgSrc": "https://cdn0.woolworths.media/content/wowproductimages/medium/622091.jpg",
        "name": "Baxters Caramelised Onion Relish 240g",
        "price": 4.3,
        "unitPrice": "$1.79 / 100G"
    },
    {
        "category": "pantry",
        "href": "https://www.woolworths.com.au/shop/productdetails/583494/woolworths-chocolate-eclair",
        "imgName": "583494.jpg",
        "imgSrc": "https://cdn0.woolworths.media/content/wowproductimages/medium/583494.jpg",
        "name": "Woolworths Chocolate Eclair  200g",
        "price": 2,
        "unitPrice": "$1.00 / 100G"
    },
    {
        "category": "pantry",
        "href": "https://www.woolworths.com.au/shop/productdetails/661768/olina-s-artisan-cracker-fig-and-black-olive",
        "imgName": "661768.jpg",
        "imgSrc": "https://cdn0.woolworths.media/content/wowproductimages/medium/661768.jpg",
        "name": "Olina's Artisan Cracker Fig And Black Olive 100g",
        "price": 4,
        "unitPrice": "$4.00 / 100G"
    },
    {
        "category": "pantry",
        "href": "https://www.woolworths.com.au/shop/productdetails/576098/queen-vanilla-bean-pods",
        "imgName": "576098.jpg",
        "imgSrc": "https://cdn0.woolworths.media/content/wowproductimages/medium/576098.jpg",
        "name": "Queen Vanilla Bean Pods  4g",
        "price": 8,
        "unitPrice": "$200.00 / 100G"
    },
    {
        "category": "pantry",
        "href": "https://www.woolworths.com.au/shop/productdetails/658775/edgell-diced-beetroot",
        "imgName": "658775.jpg",
        "imgSrc": "https://cdn0.woolworths.media/content/wowproductimages/medium/658775.jpg",
        "name": "Edgell Diced Beetroot 425g",
        "price": 2,
        "unitPrice": "$4.71 / 1KG"
    },
    {
        "category": "pantry",
        "href": "https://www.woolworths.com.au/shop/productdetails/522701/nature-valley-peanut-chocolate-protein-nut-bars",
        "imgName": "522701.jpg",
        "imgSrc": "https://cdn0.woolworths.media/content/wowproductimages/medium/522701.jpg",
        "name": "Nature Valley Peanut & Chocolate Protein Nut Bars 4pk 160g",
        "price": 5.3,
        "unitPrice": "$3.31 / 100G"
    },
    {
        "category": "pantry",
        "href": "https://www.woolworths.com.au/shop/productdetails/311488/essentials-diced-tomatoes",
        "imgName": "311488.jpg",
        "imgSrc": "https://cdn0.woolworths.media/content/wowproductimages/medium/311488.jpg",
        "name": "Essentials Diced Tomatoes  400g",
        "price": 0.6,
        "unitPrice": "$1.50 / 1KG"
    },
    {
        "category": "pantry",
        "href": "https://www.woolworths.com.au/shop/productdetails/619420/san-remo-pasta-corrugated-lasagna",
        "imgName": "619420.jpg",
        "imgSrc": "https://cdn0.woolworths.media/content/wowproductimages/medium/619420.jpg",
        "name": "San Remo Pasta Corrugated Lasagna 375g",
        "price": 3.7,
        "unitPrice": "$0.99 / 100G"
    },
    {
        "category": "pantry",
        "href": "https://www.woolworths.com.au/shop/productdetails/603421/woolworths-eucalyptus-drops",
        "imgName": "603421.jpg",
        "imgSrc": "https://cdn0.woolworths.media/content/wowproductimages/medium/603421.jpg",
        "name": "Woolworths Eucalyptus Drops  150g",
        "price": 2,
        "unitPrice": "$1.33 / 100G"
    },
    {
        "category": "pantry",
        "href": "https://www.woolworths.com.au/shop/productdetails/606063/belvita-choc-yoghurt-crunch",
        "imgName": "606063.jpg",
        "imgSrc": "https://cdn0.woolworths.media/content/wowproductimages/medium/606063.jpg",
        "name": "Belvita Choc Yoghurt Crunch 5 pack 253g",
        "price": 4.5,
        "unitPrice": "$1.78 / 100G"
    },
    {
        "category": "pantry",
        "href": "https://www.woolworths.com.au/shop/productdetails/593301/gourmet-garden-oregano-lightly-dried",
        "imgName": "593301.jpg",
        "imgSrc": "https://cdn0.woolworths.media/content/wowproductimages/medium/593301.jpg",
        "name": "Gourmet Garden Oregano Lightly Dried 5g",
        "price": 3.5,
        "unitPrice": "$7.00 / 10G"
    },
    {
        "category": "pantry",
        "href": "https://www.woolworths.com.au/shop/productdetails/573418/macro-tumeric-ginger-almonds",
        "imgName": "573418.jpg",
        "imgSrc": "https://cdn0.woolworths.media/content/wowproductimages/medium/573418.jpg",
        "name": "Macro Tumeric & Ginger Almonds  250g",
        "price": 7.5,
        "unitPrice": "$3.00 / 100G"
    },
    {
        "category": "pantry",
        "href": "https://www.woolworths.com.au/shop/productdetails/922976/pacific-organics-coconut-flour",
        "imgName": "922976.jpg",
        "imgSrc": "https://cdn0.woolworths.media/content/wowproductimages/medium/922976.jpg",
        "name": "Pacific Organics Coconut Flour  400g",
        "price": 4.99,
        "unitPrice": "$1.25 / 100G"
    },
    {
        "category": "pantry",
        "href": "https://www.woolworths.com.au/shop/productdetails/619509/maynards-bassetts-liquorice-allsorts",
        "imgName": "619509.jpg",
        "imgSrc": "https://cdn0.woolworths.media/content/wowproductimages/medium/619509.jpg",
        "name": "Maynards Bassetts Liquorice Allsorts  190g",
        "price": 5.3,
        "unitPrice": "$2.79 / 100G"
    },
    {
        "category": "pantry",
        "href": "https://www.woolworths.com.au/shop/productdetails/631308/macro-apple-cider-vinegar-fire-cider",
        "imgName": "631308.jpg",
        "imgSrc": "https://cdn0.woolworths.media/content/wowproductimages/medium/631308.jpg",
        "name": "Macro Apple Cider Vinegar Fire Cider 500ml",
        "price": 6,
        "unitPrice": "$1.20 / 100ML"
    },
    {
        "category": "pantry",
        "href": "https://www.woolworths.com.au/shop/productdetails/56866/health-rite-vegetable-salt",
        "imgName": "056866.jpg",
        "imgSrc": "https://cdn0.woolworths.media/content/wowproductimages/medium/056866.jpg",
        "name": "Health Rite Vegetable Salt  250g",
        "price": 2.49,
        "unitPrice": "$0.10 / 10G"
    },
    {
        "category": "pantry",
        "href": "https://www.woolworths.com.au/shop/productdetails/236531/ourmate-yeast-extract",
        "imgName": "236531.jpg",
        "imgSrc": "https://cdn0.woolworths.media/content/wowproductimages/medium/236531.jpg",
        "name": "Ourmate Yeast Extract 125g",
        "price": 4.95,
        "unitPrice": "$3.96 / 100G"
    },
    {
        "category": "pantry",
        "href": "https://www.woolworths.com.au/shop/productdetails/467388/fehlbergs-sweet-sour-cucumbers",
        "imgName": "467388.jpg",
        "imgSrc": "https://cdn0.woolworths.media/content/wowproductimages/medium/467388.jpg",
        "name": "Fehlbergs Sweet & Sour Cucumbers  680g",
        "price": 3.25,
        "unitPrice": "$4.78 / 1KG"
    },
    {
        "category": "pantry",
        "href": "https://www.woolworths.com.au/shop/productdetails/663680/tayto-cheese-onion-chips",
        "imgName": "default.png",
        "imgSrc": "https://cdn0.woolworths.media/content/wowproductimages/large/default.png",
        "name": "Tayto Cheese & Onion Chips 35g",
        "price": 1.75,
        "unitPrice": "$5.00 / 100G"
    },
    {
        "category": "pantry",
        "href": "https://www.woolworths.com.au/shop/productdetails/605942/uncle-tobys-o-g-warm-crunchy-granola-cinnamon-apple-raisin",
        "imgName": "605942.jpg",
        "imgSrc": "https://cdn0.woolworths.media/content/wowproductimages/medium/605942.jpg",
        "name": "Uncle Tobys O&g Warm & Crunchy Granola Cinnamon Apple & Raisin 450g",
        "price": 5.99,
        "unitPrice": "$1.33 / 100G"
    },
    {
        "category": "pantry",
        "href": "https://www.woolworths.com.au/shop/productdetails/524431/woolworths-green-stuffed-olives",
        "imgName": "524431.jpg",
        "imgSrc": "https://cdn0.woolworths.media/content/wowproductimages/medium/524431.jpg",
        "name": "Woolworths Green Stuffed Olives 935g",
        "price": 4.1,
        "unitPrice": "$0.44 / 100G"
    },
    {
        "category": "pantry",
        "href": "https://www.woolworths.com.au/shop/productdetails/661863/wallaby-forager-roasted-almonds-with-creme-brulee",
        "imgName": "661863.jpg",
        "imgSrc": "https://cdn0.woolworths.media/content/wowproductimages/medium/661863.jpg",
        "name": "Wallaby Forager Roasted Almonds With Creme Brulee 35g",
        "price": 2,
        "unitPrice": "$57.14 / 1KG"
    },
    {
        "category": "pantry",
        "href": "https://www.woolworths.com.au/shop/productdetails/641690/leda-choc-chip-cookie",
        "imgName": "641690.jpg",
        "imgSrc": "https://cdn0.woolworths.media/content/wowproductimages/medium/641690.jpg",
        "name": "Leda Choc Chip Cookie 155g",
        "price": 2.7,
        "unitPrice": "$1.74 / 100G"
    },
    {
        "category": "pantry",
        "href": "https://www.woolworths.com.au/shop/productdetails/591529/goulburn-valley-diced-mango-in-coconut-water",
        "imgName": "591529.jpg",
        "imgSrc": "https://cdn0.woolworths.media/content/wowproductimages/medium/591529.jpg",
        "name": "Goulburn Valley Diced Mango In Coconut Water 2 pk 340g",
        "price": 4,
        "unitPrice": "$11.76 / 1KG"
    },
    {
        "category": "pantry",
        "href": "https://www.woolworths.com.au/shop/productdetails/524380/be-natural-organics-golden-whole-grain-bites-original",
        "imgName": "524380.jpg",
        "imgSrc": "https://cdn0.woolworths.media/content/wowproductimages/medium/524380.jpg",
        "name": "Be Natural Organics Golden Whole Grain Bites Original 460g",
        "price": 6,
        "unitPrice": "$1.30 / 100G"
    },
    {
        "category": "pantry",
        "href": "https://www.woolworths.com.au/shop/productdetails/626973/obento-ponzu-sauce",
        "imgName": "626973.jpg",
        "imgSrc": "https://cdn0.woolworths.media/content/wowproductimages/medium/626973.jpg",
        "name": "Obento Ponzu Sauce  250ml",
        "price": 3,
        "unitPrice": "$1.20 / 100ML"
    },
    {
        "category": "pantry",
        "href": "https://www.woolworths.com.au/shop/productdetails/609556/jordans-simply-crunchy-oat-granola-honey",
        "imgName": "609556.jpg",
        "imgSrc": "https://cdn0.woolworths.media/content/wowproductimages/medium/609556.jpg",
        "name": "Jordans Simply Crunchy Oat Granola Honey 750g",
        "price": 6.99,
        "unitPrice": "$0.93 / 100G"
    },
    {
        "category": "pantry",
        "href": "https://www.woolworths.com.au/shop/productdetails/662391/healtheries-potato-stix-cheese-flavour",
        "imgName": "662391.jpg",
        "imgSrc": "https://cdn0.woolworths.media/content/wowproductimages/medium/662391.jpg",
        "name": "Healtheries Potato Stix Cheese Flavour 160g",
        "price": 5.29,
        "unitPrice": "$3.31 / 100G"
    },
    {
        "category": "pantry",
        "href": "https://www.woolworths.com.au/shop/productdetails/591649/mccormick-slow-cookers-beef-red-wine",
        "imgName": "591649.jpg",
        "imgSrc": "https://cdn0.woolworths.media/content/wowproductimages/medium/591649.jpg",
        "name": "Mccormick Slow Cookers Beef & Red Wine 40g",
        "price": 1.69,
        "unitPrice": "$4.23 / 100G"
    },
    {
        "category": "pantry",
        "href": "https://www.woolworths.com.au/shop/productdetails/608243/ranchero-smokey-chipotle-sauce",
        "imgName": "608243.jpg",
        "imgSrc": "https://cdn0.woolworths.media/content/wowproductimages/medium/608243.jpg",
        "name": "Ranchero Smokey Chipotle Sauce 270g",
        "price": 4,
        "unitPrice": "$1.48 / 100ML"
    },
    {
        "category": "pantry",
        "href": "https://www.woolworths.com.au/shop/productdetails/583493/woolworths-jersey-caramels",
        "imgName": "583493.jpg",
        "imgSrc": "https://cdn0.woolworths.media/content/wowproductimages/medium/583493.jpg",
        "name": "Woolworths Jersey Caramels  225g",
        "price": 2,
        "unitPrice": "$0.89 / 100G"
    },
    {
        "category": "pantry",
        "href": "https://www.woolworths.com.au/shop/productdetails/750846/tasti-roasted-peanut-protein-bar",
        "imgName": "750846.jpg",
        "imgSrc": "https://cdn0.woolworths.media/content/wowproductimages/medium/750846.jpg",
        "name": "Tasti Roasted Peanut Protein Bar 200g",
        "price": 4.8,
        "unitPrice": "$2.40 / 100G"
    },
    {
        "category": "pantry",
        "href": "https://www.woolworths.com.au/shop/productdetails/635325/sandhurst-balsamic-modena-vinegar-dressing",
        "imgName": "635325.jpg",
        "imgSrc": "https://cdn0.woolworths.media/content/wowproductimages/medium/635325.jpg",
        "name": "Sandhurst Balsamic Modena Vinegar Dressing 250ml",
        "price": 6.5,
        "unitPrice": "$2.60 / 100ML"
    },
    {
        "category": "pantry",
        "href": "https://www.woolworths.com.au/shop/productdetails/579712/capilano-manuka-honey-mgo30-upside-down-honey",
        "imgName": "579712.jpg",
        "imgSrc": "https://cdn0.woolworths.media/content/wowproductimages/medium/579712.jpg",
        "name": "Capilano Manuka Honey Mgo30+ Upside Down Honey 340g",
        "price": 9.99,
        "unitPrice": "$2.94 / 100G"
    },
    {
        "category": "pantry",
        "href": "https://www.woolworths.com.au/shop/productdetails/796519/arnott-s-shapes-light-crispy-honey-bbq-chicken",
        "imgName": "796519.jpg",
        "imgSrc": "https://cdn0.woolworths.media/content/wowproductimages/medium/796519.jpg",
        "name": "Arnott's Shapes Light & Crispy Honey Bbq Chicken 120g",
        "price": 3,
        "unitPrice": "$2.50 / 100G"
    },
    {
        "category": "pantry",
        "href": "https://www.woolworths.com.au/shop/productdetails/489140/ayam-coconut-cream",
        "imgName": "489140.jpg",
        "imgSrc": "https://cdn0.woolworths.media/content/wowproductimages/medium/489140.jpg",
        "name": "Ayam Coconut Cream  400ml",
        "price": 3.5,
        "unitPrice": "$0.88 / 100ML"
    },
    {
        "category": "pantry",
        "href": "https://www.woolworths.com.au/shop/productdetails/638336/shelbys-pistachio-cranberry-himalayan-salt-bar",
        "imgName": "638336.jpg",
        "imgSrc": "https://cdn0.woolworths.media/content/wowproductimages/medium/638336.jpg",
        "name": "Shelbys Pistachio Cranberry & Himalayan Salt Bar 40g",
        "price": 3,
        "unitPrice": "$7.50 / 100G"
    },
    {
        "category": "pantry",
        "href": "https://www.woolworths.com.au/shop/productdetails/340036/san-remo-traditional-egg-pappardelle-pasta",
        "imgName": "340036.jpg",
        "imgSrc": "https://cdn0.woolworths.media/content/wowproductimages/medium/340036.jpg",
        "name": "San Remo Traditional Egg Pappardelle Pasta 375g",
        "price": 3.29,
        "unitPrice": "$0.88 / 100G"
    },
    {
        "category": "pantry",
        "href": "https://www.woolworths.com.au/shop/productdetails/661396/always-fresh-mini-toasts",
        "imgName": "661396.jpg",
        "imgSrc": "https://cdn0.woolworths.media/content/wowproductimages/medium/661396.jpg",
        "name": "Always Fresh Mini Toasts  90g",
        "price": 2,
        "unitPrice": "$2.22 / 100G"
    },
    {
        "category": "pantry",
        "href": "https://www.woolworths.com.au/shop/productdetails/527271/beak-sons-stirfry-sauce-teriyaki",
        "imgName": "527271.jpg",
        "imgSrc": "https://cdn0.woolworths.media/content/wowproductimages/medium/527271.jpg",
        "name": "Beak & Sons Stirfry Sauce Teriyaki 175g",
        "price": 3,
        "unitPrice": "$1.71 / 100G"
    },
    {
        "category": "pantry",
        "href": "https://www.woolworths.com.au/shop/productdetails/608175/ranchero-chipotle-barbecue-sauce",
        "imgName": "608175.jpg",
        "imgSrc": "https://cdn0.woolworths.media/content/wowproductimages/medium/608175.jpg",
        "name": "Ranchero Chipotle Barbecue Sauce 270g",
        "price": 4,
        "unitPrice": "$1.48 / 100G"
    },
    {
        "category": "pantry",
        "href": "https://www.woolworths.com.au/shop/productdetails/631304/macro-brown-rice-quinoa-lightly-salted-chips",
        "imgName": "631304.jpg",
        "imgSrc": "https://cdn0.woolworths.media/content/wowproductimages/medium/631304.jpg",
        "name": "Macro Brown Rice & Quinoa Lightly Salted Chips 100g",
        "price": 4,
        "unitPrice": "$4.00 / 100G"
    },
    {
        "category": "pantry",
        "href": "https://www.woolworths.com.au/shop/productdetails/586419/burger-rings",
        "imgName": "586419.jpg",
        "imgSrc": "https://cdn0.woolworths.media/content/wowproductimages/medium/586419.jpg",
        "name": "Burger Rings   100g",
        "price": 2,
        "unitPrice": "$2.00 / 100G"
    },
    {
        "category": "pantry",
        "href": "https://www.woolworths.com.au/shop/productdetails/608324/table-of-plenty-muesli-pink-apple-almond",
        "imgName": "608324.jpg",
        "imgSrc": "https://cdn0.woolworths.media/content/wowproductimages/medium/608324.jpg",
        "name": "Table Of Plenty Muesli Pink Apple & Almond 500g",
        "price": 5.69,
        "unitPrice": "$1.14 / 100G"
    },
    {
        "category": "pantry",
        "href": "https://www.woolworths.com.au/shop/productdetails/698869/woolworths-select-peanut-oil",
        "imgName": "698869.jpg",
        "imgSrc": "https://cdn0.woolworths.media/content/wowproductimages/medium/698869.jpg",
        "name": "Woolworths Select Peanut Oil 740ml",
        "price": 5.2,
        "unitPrice": "$0.70 / 100ML"
    },
    {
        "category": "pantry",
        "href": "https://www.woolworths.com.au/shop/productdetails/838840/amys-kitchen-canned-soup-organic-cream-of-mushroom",
        "imgName": "838840.jpg",
        "imgSrc": "https://cdn0.woolworths.media/content/wowproductimages/medium/838840.jpg",
        "name": "Amys Kitchen Canned Soup Organic Cream Of Mushroom 400g",
        "price": 3.9,
        "unitPrice": "$0.98 / 100G"
    },
    {
        "category": "pantry",
        "href": "https://www.woolworths.com.au/shop/productdetails/741011/natvia-sweetener-sticks",
        "imgName": "741011.jpg",
        "imgSrc": "https://cdn0.woolworths.media/content/wowproductimages/medium/741011.jpg",
        "name": "Natvia Sweetener Sticks 40pk 120g",
        "price": 4.5,
        "unitPrice": "$5.63 / 100G"
    },
    {
        "category": "pantry",
        "href": "https://www.woolworths.com.au/shop/productdetails/658728/grinders-crema-capsules",
        "imgName": "658728.jpg",
        "imgSrc": "https://cdn0.woolworths.media/content/wowproductimages/medium/658728.jpg",
        "name": "Grinders Crema Capsules 10pk",
        "price": 6.5,
        "unitPrice": "$0.65 / 1EA"
    },
    {
        "category": "pantry",
        "href": "https://www.woolworths.com.au/shop/productdetails/634398/gullon-vanilla-wafer-sugar-free",
        "imgName": "634398.jpg",
        "imgSrc": "https://cdn0.woolworths.media/content/wowproductimages/medium/634398.jpg",
        "name": "Gullon Vanilla Wafer Sugar Free 210g",
        "price": 4,
        "unitPrice": "$1.90 / 100G"
    },
    {
        "category": "pantry",
        "href": "https://www.woolworths.com.au/shop/productdetails/662566/dr-oetker-ready-to-roll-icing-inspiration",
        "imgName": "662566.jpg",
        "imgSrc": "https://cdn0.woolworths.media/content/wowproductimages/medium/662566.jpg",
        "name": "Dr. Oetker Ready To Roll Icing Inspiration 375g",
        "price": 5,
        "unitPrice": "$1.33 / 100G"
    },
    {
        "category": "pantry",
        "href": "https://www.woolworths.com.au/shop/productdetails/583495/woolworths-liquorice-allsorts",
        "imgName": "583495.jpg",
        "imgSrc": "https://cdn0.woolworths.media/content/wowproductimages/medium/583495.jpg",
        "name": "Woolworths Liquorice Allsorts 380g",
        "price": 2,
        "unitPrice": "$0.53 / 100G"
    },
    {
        "category": "pantry",
        "href": "https://www.woolworths.com.au/shop/productdetails/610192/woolworths-strawberry-flavoured-topping",
        "imgName": "610192.jpg",
        "imgSrc": "https://cdn0.woolworths.media/content/wowproductimages/medium/610192.jpg",
        "name": "Woolworths Strawberry Flavoured Topping 620g",
        "price": 2.8,
        "unitPrice": "$0.45 / 100G"
    },
    {
        "category": "pantry",
        "href": "https://www.woolworths.com.au/shop/productdetails/592092/woolworths-snakes",
        "imgName": "592092.jpg",
        "imgSrc": "https://cdn0.woolworths.media/content/wowproductimages/medium/592092.jpg",
        "name": "Woolworths Snakes  650g",
        "price": 3,
        "unitPrice": "$0.46 / 100G"
    },
    {
        "category": "pantry",
        "href": "https://www.woolworths.com.au/shop/productdetails/527329/woolworths-soy-sauce",
        "imgName": "527329.jpg",
        "imgSrc": "https://cdn0.woolworths.media/content/wowproductimages/medium/527329.jpg",
        "name": "Woolworths Soy Sauce  500ml",
        "price": 1.9,
        "unitPrice": "$0.38 / 100ML"
    },
    {
        "category": "pantry",
        "href": "https://www.woolworths.com.au/shop/productdetails/626894/ayam-pure-sesame-oil",
        "imgName": "626894.jpg",
        "imgSrc": "https://cdn0.woolworths.media/content/wowproductimages/medium/626894.jpg",
        "name": "Ayam Pure Sesame Oil  420ml",
        "price": 8,
        "unitPrice": "$1.90 / 100ML"
    },
    {
        "category": "pantry",
        "href": "https://www.woolworths.com.au/shop/productdetails/549096/john-west-sardines-lemon-garlic-chilli",
        "imgName": "549096.jpg",
        "imgSrc": "https://cdn0.woolworths.media/content/wowproductimages/medium/549096.jpg",
        "name": "John West Sardines Lemon Garlic & Chilli 110g",
        "price": 2.7,
        "unitPrice": "$24.55 / 1KG"
    },
    {
        "category": "pantry",
        "href": "https://www.woolworths.com.au/shop/productdetails/532556/dorset-cereals-luscious-berries-cherries-muesli",
        "imgName": "532556.jpg",
        "imgSrc": "https://cdn0.woolworths.media/content/wowproductimages/medium/532556.jpg",
        "name": "Dorset Cereals Luscious Berries & Cherries Muesli 540g",
        "price": 8.3,
        "unitPrice": "$1.54 / 100G"
    },
    {
        "category": "pantry",
        "href": "https://www.woolworths.com.au/shop/productdetails/522882/kellogg-s-breakfast-biscuits-gluten-free-apricot-fig-raisin",
        "imgName": "522882.jpg",
        "imgSrc": "https://cdn0.woolworths.media/content/wowproductimages/medium/522882.jpg",
        "name": "Kellogg\u2019s Breakfast Biscuits Gluten Free Apricot Fig & Raisin 5pk 200g",
        "price": 5,
        "unitPrice": "$2.50 / 100G"
    },
    {
        "category": "pantry",
        "href": "https://www.woolworths.com.au/shop/productdetails/574874/hoyts-cinnamon-sticks",
        "imgName": "574874.jpg",
        "imgSrc": "https://cdn0.woolworths.media/content/wowproductimages/medium/574874.jpg",
        "name": "Hoyts Cinnamon Sticks  45g",
        "price": 5.09,
        "unitPrice": "$1.13 / 10G"
    },
    {
        "category": "pantry",
        "href": "https://www.woolworths.com.au/shop/productdetails/873022/woolworths-herring-fillets-in-brine",
        "imgName": "873022.jpg",
        "imgSrc": "https://cdn0.woolworths.media/content/wowproductimages/medium/873022.jpg",
        "name": "Woolworths Herring Fillets In Brine  200g",
        "price": 2,
        "unitPrice": "$10.00 / 1KG"
    },
    {
        "category": "pantry",
        "href": "https://www.woolworths.com.au/shop/productdetails/580620/masterfoods-paprika-smoked",
        "imgName": "580620.jpg",
        "imgSrc": "https://cdn0.woolworths.media/content/wowproductimages/medium/580620.jpg",
        "name": "Masterfoods Paprika Smoked  35g",
        "price": 3.3,
        "unitPrice": "$0.94 / 10G"
    },
    {
        "category": "pantry",
        "href": "https://www.woolworths.com.au/shop/productdetails/622040/baxters-fig-date-balsamic-chutney",
        "imgName": "622040.jpg",
        "imgSrc": "https://cdn0.woolworths.media/content/wowproductimages/medium/622040.jpg",
        "name": "Baxters Fig & Date Balsamic Chutney 235g",
        "price": 4.3,
        "unitPrice": "$1.83 / 100G"
    },
    {
        "category": "pantry",
        "href": "https://www.woolworths.com.au/shop/productdetails/634102/woolworths-muesli-bar-yoghurt-raspberry",
        "imgName": "634102.jpg",
        "imgSrc": "https://cdn0.woolworths.media/content/wowproductimages/medium/634102.jpg",
        "name": "Woolworths Muesli Bar Yoghurt & Raspberry 185g 6pk",
        "price": 2.3,
        "unitPrice": "$1.24 / 100G"
    },
    {
        "category": "pantry",
        "href": "https://www.woolworths.com.au/shop/productdetails/578418/kurrajong-kitchen-lavosh-snack-twin-pack",
        "imgName": "578418.jpg",
        "imgSrc": "https://cdn0.woolworths.media/content/wowproductimages/medium/578418.jpg",
        "name": "Kurrajong Kitchen Lavosh Snack Twin Pack 2pk 100g",
        "price": 3,
        "unitPrice": "$3.00 / 100G"
    },
    {
        "category": "pantry",
        "href": "https://www.woolworths.com.au/shop/productdetails/933674/map-clean-bean-descaler",
        "imgName": "933674.jpg",
        "imgSrc": "https://cdn0.woolworths.media/content/wowproductimages/medium/933674.jpg",
        "name": "Map Clean Bean Descaler  250ml",
        "price": 7,
        "unitPrice": "$2.80 / 100ML"
    },
    {
        "category": "pantry",
        "href": "https://www.woolworths.com.au/shop/productdetails/662402/queen-unicorn-dream-flavour-for-icing",
        "imgName": "662402.jpg",
        "imgSrc": "https://cdn0.woolworths.media/content/wowproductimages/medium/662402.jpg",
        "name": "Queen Unicorn Dream Flavour For Icing 50ml",
        "price": 2,
        "unitPrice": "$4.00 / 100ML"
    },
    {
        "category": "pantry",
        "href": "https://www.woolworths.com.au/shop/productdetails/569191/masterfoods-tuscan-meatballs",
        "imgName": "569191.jpg",
        "imgSrc": "https://cdn0.woolworths.media/content/wowproductimages/medium/569191.jpg",
        "name": "Masterfoods Tuscan Meatballs  500g",
        "price": 3.69,
        "unitPrice": "$0.74 / 100G"
    },
    {
        "category": "pantry",
        "href": "https://www.woolworths.com.au/shop/productdetails/825219/woolworths-gold-gouda-edam-butter-bites",
        "imgName": "825219.jpg",
        "imgSrc": "https://cdn0.woolworths.media/content/wowproductimages/medium/825219.jpg",
        "name": "Woolworths Gold Gouda & Edam Butter Bites 100g",
        "price": 3,
        "unitPrice": "$3.00 / 100G"
    },
    {
        "category": "pantry",
        "href": "https://www.woolworths.com.au/shop/productdetails/526262/woolworths-superfood-mix",
        "imgName": "526262.jpg",
        "imgSrc": "https://cdn0.woolworths.media/content/wowproductimages/medium/526262.jpg",
        "name": "Woolworths Superfood Mix  200g",
        "price": 6,
        "unitPrice": "$30.00 / 1KG"
    },
    {
        "category": "pantry",
        "href": "https://www.woolworths.com.au/shop/productdetails/24258/sunbeam-currants",
        "imgName": "024258.jpg",
        "imgSrc": "https://cdn0.woolworths.media/content/wowproductimages/medium/024258.jpg",
        "name": "Sunbeam Currants  300g",
        "price": 4,
        "unitPrice": "$13.33 / 1KG"
    },
    {
        "category": "pantry",
        "href": "https://www.woolworths.com.au/shop/productdetails/98571/leggo-s-pizza-paste-pizza",
        "imgName": "098571.jpg",
        "imgSrc": "https://cdn0.woolworths.media/content/wowproductimages/medium/098571.jpg",
        "name": "Leggo's Pizza Paste Pizza 280g",
        "price": 2.8,
        "unitPrice": "$1.00 / 100G"
    },
    {
        "category": "pantry",
        "href": "https://www.woolworths.com.au/shop/productdetails/446239/pepper-pig-sultanas-yoghurt-coated",
        "imgName": "446239.jpg",
        "imgSrc": "https://cdn0.woolworths.media/content/wowproductimages/medium/446239.jpg",
        "name": "Pepper Pig Sultanas Yoghurt Coated 6x30g",
        "price": 3.6,
        "unitPrice": "$20.00 / 1KG"
    },
    {
        "category": "pantry",
        "href": "https://www.woolworths.com.au/shop/productdetails/370259/campbell-s-country-ladle-canned-soup-chicken-noodle",
        "imgName": "370259.jpg",
        "imgSrc": "https://cdn0.woolworths.media/content/wowproductimages/medium/370259.jpg",
        "name": "Campbell's Country Ladle Canned Soup Chicken Noodle 500g",
        "price": 3.29,
        "unitPrice": "$0.66 / 100G"
    },
    {
        "category": "pantry",
        "href": "https://www.woolworths.com.au/shop/productdetails/661671/betty-crocker-limited-edition-salted-caramel-cookie-mix",
        "imgName": "661671.jpg",
        "imgSrc": "https://cdn0.woolworths.media/content/wowproductimages/medium/661671.jpg",
        "name": "Betty Crocker Limited Edition Salted Caramel Cookie Mix 400g",
        "price": 5.2,
        "unitPrice": "$1.30 / 100G"
    },
    {
        "category": "pantry",
        "href": "https://www.woolworths.com.au/shop/productdetails/173849/weight-watchers-apple-crumble-bars",
        "imgName": "173849.jpg",
        "imgSrc": "https://cdn0.woolworths.media/content/wowproductimages/medium/173849.jpg",
        "name": "Weight Watchers Apple Crumble Bars 240g",
        "price": 4,
        "unitPrice": "$1.67 / 100G"
    },
    {
        "category": "pantry",
        "href": "https://www.woolworths.com.au/shop/productdetails/610191/woolworths-caramel-flavoured-topping",
        "imgName": "610191.jpg",
        "imgSrc": "https://cdn0.woolworths.media/content/wowproductimages/medium/610191.jpg",
        "name": "Woolworths Caramel Flavoured Topping 640g",
        "price": 2.8,
        "unitPrice": "$0.44 / 100G"
    },
    {
        "category": "pantry",
        "href": "https://www.woolworths.com.au/shop/productdetails/717762/obento-japanese-sushi-sashimi-soy-sauce",
        "imgName": "717762.jpg",
        "imgSrc": "https://cdn0.woolworths.media/content/wowproductimages/medium/717762.jpg",
        "name": "Obento Japanese Sushi & Sashimi Soy Sauce 250ml",
        "price": 3,
        "unitPrice": "$1.20 / 100ML"
    },
    {
        "category": "pantry",
        "href": "https://www.woolworths.com.au/shop/productdetails/45931/campbell-s-country-ladle-canned-soup-farmhouse-vegetable",
        "imgName": "045931.jpg",
        "imgSrc": "https://cdn0.woolworths.media/content/wowproductimages/medium/045931.jpg",
        "name": "Campbell's Country Ladle Canned Soup Farmhouse Vegetable 495g",
        "price": 3.29,
        "unitPrice": "$0.66 / 100G"
    },
    {
        "category": "pantry",
        "href": "https://www.woolworths.com.au/shop/productdetails/310694/john-west-tuna-sweet-corn-mayonnaise",
        "imgName": "310694.jpg",
        "imgSrc": "https://cdn0.woolworths.media/content/wowproductimages/medium/310694.jpg",
        "name": "John West Tuna Sweet Corn & Mayonnaise 95g",
        "price": 2,
        "unitPrice": "$21.05 / 1KG"
    },
    {
        "category": "pantry",
        "href": "https://www.woolworths.com.au/shop/productdetails/664684/fibre-one-salted-caramel-muesli-bars",
        "imgName": "664684.jpg",
        "imgSrc": "https://cdn0.woolworths.media/content/wowproductimages/medium/664684.jpg",
        "name": "Fibre One Salted Caramel Muesli Bars 120g",
        "price": 5.5,
        "unitPrice": "$4.58 / 100G"
    },
    {
        "category": "pantry",
        "href": "https://www.woolworths.com.au/shop/productdetails/665504/carman-s-oat-slice-bites-variety-pack",
        "imgName": "665504.jpg",
        "imgSrc": "https://cdn0.woolworths.media/content/wowproductimages/medium/665504.jpg",
        "name": "Carman's Oat Slice Bites Variety Pack 320g",
        "price": 10,
        "unitPrice": "$3.13 / 100G"
    },
    {
        "category": "pantry",
        "href": "https://www.woolworths.com.au/shop/productdetails/798038/squeaky-gate-extra-virgin-olive-oil-the-unsung-hero",
        "imgName": "798038.jpg",
        "imgSrc": "https://cdn0.woolworths.media/content/wowproductimages/medium/798038.jpg",
        "name": "Squeaky Gate Extra Virgin Olive Oil The Unsung Hero 750ml",
        "price": 8,
        "unitPrice": "$1.07 / 100ML"
    },
    {
        "category": "pantry",
        "href": "https://www.woolworths.com.au/shop/productdetails/862909/tcc-coconut-cream",
        "imgName": "862909.jpg",
        "imgSrc": "https://cdn0.woolworths.media/content/wowproductimages/medium/862909.jpg",
        "name": "Tcc Coconut Cream  400ml",
        "price": 2,
        "unitPrice": "$0.50 / 100G"
    },
    {
        "category": "pantry",
        "href": "https://www.woolworths.com.au/shop/productdetails/575094/betty-crocker-lemon-coconut-cake-mix",
        "imgName": "575094.jpg",
        "imgSrc": "https://cdn0.woolworths.media/content/wowproductimages/medium/575094.jpg",
        "name": "Betty Crocker Lemon Coconut Cake Mix 540g",
        "price": 5.2,
        "unitPrice": "$0.96 / 100G"
    },
    {
        "category": "pantry",
        "href": "https://www.woolworths.com.au/shop/productdetails/249573/massel-liquid-stock-chicken",
        "imgName": "249573.jpg",
        "imgSrc": "https://cdn0.woolworths.media/content/wowproductimages/medium/249573.jpg",
        "name": "Massel Liquid Stock Chicken 1l",
        "price": 3.8,
        "unitPrice": "$0.38 / 100ML"
    },
    {
        "category": "pantry",
        "href": "https://www.woolworths.com.au/shop/productdetails/594617/spc-diced-fruit-salad",
        "imgName": "594617.jpg",
        "imgSrc": "https://cdn0.woolworths.media/content/wowproductimages/medium/594617.jpg",
        "name": "Spc Diced Fruit Salad  8x120g",
        "price": 7.2,
        "unitPrice": "$7.50 / 1KG"
    },
    {
        "category": "pantry",
        "href": "https://www.woolworths.com.au/shop/productdetails/318603/kikkoman-sauce-tamari",
        "imgName": "318603.jpg",
        "imgSrc": "https://cdn0.woolworths.media/content/wowproductimages/medium/318603.jpg",
        "name": "Kikkoman Sauce Tamari 250ml",
        "price": 5.2,
        "unitPrice": "$2.08 / 100ML"
    },
    {
        "category": "pantry",
        "href": "https://www.woolworths.com.au/shop/productdetails/435310/carmans-super-berry-coconut-gourmet-porridge-sachets",
        "imgName": "435310.jpg",
        "imgSrc": "https://cdn0.woolworths.media/content/wowproductimages/medium/435310.jpg",
        "name": "Carmans Super Berry & Coconut Gourmet Porridge Sachets 320g",
        "price": 5.7,
        "unitPrice": "$1.78 / 100G"
    },
    {
        "category": "pantry",
        "href": "https://www.woolworths.com.au/shop/productdetails/252264/john-west-tuna-tempters-mango-chilli",
        "imgName": "252264.jpg",
        "imgSrc": "https://cdn0.woolworths.media/content/wowproductimages/medium/252264.jpg",
        "name": "John West Tuna Tempters Mango Chilli 95g",
        "price": 2,
        "unitPrice": "$21.05 / 1KG"
    },
    {
        "category": "pantry",
        "href": "https://www.woolworths.com.au/shop/productdetails/514870/uncle-tobys-o-g-bircher-muesli-apple-pecan-coconut",
        "imgName": "514870.jpg",
        "imgSrc": "https://cdn0.woolworths.media/content/wowproductimages/medium/514870.jpg",
        "name": "Uncle Tobys O&g Bircher Muesli Apple Pecan & Coconut 400g",
        "price": 5.69,
        "unitPrice": "$1.42 / 100G"
    },
    {
        "category": "pantry",
        "href": "https://www.woolworths.com.au/shop/productdetails/842370/ecostore-volumising-conditioner",
        "imgName": "842370.jpg",
        "imgSrc": "https://cdn0.woolworths.media/content/wowproductimages/medium/842370.jpg",
        "name": "Ecostore Volumising Conditioner  220ml",
        "price": 10,
        "unitPrice": "$4.55 / 100ML"
    },
    {
        "category": "pantry",
        "href": "https://www.woolworths.com.au/shop/productdetails/21945/nissin-chicken-instant-noodles",
        "imgName": "021945.jpg",
        "imgSrc": "https://cdn0.woolworths.media/content/wowproductimages/medium/021945.jpg",
        "name": "Nissin Chicken Instant Noodles 100g",
        "price": 1.3,
        "unitPrice": "$1.30 / 100G"
    },
    {
        "category": "pantry",
        "href": "https://www.woolworths.com.au/shop/productdetails/57198/ayam-coconut-milk",
        "imgName": "057198.jpg",
        "imgSrc": "https://cdn0.woolworths.media/content/wowproductimages/medium/057198.jpg",
        "name": "Ayam Coconut Milk 270ml",
        "price": 2.4,
        "unitPrice": "$0.89 / 100ML"
    },
    {
        "category": "pantry",
        "href": "https://www.woolworths.com.au/shop/productdetails/315274/table-of-plenty-velvety-vanilla-muesli",
        "imgName": "315274.jpg",
        "imgSrc": "https://cdn0.woolworths.media/content/wowproductimages/medium/315274.jpg",
        "name": "Table Of Plenty Velvety Vanilla Muesli 500g",
        "price": 5.69,
        "unitPrice": "$1.14 / 100G"
    },
    {
        "category": "pantry",
        "href": "https://www.woolworths.com.au/shop/productdetails/476441/woolworths-himalayan-pink-fine-table-salt",
        "imgName": "476441.jpg",
        "imgSrc": "https://cdn0.woolworths.media/content/wowproductimages/medium/476441.jpg",
        "name": "Woolworths Himalayan Pink Fine Table Salt 750g",
        "price": 3.99,
        "unitPrice": "$0.05 / 10G"
    },
    {
        "category": "pantry",
        "href": "https://www.woolworths.com.au/shop/productdetails/726370/woolworths-select-mixed-nuts-trail-mix",
        "imgName": "726370.jpg",
        "imgSrc": "https://cdn0.woolworths.media/content/wowproductimages/medium/726370.jpg",
        "name": "Woolworths Select Mixed Nuts Trail Mix 225g",
        "price": 4,
        "unitPrice": "$17.78 / 1KG"
    },
    {
        "category": "pantry",
        "href": "https://www.woolworths.com.au/shop/productdetails/279821/hoyts-star-anise-whole",
        "imgName": "279821.jpg",
        "imgSrc": "https://cdn0.woolworths.media/content/wowproductimages/medium/279821.jpg",
        "name": "Hoyts Star Anise Whole 12g",
        "price": 2.3,
        "unitPrice": "$1.92 / 10G"
    },
    {
        "category": "pantry",
        "href": "https://www.woolworths.com.au/shop/productdetails/632126/birch-waite-french-dressing",
        "imgName": "632126.jpg",
        "imgSrc": "https://cdn0.woolworths.media/content/wowproductimages/medium/632126.jpg",
        "name": "Birch & Waite French Dressing  250ml",
        "price": 5,
        "unitPrice": "$2.00 / 100ML"
    },
    {
        "category": "pantry",
        "href": "https://www.woolworths.com.au/shop/productdetails/784192/culley-s-chipotle-hot-sauce",
        "imgName": "784192.jpg",
        "imgSrc": "https://cdn0.woolworths.media/content/wowproductimages/medium/784192.jpg",
        "name": "Culley's Chipotle Hot Sauce 700ml",
        "price": 4.9,
        "unitPrice": "$3.27 / 100ML"
    },
    {
        "category": "pantry",
        "href": "https://www.woolworths.com.au/shop/productdetails/700640/macro-organic-beans-red-kidney",
        "imgName": "700640.jpg",
        "imgSrc": "https://cdn0.woolworths.media/content/wowproductimages/medium/700640.jpg",
        "name": "Macro Organic Beans Red Kidney 425g",
        "price": 1.3,
        "unitPrice": "$3.06 / 1KG"
    },
    {
        "category": "pantry",
        "href": "https://www.woolworths.com.au/shop/productdetails/369528/woolworths-cranberries",
        "imgName": "369528.jpg",
        "imgSrc": "https://cdn0.woolworths.media/content/wowproductimages/medium/369528.jpg",
        "name": "Woolworths Cranberries  200g",
        "price": 6,
        "unitPrice": "$30.00 / 1KG"
    },
    {
        "category": "pantry",
        "href": "https://www.woolworths.com.au/shop/productdetails/76988/pataks-paste-curry-vindaloo",
        "imgName": "076988.jpg",
        "imgSrc": "https://cdn0.woolworths.media/content/wowproductimages/medium/076988.jpg",
        "name": "Pataks Paste Curry Vindaloo 283g",
        "price": 5.5,
        "unitPrice": "$1.94 / 100G"
    },
    {
        "category": "pantry",
        "href": "https://www.woolworths.com.au/shop/productdetails/322473/csr-raw-sugar-low-gi-cane",
        "imgName": "322473.jpg",
        "imgSrc": "https://cdn0.woolworths.media/content/wowproductimages/medium/322473.jpg",
        "name": "Csr Raw Sugar Low Gi Cane 750g",
        "price": 3.3,
        "unitPrice": "$0.44 / 100G"
    },
    {
        "category": "pantry",
        "href": "https://www.woolworths.com.au/shop/productdetails/894688/macro-organic-honey",
        "imgName": "894688.jpg",
        "imgSrc": "https://cdn0.woolworths.media/content/wowproductimages/medium/894688.jpg",
        "name": "Macro Organic Honey 400g",
        "price": 6,
        "unitPrice": "$1.50 / 100G"
    },
    {
        "category": "pantry",
        "href": "https://www.woolworths.com.au/shop/productdetails/86610/leggo-s-tomato-puree",
        "imgName": "086610.jpg",
        "imgSrc": "https://cdn0.woolworths.media/content/wowproductimages/medium/086610.jpg",
        "name": "Leggo's Tomato Puree  410g",
        "price": 1.7,
        "unitPrice": "$0.41 / 100G"
    },
    {
        "category": "pantry",
        "href": "https://www.woolworths.com.au/shop/productdetails/491614/dollar-sweets-100s-1000s-jar",
        "imgName": "491614.jpg",
        "imgSrc": "https://cdn0.woolworths.media/content/wowproductimages/medium/491614.jpg",
        "name": "Dollar Sweets 100s & 1000s Jar  155g",
        "price": 3.5,
        "unitPrice": "$2.26 / 100G"
    },
    {
        "category": "pantry",
        "href": "https://www.woolworths.com.au/shop/productdetails/368721/woolworths-roasted-cashews",
        "imgName": "368721.jpg",
        "imgSrc": "https://cdn0.woolworths.media/content/wowproductimages/medium/368721.jpg",
        "name": "Woolworths Roasted Cashews  200g pack",
        "price": 6,
        "unitPrice": "$30.00 / 1KG"
    },
    {
        "category": "pantry",
        "href": "https://www.woolworths.com.au/shop/productdetails/521390/choice-beef-noodle-cup",
        "imgName": "521390.jpg",
        "imgSrc": "https://cdn0.woolworths.media/content/wowproductimages/medium/521390.jpg",
        "name": "Choice Beef Noodle Cup 70g",
        "price": 0.72,
        "unitPrice": "$1.03 / 100G"
    },
    {
        "category": "pantry",
        "href": "https://www.woolworths.com.au/shop/productdetails/228764/white-wings-plain-flour-wholemeal",
        "imgName": "228764.jpg",
        "imgSrc": "https://cdn0.woolworths.media/content/wowproductimages/medium/228764.jpg",
        "name": "White Wings Plain Flour Wholemeal 1kg",
        "price": 3.1,
        "unitPrice": "$3.10 / 1KG"
    },
    {
        "category": "pantry",
        "href": "https://www.woolworths.com.au/shop/productdetails/308172/savour-snacks-peas-wasabi-flavoured",
        "imgName": "308172.jpg",
        "imgSrc": "https://cdn0.woolworths.media/content/wowproductimages/medium/308172.jpg",
        "name": "Savour Snacks Peas Wasabi Flavoured 100g",
        "price": 1.95,
        "unitPrice": "$19.50 / 1KG"
    },
    {
        "category": "pantry",
        "href": "https://www.woolworths.com.au/shop/productdetails/313546/hikari-japanese-paste-white-miso",
        "imgName": "313546.jpg",
        "imgSrc": "https://cdn0.woolworths.media/content/wowproductimages/medium/313546.jpg",
        "name": "Hikari Japanese Paste White Miso 400g",
        "price": 4.2,
        "unitPrice": "$1.05 / 100G"
    },
    {
        "category": "pantry",
        "href": "https://www.woolworths.com.au/shop/productdetails/111509/queen-essences-coconut-flavour-natural",
        "imgName": "111509.jpg",
        "imgSrc": "https://cdn0.woolworths.media/content/wowproductimages/medium/111509.jpg",
        "name": "Queen Essences Coconut Flavour Natural 50ml",
        "price": 1.1,
        "unitPrice": "$0.22 / 10ML"
    },
    {
        "category": "pantry",
        "href": "https://www.woolworths.com.au/shop/productdetails/15226/lee-kum-kee-sauce-stir-fry-cantonese-chicken",
        "imgName": "015226.jpg",
        "imgSrc": "https://cdn0.woolworths.media/content/wowproductimages/medium/015226.jpg",
        "name": "Lee Kum Kee Sauce Stir Fry Cantonese Chicken 120g",
        "price": 2.2,
        "unitPrice": "$1.83 / 100G"
    },
    {
        "category": "pantry",
        "href": "https://www.woolworths.com.au/shop/productdetails/896183/woolworths-morning-balance-flakes-original",
        "imgName": "896183.jpg",
        "imgSrc": "https://cdn0.woolworths.media/content/wowproductimages/medium/896183.jpg",
        "name": "Woolworths Morning Balance Flakes Original 500g",
        "price": 4,
        "unitPrice": "$0.80 / 100G"
    },
    {
        "category": "pantry",
        "href": "https://www.woolworths.com.au/shop/productdetails/740180/woolworths-select-chocolate-and-nut-bars",
        "imgName": "740180.jpg",
        "imgSrc": "https://cdn0.woolworths.media/content/wowproductimages/medium/740180.jpg",
        "name": "Woolworths Select Chocolate And Nut Bars  4x160g",
        "price": 4,
        "unitPrice": "$2.50 / 100G"
    },
    {
        "category": "pantry",
        "href": "https://www.woolworths.com.au/shop/productdetails/521393/choice-mi-goreng-noodle-cup",
        "imgName": "521393.jpg",
        "imgSrc": "https://cdn0.woolworths.media/content/wowproductimages/medium/521393.jpg",
        "name": "Choice Mi Goreng Noodle Cup 70g",
        "price": 1,
        "unitPrice": "$1.43 / 100G"
    },
    {
        "category": "pantry",
        "href": "https://www.woolworths.com.au/shop/productdetails/612562/sugarine-sweetener-tablets",
        "imgName": "612562.jpg",
        "imgSrc": "https://cdn0.woolworths.media/content/wowproductimages/medium/612562.jpg",
        "name": "Sugarine Sweetener Tablets  600pk",
        "price": 5.7,
        "unitPrice": "$71.25 / 100G"
    },
    {
        "category": "pantry",
        "href": "https://www.woolworths.com.au/shop/productdetails/937713/coco-earth-premium-liquid-coconut-oil",
        "imgName": "937713.jpg",
        "imgSrc": "https://cdn0.woolworths.media/content/wowproductimages/medium/937713.jpg",
        "name": "Coco Earth Premium Liquid Coconut Oil 500ml",
        "price": 13,
        "unitPrice": "$2.60 / 100ML"
    },
    {
        "category": "pantry",
        "href": "https://www.woolworths.com.au/shop/productdetails/702323/obento-japanese-panko-breadcrumbs",
        "imgName": "702323.jpg",
        "imgSrc": "https://cdn0.woolworths.media/content/wowproductimages/medium/702323.jpg",
        "name": "Obento Japanese Panko Breadcrumbs 200g",
        "price": 2.3,
        "unitPrice": "$1.15 / 100G"
    },
    {
        "category": "pantry",
        "href": "https://www.woolworths.com.au/shop/productdetails/941242/sunbeam-gourmet-mixed-fruit",
        "imgName": "941242.jpg",
        "imgSrc": "https://cdn0.woolworths.media/content/wowproductimages/medium/941242.jpg",
        "name": "Sunbeam Gourmet Mixed Fruit  500g",
        "price": 7,
        "unitPrice": "$14.00 / 1KG"
    },
    {
        "category": "pantry",
        "href": "https://www.woolworths.com.au/shop/productdetails/32374/aristocrat-onions-cocktail-green",
        "imgName": "032374.jpg",
        "imgSrc": "https://cdn0.woolworths.media/content/wowproductimages/medium/032374.jpg",
        "name": "Aristocrat Onions Cocktail Green 150g",
        "price": 2,
        "unitPrice": "$13.33 / 1KG"
    },
    {
        "category": "pantry",
        "href": "https://www.woolworths.com.au/shop/productdetails/744243/pandaroo-lite-coconut-milk",
        "imgName": "744243.jpg",
        "imgSrc": "https://cdn0.woolworths.media/content/wowproductimages/medium/744243.jpg",
        "name": "Pandaroo Lite Coconut Milk 165ml",
        "price": 1.05,
        "unitPrice": "$0.64 / 100ML"
    },
    {
        "category": "pantry",
        "href": "https://www.woolworths.com.au/shop/productdetails/619819/always-fresh-pitted-kalamata-olives",
        "imgName": "619819.jpg",
        "imgSrc": "https://cdn0.woolworths.media/content/wowproductimages/medium/619819.jpg",
        "name": "Always Fresh Pitted Kalamata Olives  50g",
        "price": 2,
        "unitPrice": "$4.00 / 100G"
    },
    {
        "category": "pantry",
        "href": "https://www.woolworths.com.au/shop/productdetails/651473/peckish-rice-crackers-double-up-salt-vinegar",
        "imgName": "651473.jpg",
        "imgSrc": "https://cdn0.woolworths.media/content/wowproductimages/medium/651473.jpg",
        "name": "Peckish Rice Crackers Double Up Salt & Vinegar 200g",
        "price": 3.5,
        "unitPrice": "$1.75 / 100G"
    },
    {
        "category": "pantry",
        "href": "https://www.woolworths.com.au/shop/productdetails/608248/mission-white-strip-corn-chips",
        "imgName": "608248.jpg",
        "imgSrc": "https://cdn0.woolworths.media/content/wowproductimages/medium/608248.jpg",
        "name": "Mission White Strip Corn Chips 500g",
        "price": 5.5,
        "unitPrice": "$1.10 / 100G"
    },
    {
        "category": "pantry",
        "href": "https://www.woolworths.com.au/shop/productdetails/257884/dollar-sweets-sprinkles-fairy-5s",
        "imgName": "257884.jpg",
        "imgSrc": "https://cdn0.woolworths.media/content/wowproductimages/medium/257884.jpg",
        "name": "Dollar Sweets Sprinkles Fairy 5s 140g",
        "price": 2,
        "unitPrice": "$1.43 / 100G"
    },
    {
        "category": "pantry",
        "href": "https://www.woolworths.com.au/shop/productdetails/219059/arnott-s-snack-right-wild-berry",
        "imgName": "219059.jpg",
        "imgSrc": "https://cdn0.woolworths.media/content/wowproductimages/medium/219059.jpg",
        "name": "Arnott's Snack Right Wild Berry 250g",
        "price": 4.2,
        "unitPrice": "$1.68 / 100G"
    },
    {
        "category": "pantry",
        "href": "https://www.woolworths.com.au/shop/productdetails/573988/dollar-sweets-edible-glue",
        "imgName": "573988.jpg",
        "imgSrc": "https://cdn0.woolworths.media/content/wowproductimages/medium/573988.jpg",
        "name": "Dollar Sweets Edible Glue  18g",
        "price": 5,
        "unitPrice": "$27.78 / 100G"
    },
    {
        "category": "pantry",
        "href": "https://www.woolworths.com.au/shop/productdetails/45955/wai-wai-oriental-instant-noodles",
        "imgName": "045955.jpg",
        "imgSrc": "https://cdn0.woolworths.media/content/wowproductimages/medium/045955.jpg",
        "name": "Wai Wai Oriental Instant Noodles 60g",
        "price": 0.7,
        "unitPrice": "$11.67 / 1KG"
    },
    {
        "category": "pantry",
        "href": "https://www.woolworths.com.au/shop/productdetails/30698/fowlers-baking-aids-preserve-covers-kleer",
        "imgName": "030698.jpg",
        "imgSrc": "https://cdn0.woolworths.media/content/wowproductimages/medium/030698.jpg",
        "name": "Fowlers Baking Aids Preserve Covers Kleer 24pk",
        "price": 3,
        "unitPrice": "$0.13 / 1EA"
    },
    {
        "category": "pantry",
        "href": "https://www.woolworths.com.au/shop/productdetails/32842/always-fresh-olives-stuffed",
        "imgName": "032842.jpg",
        "imgSrc": "https://cdn0.woolworths.media/content/wowproductimages/medium/032842.jpg",
        "name": "Always Fresh Olives Stuffed 450g",
        "price": 3.65,
        "unitPrice": "$8.11 / 1KG"
    },
    {
        "category": "pantry",
        "href": "https://www.woolworths.com.au/shop/productdetails/750770/nandos-steak-sauce-pepper",
        "imgName": "750770.jpg",
        "imgSrc": "https://cdn0.woolworths.media/content/wowproductimages/medium/750770.jpg",
        "name": "Nandos Steak Sauce Pepper 250ml",
        "price": 3.8,
        "unitPrice": "$1.52 / 100ML"
    },
    {
        "category": "pantry",
        "href": "https://www.woolworths.com.au/shop/productdetails/572973/woolworths-chicken-bolognese-with-spaghetti",
        "imgName": "572973.jpg",
        "imgSrc": "https://cdn0.woolworths.media/content/wowproductimages/medium/572973.jpg",
        "name": "Woolworths Chicken Bolognese With Spaghetti 305g",
        "price": 4,
        "unitPrice": "$1.31 / 100G"
    },
    {
        "category": "pantry",
        "href": "https://www.woolworths.com.au/shop/productdetails/370456/kikkoman-soy-sauce-soy-reduced-salt",
        "imgName": "370456.jpg",
        "imgSrc": "https://cdn0.woolworths.media/content/wowproductimages/medium/370456.jpg",
        "name": "Kikkoman Soy Sauce Soy Reduced Salt 600ml",
        "price": 8.4,
        "unitPrice": "$1.40 / 100ML"
    },
    {
        "category": "pantry",
        "href": "https://www.woolworths.com.au/shop/productdetails/634377/s-w-sweet-chilli-mayonnaise",
        "imgName": "634377.jpg",
        "imgSrc": "https://cdn0.woolworths.media/content/wowproductimages/medium/634377.jpg",
        "name": "S&w Sweet Chilli Mayonnaise 260g",
        "price": 4,
        "unitPrice": "$1.54 / 100G"
    },
    {
        "category": "pantry",
        "href": "https://www.woolworths.com.au/shop/productdetails/586816/campbell-s-manu-grass-fed-beef-barley-soup",
        "imgName": "586816.jpg",
        "imgSrc": "https://cdn0.woolworths.media/content/wowproductimages/medium/586816.jpg",
        "name": "Campbell's Manu Grass Fed Beef & Barley Soup 405g",
        "price": 3.29,
        "unitPrice": "$0.81 / 100G"
    },
    {
        "category": "pantry",
        "href": "https://www.woolworths.com.au/shop/productdetails/272761/anchor-vinegar-verjuice",
        "imgName": "272761.jpg",
        "imgSrc": "https://cdn0.woolworths.media/content/wowproductimages/medium/272761.jpg",
        "name": "Anchor Vinegar Verjuice 375ml",
        "price": 6.7,
        "unitPrice": "$1.79 / 100ML"
    },
    {
        "category": "pantry",
        "href": "https://www.woolworths.com.au/shop/productdetails/541318/sirena-tuna-peppercorn",
        "imgName": "541318.jpg",
        "imgSrc": "https://cdn0.woolworths.media/content/wowproductimages/medium/541318.jpg",
        "name": "Sirena Tuna Peppercorn 95g",
        "price": 2.5,
        "unitPrice": "$26.32 / 1KG"
    },
    {
        "category": "pantry",
        "href": "https://www.woolworths.com.au/shop/productdetails/502950/bertolli-extra-virgin-olive-oil-gentile",
        "imgName": "502950.jpg",
        "imgSrc": "https://cdn0.woolworths.media/content/wowproductimages/medium/502950.jpg",
        "name": "Bertolli Extra Virgin Olive Oil Gentile 370ml",
        "price": 7,
        "unitPrice": "$1.89 / 100ML"
    },
    {
        "category": "pantry",
        "href": "https://www.woolworths.com.au/shop/productdetails/496355/cornwells-apple-cider-vinegar",
        "imgName": "496355.jpg",
        "imgSrc": "https://cdn0.woolworths.media/content/wowproductimages/medium/496355.jpg",
        "name": "Cornwells Apple Cider Vinegar  375ml",
        "price": 2.6,
        "unitPrice": "$0.69 / 100ML"
    },
    {
        "category": "pantry",
        "href": "https://www.woolworths.com.au/shop/productdetails/260060/spiral-miso-soup-instant-white",
        "imgName": "260060.jpg",
        "imgSrc": "https://cdn0.woolworths.media/content/wowproductimages/medium/260060.jpg",
        "name": "Spiral Miso Soup Instant White 35g",
        "price": 6.5,
        "unitPrice": "$18.57 / 100G"
    },
    {
        "category": "pantry",
        "href": "https://www.woolworths.com.au/shop/productdetails/724056/mckenzie-s-baking-aids-gelatine-leaves",
        "imgName": "724056.jpg",
        "imgSrc": "https://cdn0.woolworths.media/content/wowproductimages/medium/724056.jpg",
        "name": "Mckenzie\u2019s Baking Aids Gelatine Leaves 20g",
        "price": 5,
        "unitPrice": "$25.00 / 100G"
    },
    {
        "category": "pantry",
        "href": "https://www.woolworths.com.au/shop/productdetails/490219/cadbury-baking-chocolate-chips-white",
        "imgName": "490219.jpg",
        "imgSrc": "https://cdn0.woolworths.media/content/wowproductimages/medium/490219.jpg",
        "name": "Cadbury Baking Chocolate Chips White 200g",
        "price": 4.25,
        "unitPrice": "$2.13 / 100G"
    },
    {
        "category": "pantry",
        "href": "https://www.woolworths.com.au/shop/productdetails/662585/dr-oetker-easy-chocolate-icing",
        "imgName": "662585.jpg",
        "imgSrc": "https://cdn0.woolworths.media/content/wowproductimages/medium/662585.jpg",
        "name": "Dr. Oetker Easy Chocolate Icing 100g",
        "price": 2.5,
        "unitPrice": "$2.50 / 100G"
    },
    {
        "category": "pantry",
        "href": "https://www.woolworths.com.au/shop/productdetails/662558/dr-oetker-easy-pink-icing",
        "imgName": "662558.jpg",
        "imgSrc": "https://cdn0.woolworths.media/content/wowproductimages/medium/662558.jpg",
        "name": "Dr. Oetker Easy Pink Icing 100g",
        "price": 2.5,
        "unitPrice": "$2.50 / 100G"
    },
    {
        "category": "pantry",
        "href": "https://www.woolworths.com.au/shop/productdetails/231636/sunrice-basmati-rice",
        "imgName": "231636.jpg",
        "imgSrc": "https://cdn0.woolworths.media/content/wowproductimages/medium/231636.jpg",
        "name": "Sunrice Basmati Rice  1kg",
        "price": 4.2,
        "unitPrice": "$0.42 / 100G"
    },
    {
        "category": "pantry",
        "href": "https://www.woolworths.com.au/shop/productdetails/449198/dr-oetker-chocolate-hearts",
        "imgName": "449198.jpg",
        "imgSrc": "https://cdn0.woolworths.media/content/wowproductimages/medium/449198.jpg",
        "name": "Dr Oetker Chocolate Hearts  40g",
        "price": 4,
        "unitPrice": "$10.00 / 100G"
    },
    {
        "category": "pantry",
        "href": "https://www.woolworths.com.au/shop/productdetails/841634/angus-park-cranberries-raisins-blueberrys",
        "imgName": "841634.jpg",
        "imgSrc": "https://cdn0.woolworths.media/content/wowproductimages/medium/841634.jpg",
        "name": "Angus Park Cranberries Raisins & Blueberrys 6pk 180g",
        "price": 6,
        "unitPrice": "$28.57 / 1KG"
    },
    {
        "category": "pantry",
        "href": "https://www.woolworths.com.au/shop/productdetails/662586/dr-oetker-smiley-icing-decorations",
        "imgName": "662586.jpg",
        "imgSrc": "https://cdn0.woolworths.media/content/wowproductimages/medium/662586.jpg",
        "name": "Dr. Oetker Smiley Icing Decorations 12pk 12g",
        "price": 3.5,
        "unitPrice": "$29.17 / 100G"
    },
    {
        "category": "pantry",
        "href": "https://www.woolworths.com.au/shop/productdetails/758809/spc-baked-beans-salt-reduced",
        "imgName": "758809.jpg",
        "imgSrc": "https://cdn0.woolworths.media/content/wowproductimages/medium/758809.jpg",
        "name": "Spc Baked Beans Salt Reduced 4x220g",
        "price": 4.2,
        "unitPrice": "$0.48 / 100G"
    },
    {
        "category": "pantry",
        "href": "https://www.woolworths.com.au/shop/productdetails/724087/kellogg-s-k-time-twist-strawberry-blueberry",
        "imgName": "724087.jpg",
        "imgSrc": "https://cdn0.woolworths.media/content/wowproductimages/medium/724087.jpg",
        "name": "Kellogg's K-time Twist Strawberry & Blueberry 185g",
        "price": 4,
        "unitPrice": "$2.16 / 100G"
    },
    {
        "category": "pantry",
        "href": "https://www.woolworths.com.au/shop/productdetails/627083/tcc-coconut-juice",
        "imgName": "627083.jpg",
        "imgSrc": "https://cdn0.woolworths.media/content/wowproductimages/medium/627083.jpg",
        "name": "Tcc Coconut Juice  400ml",
        "price": 2,
        "unitPrice": "$0.50 / 100ML"
    },
    {
        "category": "pantry",
        "href": "https://www.woolworths.com.au/shop/productdetails/662557/dr-oetker-easy-blue-icing",
        "imgName": "662557.jpg",
        "imgSrc": "https://cdn0.woolworths.media/content/wowproductimages/medium/662557.jpg",
        "name": "Dr. Oetker Easy Blue Icing 100g",
        "price": 2.5,
        "unitPrice": "$2.50 / 100G"
    },
    {
        "category": "pantry",
        "href": "https://www.woolworths.com.au/shop/productdetails/535606/woolworths-wholemeal-self-raising-flour",
        "imgName": "535606.jpg",
        "imgSrc": "https://cdn0.woolworths.media/content/wowproductimages/medium/535606.jpg",
        "name": "Woolworths Wholemeal Self Raising Flour 1kg",
        "price": 2,
        "unitPrice": "$2.00 / 1KG"
    },
    {
        "category": "pantry",
        "href": "https://www.woolworths.com.au/shop/productdetails/766541/kellogg-s-sultana-bran-buds",
        "imgName": "766541.jpg",
        "imgSrc": "https://cdn0.woolworths.media/content/wowproductimages/medium/766541.jpg",
        "name": "Kellogg's Sultana Bran Buds 450g",
        "price": 6.79,
        "unitPrice": "$1.51 / 100G"
    },
    {
        "category": "pantry",
        "href": "https://www.woolworths.com.au/shop/productdetails/786240/queen-food-colouring-gel-yellow",
        "imgName": "786240.jpg",
        "imgSrc": "https://cdn0.woolworths.media/content/wowproductimages/medium/786240.jpg",
        "name": "Queen Food Colouring Gel Yellow 15g",
        "price": 2.5,
        "unitPrice": "$16.67 / 100G"
    },
    {
        "category": "pantry",
        "href": "https://www.woolworths.com.au/shop/productdetails/762578/lighthouse-sponge-cake-steamed-bun-self-raising-flour",
        "imgName": "762578.jpg",
        "imgSrc": "https://cdn0.woolworths.media/content/wowproductimages/medium/762578.jpg",
        "name": "Lighthouse Sponge Cake & Steamed Bun Self Raising Flour 1kg",
        "price": 3.5,
        "unitPrice": "$3.50 / 1KG"
    },
    {
        "category": "pantry",
        "href": "https://www.woolworths.com.au/shop/productdetails/94620/hoyts-rosemary",
        "imgName": "094620.jpg",
        "imgSrc": "https://cdn0.woolworths.media/content/wowproductimages/medium/094620.jpg",
        "name": "Hoyts Rosemary  25g",
        "price": 1.4,
        "unitPrice": "$0.56 / 10G"
    },
    {
        "category": "pantry",
        "href": "https://www.woolworths.com.au/shop/productdetails/827434/multix-large-printed-patty-pans",
        "imgName": "827434.jpg",
        "imgSrc": "https://cdn0.woolworths.media/content/wowproductimages/medium/827434.jpg",
        "name": "Multix Large Printed Patty Pans 100pk",
        "price": 3,
        "unitPrice": "$3.00 / 100EA"
    },
    {
        "category": "pantry",
        "href": "https://www.woolworths.com.au/shop/productdetails/340189/three-three-s-bbq-rib-sauce-rib",
        "imgName": "340189.jpg",
        "imgSrc": "https://cdn0.woolworths.media/content/wowproductimages/medium/340189.jpg",
        "name": "Three Three's Bbq Rib Sauce Rib 275ml",
        "price": 2.99,
        "unitPrice": "$1.09 / 100ML"
    },
    {
        "category": "pantry",
        "href": "https://www.woolworths.com.au/shop/productdetails/247348/angas-park-apricot-soft-juicy-snack-pack",
        "imgName": "247348.jpg",
        "imgSrc": "https://cdn0.woolworths.media/content/wowproductimages/medium/247348.jpg",
        "name": "Angas Park Apricot Soft & Juicy Snack Pack 8x25g",
        "price": 7.3,
        "unitPrice": "$36.50 / 1KG"
    },
    {
        "category": "pantry",
        "href": "https://www.woolworths.com.au/shop/productdetails/522828/be-natural-coco-nutty-granola-coconut-almond-spelt-cinnamon",
        "imgName": "522828.jpg",
        "imgSrc": "https://cdn0.woolworths.media/content/wowproductimages/medium/522828.jpg",
        "name": "Be Natural Coco-nutty Granola Coconut Almond Spelt & Cinnamon 450g",
        "price": 6,
        "unitPrice": "$1.33 / 100G"
    },
    {
        "category": "pantry",
        "href": "https://www.woolworths.com.au/shop/productdetails/345655/continental-cook-in-bag-recipe-base-honey-bbq-chicken",
        "imgName": "345655.jpg",
        "imgSrc": "https://cdn0.woolworths.media/content/wowproductimages/medium/345655.jpg",
        "name": "Continental Cook-in-bag Recipe Base Honey Bbq Chicken 45g",
        "price": 2.5,
        "unitPrice": "$5.56 / 100G"
    },
    {
        "category": "pantry",
        "href": "https://www.woolworths.com.au/shop/productdetails/615976/woolworths-sultanas-apple-mix",
        "imgName": "615976.jpg",
        "imgSrc": "https://cdn0.woolworths.media/content/wowproductimages/medium/615976.jpg",
        "name": "Woolworths Sultanas & Apple Mix 6x25g",
        "price": 1.95,
        "unitPrice": "$13.00 / 1KG"
    },
    {
        "category": "pantry",
        "href": "https://www.woolworths.com.au/shop/productdetails/14040/old-el-paso-mexe-beans",
        "imgName": "014040.jpg",
        "imgSrc": "https://cdn0.woolworths.media/content/wowproductimages/medium/014040.jpg",
        "name": "Old El Paso Mexe Beans  425g",
        "price": 3,
        "unitPrice": "$0.71 / 100G"
    },
    {
        "category": "pantry",
        "href": "https://www.woolworths.com.au/shop/productdetails/473434/golden-days-paleo-bar-almond-biscotti",
        "imgName": "473434.jpg",
        "imgSrc": "https://cdn0.woolworths.media/content/wowproductimages/medium/473434.jpg",
        "name": "Golden Days Paleo Bar Almond Biscotti 40g",
        "price": 2.99,
        "unitPrice": "$7.48 / 100G"
    },
    {
        "category": "pantry",
        "href": "https://www.woolworths.com.au/shop/productdetails/793212/crouton-caravan-dressing-olive-oil-and-salt",
        "imgName": "793212.jpg",
        "imgSrc": "https://cdn0.woolworths.media/content/wowproductimages/medium/793212.jpg",
        "name": "Crouton Caravan Dressing Olive Oil And Salt 90g",
        "price": 3.5,
        "unitPrice": "$3.89 / 100G"
    },
    {
        "category": "pantry",
        "href": "https://www.woolworths.com.au/shop/productdetails/66084/king-oscar-sardines-in-springwater",
        "imgName": "default.png",
        "imgSrc": "https://cdn0.woolworths.media/content/wowproductimages/large/default.png",
        "name": "King Oscar Sardines In Springwater 105g",
        "price": 3.3,
        "unitPrice": "$31.43 / 1KG"
    },
    {
        "category": "pantry",
        "href": "https://www.woolworths.com.au/shop/productdetails/717512/mini-macro-organic-sultanas",
        "imgName": "717512.jpg",
        "imgSrc": "https://cdn0.woolworths.media/content/wowproductimages/medium/717512.jpg",
        "name": "Mini Macro Organic Sultanas 6pk",
        "price": 3,
        "unitPrice": "$14.29 / 1KG"
    },
    {
        "category": "pantry",
        "href": "https://www.woolworths.com.au/shop/productdetails/610610/woolworths-almond-meal",
        "imgName": "610610.jpg",
        "imgSrc": "https://cdn0.woolworths.media/content/wowproductimages/medium/610610.jpg",
        "name": "Woolworths Almond Meal 400g",
        "price": 9,
        "unitPrice": "$22.50 / 1KG"
    },
    {
        "category": "pantry",
        "href": "https://www.woolworths.com.au/shop/productdetails/607722/heinz-bbq-sauce",
        "imgName": "607722.jpg",
        "imgSrc": "https://cdn0.woolworths.media/content/wowproductimages/medium/607722.jpg",
        "name": "Heinz Bbq Sauce  400ml",
        "price": 3,
        "unitPrice": "$0.75 / 100ML"
    },
    {
        "category": "pantry",
        "href": "https://www.woolworths.com.au/shop/productdetails/637612/golden-days-almonds-coated-with-acai",
        "imgName": "637612.jpg",
        "imgSrc": "https://cdn0.woolworths.media/content/wowproductimages/medium/637612.jpg",
        "name": "Golden Days Almonds Coated With Acai 100g",
        "price": 7,
        "unitPrice": "$7.00 / 100G"
    },
    {
        "category": "pantry",
        "href": "https://www.woolworths.com.au/shop/productdetails/15221/lee-kum-kee-sauce-lemon-chicken",
        "imgName": "015221.jpg",
        "imgSrc": "https://cdn0.woolworths.media/content/wowproductimages/medium/015221.jpg",
        "name": "Lee Kum Kee Sauce Lemon Chicken 145g",
        "price": 2.2,
        "unitPrice": "$1.52 / 100G"
    },
    {
        "category": "pantry",
        "href": "https://www.woolworths.com.au/shop/productdetails/558941/weight-watchers-dark-chocolate-caramel-protein-bar",
        "imgName": "558941.jpg",
        "imgSrc": "https://cdn0.woolworths.media/content/wowproductimages/medium/558941.jpg",
        "name": "Weight Watchers Dark Chocolate & Caramel Protein Bar 4pk",
        "price": 4.5,
        "unitPrice": "$3.21 / 100G"
    },
    {
        "category": "pantry",
        "href": "https://www.woolworths.com.au/shop/productdetails/492075/woolworths-champignon-whole",
        "imgName": "492075.jpg",
        "imgSrc": "https://cdn0.woolworths.media/content/wowproductimages/medium/492075.jpg",
        "name": "Woolworths Champignon Whole  400g",
        "price": 1.4,
        "unitPrice": "$0.35 / 100G"
    },
    {
        "category": "pantry",
        "href": "https://www.woolworths.com.au/shop/productdetails/218900/woolworths-select-carrots-baby",
        "imgName": "218900.jpg",
        "imgSrc": "https://cdn0.woolworths.media/content/wowproductimages/medium/218900.jpg",
        "name": "Woolworths Select Carrots Baby 410g",
        "price": 1.5,
        "unitPrice": "$3.66 / 1KG"
    },
    {
        "category": "pantry",
        "href": "https://www.woolworths.com.au/shop/productdetails/251057/sunbeam-almonds-slivered",
        "imgName": "251057.jpg",
        "imgSrc": "https://cdn0.woolworths.media/content/wowproductimages/medium/251057.jpg",
        "name": "Sunbeam Almonds Slivered 100g",
        "price": 5,
        "unitPrice": "$50.00 / 1KG"
    },
    {
        "category": "pantry",
        "href": "https://www.woolworths.com.au/shop/productdetails/717857/nandos-hot-peri-peri-sauce",
        "imgName": "717857.jpg",
        "imgSrc": "https://cdn0.woolworths.media/content/wowproductimages/medium/717857.jpg",
        "name": "Nandos Hot Peri Peri Sauce 250ml",
        "price": 5.8,
        "unitPrice": "$2.32 / 100ML"
    },
    {
        "category": "pantry",
        "href": "https://www.woolworths.com.au/shop/productdetails/90000264/annalisa-diced-tomatoes-800g-x6-bundle",
        "imgName": "90000264.jpg",
        "imgSrc": "https://cdn0.woolworths.media/content/wowproductimages/medium/90000264.jpg",
        "name": "Annalisa Diced Tomatoes 800g X6 Bundle",
        "price": 12,
        "unitPrice": "$2.50 / 1KG"
    },
    {
        "category": "pantry",
        "href": "https://www.woolworths.com.au/shop/productdetails/373176/continental-stock-pot-chicken",
        "imgName": "373176.jpg",
        "imgSrc": "https://cdn0.woolworths.media/content/wowproductimages/medium/373176.jpg",
        "name": "Continental Stock Pot Chicken 4pk 28g",
        "price": 3.8,
        "unitPrice": "$0.34 / 10G"
    },
    {
        "category": "pantry",
        "href": "https://www.woolworths.com.au/shop/productdetails/437367/campbells-gourmet-soup-chicken-mushroom",
        "imgName": "437367.jpg",
        "imgSrc": "https://cdn0.woolworths.media/content/wowproductimages/medium/437367.jpg",
        "name": "Campbells Gourmet Soup Chicken & Mushroom 425g",
        "price": 3.99,
        "unitPrice": "$0.94 / 100G"
    },
    {
        "category": "pantry",
        "href": "https://www.woolworths.com.au/shop/productdetails/250311/kewpie-japanese-mayonnaise",
        "imgName": "250311.jpg",
        "imgSrc": "https://cdn0.woolworths.media/content/wowproductimages/medium/250311.jpg",
        "name": "Kewpie Japanese Mayonnaise 300g",
        "price": 4.75,
        "unitPrice": "$1.58 / 100G"
    },
    {
        "category": "pantry",
        "href": "https://www.woolworths.com.au/shop/productdetails/94640/hoyts-mixed-herbs",
        "imgName": "094640.jpg",
        "imgSrc": "https://cdn0.woolworths.media/content/wowproductimages/medium/094640.jpg",
        "name": "Hoyts Mixed Herbs  25g",
        "price": 1.6,
        "unitPrice": "$0.64 / 10G"
    },
    {
        "category": "pantry",
        "href": "https://www.woolworths.com.au/shop/productdetails/491623/dollar-sweets-choc-crispies",
        "imgName": "491623.jpg",
        "imgSrc": "https://cdn0.woolworths.media/content/wowproductimages/medium/491623.jpg",
        "name": "Dollar Sweets Choc Crispies 80g",
        "price": 5,
        "unitPrice": "$6.25 / 100G"
    },
    {
        "category": "pantry",
        "href": "https://www.woolworths.com.au/shop/productdetails/700853/spc-kids-crush-ups-strawberry",
        "imgName": "700853.jpg",
        "imgSrc": "https://cdn0.woolworths.media/content/wowproductimages/medium/700853.jpg",
        "name": "Spc Kids Crush Ups Strawberry 90g",
        "price": 1.4,
        "unitPrice": "$15.56 / 1KG"
    },
    {
        "category": "pantry",
        "href": "https://www.woolworths.com.au/shop/productdetails/247332/campbell-s-chunky-canned-soup-hearty-irish-stew",
        "imgName": "247332.jpg",
        "imgSrc": "https://cdn0.woolworths.media/content/wowproductimages/medium/247332.jpg",
        "name": "Campbell's Chunky Canned Soup Hearty Irish Stew 505g",
        "price": 3.29,
        "unitPrice": "$0.65 / 100G"
    },
    {
        "category": "pantry",
        "href": "https://www.woolworths.com.au/shop/productdetails/429225/john-west-fiery-sriracha-tuna",
        "imgName": "429225.jpg",
        "imgSrc": "https://cdn0.woolworths.media/content/wowproductimages/medium/429225.jpg",
        "name": "John West Fiery Sriracha Tuna 95g",
        "price": 2,
        "unitPrice": "$21.05 / 1KG"
    },
    {
        "category": "pantry",
        "href": "https://www.woolworths.com.au/shop/productdetails/427882/madura-green-tea-bags-organic",
        "imgName": "427882.jpg",
        "imgSrc": "https://cdn0.woolworths.media/content/wowproductimages/medium/427882.jpg",
        "name": "Madura Green Tea Bags Organic 100pk",
        "price": 9.35,
        "unitPrice": "$0.09 / 1EA"
    },
    {
        "category": "pantry",
        "href": "https://www.woolworths.com.au/shop/productdetails/90000262/ardmona-rich-thick-chopped-herb-tomatoes-410g-x12-bundle",
        "imgName": "90000262.jpg",
        "imgSrc": "https://cdn0.woolworths.media/content/wowproductimages/medium/90000262.jpg",
        "name": "Ardmona Rich & Thick Chopped Herb Tomatoes 410g X12 Bundle",
        "price": 18,
        "unitPrice": "$3.66 / 1KG"
    },
    {
        "category": "pantry",
        "href": "https://www.woolworths.com.au/shop/productdetails/90000622/masterfoods-tomato-sauce-920ml-x6-bundle",
        "imgName": "90000622.jpg",
        "imgSrc": "https://cdn0.woolworths.media/content/wowproductimages/medium/90000622.jpg",
        "name": "Masterfoods Tomato Sauce 920ml X6 Bundle",
        "price": 18,
        "unitPrice": "$0.33 / 100ML"
    },
    {
        "category": "pantry",
        "href": "https://www.woolworths.com.au/shop/productdetails/701736/kellogg-s-crunchy-nut-clusters",
        "imgName": "701736.jpg",
        "imgSrc": "https://cdn0.woolworths.media/content/wowproductimages/medium/701736.jpg",
        "name": "Kellogg's Crunchy Nut Clusters 450g",
        "price": 5.99,
        "unitPrice": "$1.33 / 100G"
    },
    {
        "category": "pantry",
        "href": "https://www.woolworths.com.au/shop/productdetails/574898/cadbury-dark-milk-crunchy-salted-caramel",
        "imgName": "574898.jpg",
        "imgSrc": "https://cdn0.woolworths.media/content/wowproductimages/medium/574898.jpg",
        "name": "Cadbury Dark Milk Crunchy Salted Caramel 160g block",
        "price": 5,
        "unitPrice": "$3.13 / 100G"
    },
    {
        "category": "pantry",
        "href": "https://www.woolworths.com.au/shop/productdetails/893028/le-phare-du-cap-bon-harissa-tube",
        "imgName": "893028.jpg",
        "imgSrc": "https://cdn0.woolworths.media/content/wowproductimages/medium/893028.jpg",
        "name": "Le Phare Du Cap Bon Harissa Tube  70g",
        "price": 2.59,
        "unitPrice": "$0.37 / 10G"
    },
    {
        "category": "pantry",
        "href": "https://www.woolworths.com.au/shop/productdetails/652671/one-night-in-mexico-smokey-chipotle-seasoning",
        "imgName": "652671.jpg",
        "imgSrc": "https://cdn0.woolworths.media/content/wowproductimages/medium/652671.jpg",
        "name": "One Night In Mexico Smokey Chipotle Seasoning 35g",
        "price": 2.5,
        "unitPrice": "$7.14 / 100G"
    },
    {
        "category": "pantry",
        "href": "https://www.woolworths.com.au/shop/productdetails/368716/uncle-tobys-quick-oats-sachets-variety-pack",
        "imgName": "368716.jpg",
        "imgSrc": "https://cdn0.woolworths.media/content/wowproductimages/medium/368716.jpg",
        "name": "Uncle Tobys Quick Oats Sachets Variety Pack 12pk",
        "price": 5.5,
        "unitPrice": "$1.31 / 100G"
    },
    {
        "category": "pantry",
        "href": "https://www.woolworths.com.au/shop/productdetails/319333/sanitarium-weet-bix-bites-crunchy-honey",
        "imgName": "319333.jpg",
        "imgSrc": "https://cdn0.woolworths.media/content/wowproductimages/medium/319333.jpg",
        "name": "Sanitarium Weet-bix Bites Crunchy Honey 510g",
        "price": 4.65,
        "unitPrice": "$0.91 / 100G"
    },
    {
        "category": "pantry",
        "href": "https://www.woolworths.com.au/shop/productdetails/247302/spc-spaghetti-rich-tomato-sauce",
        "imgName": "247302.jpg",
        "imgSrc": "https://cdn0.woolworths.media/content/wowproductimages/medium/247302.jpg",
        "name": "Spc Spaghetti Rich Tomato Sauce 4x220g",
        "price": 4.2,
        "unitPrice": "$0.48 / 100G"
    },
    {
        "category": "pantry",
        "href": "https://www.woolworths.com.au/shop/productdetails/641247/biogenic-organic-flaxseed-oil",
        "imgName": "641247.jpg",
        "imgSrc": "https://cdn0.woolworths.media/content/wowproductimages/medium/641247.jpg",
        "name": "Biogenic Organic Flaxseed Oil 200ml",
        "price": 11,
        "unitPrice": "$5.50 / 100ML"
    },
    {
        "category": "pantry",
        "href": "https://www.woolworths.com.au/shop/productdetails/565830/woolworths-apple-slices-pie-fruit",
        "imgName": "565830.jpg",
        "imgSrc": "https://cdn0.woolworths.media/content/wowproductimages/medium/565830.jpg",
        "name": "Woolworths Apple Slices Pie Fruit 385g",
        "price": 2,
        "unitPrice": "$5.19 / 1KG"
    },
    {
        "category": "pantry",
        "href": "https://www.woolworths.com.au/shop/productdetails/596942/leggo-s-lasagne-bake-white-sauce-with-tasty-cheese",
        "imgName": "596942.jpg",
        "imgSrc": "https://cdn0.woolworths.media/content/wowproductimages/medium/596942.jpg",
        "name": "Leggo's Lasagne Bake White Sauce With Tasty Cheese 490g",
        "price": 3,
        "unitPrice": "$0.61 / 100G"
    },
    {
        "category": "pantry",
        "href": "https://www.woolworths.com.au/shop/productdetails/941152/cadbury-dairy-milk-picnic",
        "imgName": "941152.jpg",
        "imgSrc": "https://cdn0.woolworths.media/content/wowproductimages/medium/941152.jpg",
        "name": "Cadbury Dairy Milk Picnic 350g block",
        "price": 5,
        "unitPrice": "$1.43 / 100G"
    },
    {
        "category": "pantry",
        "href": "https://www.woolworths.com.au/shop/productdetails/577074/mckenzies-vegetable-lentil-soup-kit",
        "imgName": "577074.jpg",
        "imgSrc": "https://cdn0.woolworths.media/content/wowproductimages/medium/577074.jpg",
        "name": "Mckenzies Vegetable & Lentil Soup Kit 180g",
        "price": 2.49,
        "unitPrice": "$1.38 / 100G"
    },
    {
        "category": "pantry",
        "href": "https://www.woolworths.com.au/shop/productdetails/660194/mcdonnells-curry-sauce-tub",
        "imgName": "660194.jpg",
        "imgSrc": "https://cdn0.woolworths.media/content/wowproductimages/medium/660194.jpg",
        "name": "Mcdonnells Curry Sauce Tub 250g",
        "price": 9,
        "unitPrice": "$3.60 / 100G"
    },
    {
        "category": "pantry",
        "href": "https://www.woolworths.com.au/shop/productdetails/112404/dilmah-tea-bags",
        "imgName": "112404.jpg",
        "imgSrc": "https://cdn0.woolworths.media/content/wowproductimages/medium/112404.jpg",
        "name": "Dilmah Tea Bags  200pk 400g",
        "price": 9.4,
        "unitPrice": "$2.35 / 100G"
    },
    {
        "category": "pantry",
        "href": "https://www.woolworths.com.au/shop/productdetails/665842/tayto-salt-vinegar-chips",
        "imgName": "default.png",
        "imgSrc": "https://cdn0.woolworths.media/content/wowproductimages/large/default.png",
        "name": "Tayto Salt & Vinegar Chips 35g",
        "price": 1.75,
        "unitPrice": "$5.00 / 100G"
    },
    {
        "category": "pantry",
        "href": "https://www.woolworths.com.au/shop/productdetails/652589/one-night-in-mexico-spice-stir-in-seasoning",
        "imgName": "652589.jpg",
        "imgSrc": "https://cdn0.woolworths.media/content/wowproductimages/medium/652589.jpg",
        "name": "One Night In Mexico Spice Stir In Seasoning 120g",
        "price": 2.5,
        "unitPrice": "$2.08 / 100G"
    },
    {
        "category": "pantry",
        "href": "https://www.woolworths.com.au/shop/productdetails/936086/cadbury-coco-70-cocoa-dark",
        "imgName": "936086.jpg",
        "imgSrc": "https://cdn0.woolworths.media/content/wowproductimages/medium/936086.jpg",
        "name": "Cadbury Coco 70% Cocoa Dark 100g",
        "price": 4,
        "unitPrice": "$4.00 / 100G"
    },
    {
        "category": "pantry",
        "href": "https://www.woolworths.com.au/shop/productdetails/658537/sanitarium-weet-bix-cholesterol-lowering",
        "imgName": "658537.jpg",
        "imgSrc": "https://cdn0.woolworths.media/content/wowproductimages/medium/658537.jpg",
        "name": "Sanitarium Weet Bix Cholesterol Lowering 440g",
        "price": 6,
        "unitPrice": "$1.36 / 100G"
    },
    {
        "category": "pantry",
        "href": "https://www.woolworths.com.au/shop/productdetails/660962/nudie-brekkie-mixed-berries-dairy-free",
        "imgName": "660962.jpg",
        "imgSrc": "https://cdn0.woolworths.media/content/wowproductimages/medium/660962.jpg",
        "name": "Nudie Brekkie Mixed Berries Dairy Free 3 x 250 ml",
        "price": 6.4,
        "unitPrice": "$8.53 / 1L"
    },
    {
        "category": "pantry",
        "href": "https://www.woolworths.com.au/shop/productdetails/36077/arnott-s-tina-wafers",
        "imgName": "036077.jpg",
        "imgSrc": "https://cdn0.woolworths.media/content/wowproductimages/medium/036077.jpg",
        "name": "Arnott's Tina Wafers  250g",
        "price": 3.05,
        "unitPrice": "$1.22 / 100G"
    },
    {
        "category": "pantry",
        "href": "https://www.woolworths.com.au/shop/productdetails/33996/harvest-beef-irish-stew",
        "imgName": "033996.jpg",
        "imgSrc": "https://cdn0.woolworths.media/content/wowproductimages/medium/033996.jpg",
        "name": "Harvest Beef Irish Stew 425g",
        "price": 4,
        "unitPrice": "$9.41 / 1KG"
    },
    {
        "category": "pantry",
        "href": "https://www.woolworths.com.au/shop/productdetails/471227/buderim-ginger-naked-value",
        "imgName": "471227.jpg",
        "imgSrc": "https://cdn0.woolworths.media/content/wowproductimages/medium/471227.jpg",
        "name": "Buderim Ginger Naked Value  350g",
        "price": 6.7,
        "unitPrice": "$19.14 / 1KG"
    },
    {
        "category": "pantry",
        "href": "https://www.woolworths.com.au/shop/productdetails/637690/cadbury-fingers-milk-chocolate",
        "imgName": "637690.jpg",
        "imgSrc": "https://cdn0.woolworths.media/content/wowproductimages/medium/637690.jpg",
        "name": "Cadbury Fingers Milk Chocolate 114g",
        "price": 3,
        "unitPrice": "$2.63 / 100G"
    },
    {
        "category": "pantry",
        "href": "https://www.woolworths.com.au/shop/productdetails/454004/dole-apricot-halves-in-juice",
        "imgName": "454004.jpg",
        "imgSrc": "https://cdn0.woolworths.media/content/wowproductimages/medium/454004.jpg",
        "name": "Dole Apricot Halves In Juice  810g",
        "price": 3,
        "unitPrice": "$3.70 / 1KG"
    },
    {
        "category": "pantry",
        "href": "https://www.woolworths.com.au/shop/productdetails/572979/woolworths-tuna-with-rice-sweet-chilli",
        "imgName": "572979.jpg",
        "imgSrc": "https://cdn0.woolworths.media/content/wowproductimages/medium/572979.jpg",
        "name": "Woolworths Tuna With Rice Sweet Chilli 350g",
        "price": 4,
        "unitPrice": "$1.14 / 100G"
    },
    {
        "category": "pantry",
        "href": "https://www.woolworths.com.au/shop/productdetails/614359/hamper-corned-beef-original",
        "imgName": "614359.jpg",
        "imgSrc": "https://cdn0.woolworths.media/content/wowproductimages/medium/614359.jpg",
        "name": "Hamper Corned Beef Original 200g",
        "price": 4,
        "unitPrice": "$20.00 / 1KG"
    },
    {
        "category": "pantry",
        "href": "https://www.woolworths.com.au/shop/productdetails/93035/homebrand-processed-bran",
        "imgName": "093035.jpg",
        "imgSrc": "https://cdn0.woolworths.media/content/wowproductimages/medium/093035.jpg",
        "name": "Homebrand Processed Bran 500g",
        "price": 1.79,
        "unitPrice": "$0.36 / 100G"
    },
    {
        "category": "pantry",
        "href": "https://www.woolworths.com.au/shop/productdetails/731001/ambrosia-devon-custard",
        "imgName": "731001.jpg",
        "imgSrc": "https://cdn0.woolworths.media/content/wowproductimages/medium/731001.jpg",
        "name": "Ambrosia Devon Custard  400g",
        "price": 4.5
    },
    {
        "category": "pantry",
        "href": "https://www.woolworths.com.au/shop/productdetails/580259/premium-crispbread-spring-onion",
        "imgName": "580259.jpg",
        "imgSrc": "https://cdn0.woolworths.media/content/wowproductimages/medium/580259.jpg",
        "name": "Premium Crispbread Spring Onion 100g",
        "price": 1.5,
        "unitPrice": "$1.50 / 100G"
    },
    {
        "category": "pantry",
        "href": "https://www.woolworths.com.au/shop/productdetails/521258/choice-beef-instant-noodles",
        "imgName": "521258.jpg",
        "imgSrc": "https://cdn0.woolworths.media/content/wowproductimages/medium/521258.jpg",
        "name": "Choice Beef Instant Noodles 5x85g pack",
        "price": 0.99,
        "unitPrice": "$0.23 / 100G"
    },
    {
        "category": "pantry",
        "href": "https://www.woolworths.com.au/shop/productdetails/784246/goulburn-valley-mango",
        "imgName": "784246.jpg",
        "imgSrc": "https://cdn0.woolworths.media/content/wowproductimages/medium/784246.jpg",
        "name": "Goulburn Valley Mango  685g",
        "price": 5.1,
        "unitPrice": "$7.45 / 1KG"
    },
    {
        "category": "pantry",
        "href": "https://www.woolworths.com.au/shop/productdetails/783263/local-legends-jerky-original",
        "imgName": "783263.jpg",
        "imgSrc": "https://cdn0.woolworths.media/content/wowproductimages/medium/783263.jpg",
        "name": "Local Legends Jerky Original 75g",
        "price": 4.99,
        "special": 4,
        "unitPrice": "$53.33 / 1KG"
    },
    {
        "category": "pantry",
        "href": "https://www.woolworths.com.au/shop/productdetails/251014/woolworths-select-garlic-granules",
        "imgName": "251014.jpg",
        "imgSrc": "https://cdn0.woolworths.media/content/wowproductimages/medium/251014.jpg",
        "name": "Woolworths Select Garlic Granules 45g",
        "price": 2,
        "unitPrice": "$0.44 / 10G"
    },
    {
        "category": "pantry",
        "href": "https://www.woolworths.com.au/shop/productdetails/826445/cadbury-dairy-milk-chocolate-fruit-nut",
        "imgName": "826445.jpg",
        "imgSrc": "https://cdn0.woolworths.media/content/wowproductimages/medium/826445.jpg",
        "name": "Cadbury Dairy Milk Chocolate Fruit & Nut 200g block",
        "price": 5,
        "special": 3.5,
        "unitPrice": "$1.75 / 100G"
    },
    {
        "category": "pantry",
        "href": "https://www.woolworths.com.au/shop/productdetails/44079/edgell-super-sweet-corn-kernels-super-sweet",
        "imgName": "044079.jpg",
        "imgSrc": "https://cdn0.woolworths.media/content/wowproductimages/medium/044079.jpg",
        "name": "Edgell Super Sweet Corn Kernels Super Sweet 420g",
        "price": 2.05,
        "special": 1.5,
        "unitPrice": "$3.57 / 1KG"
    },
    {
        "category": "pantry",
        "href": "https://www.woolworths.com.au/shop/productdetails/335926/darrell-lea-rocklea-road-milk-chocolate",
        "imgName": "335926.jpg",
        "imgSrc": "https://cdn0.woolworths.media/content/wowproductimages/medium/335926.jpg",
        "name": "Darrell Lea Rocklea Road Milk Chocolate 145g bar",
        "price": 4.4,
        "unitPrice": "$3.03 / 100G"
    },
    {
        "category": "pantry",
        "href": "https://www.woolworths.com.au/shop/productdetails/933015/birch-waite-whole-egg-mayonnaise",
        "imgName": "933015.jpg",
        "imgSrc": "https://cdn0.woolworths.media/content/wowproductimages/medium/933015.jpg",
        "name": "Birch & Waite Whole Egg Mayonnaise 250ml",
        "price": 5,
        "unitPrice": "$2.00 / 100ML"
    },
    {
        "category": "pantry",
        "href": "https://www.woolworths.com.au/shop/productdetails/45795/campbell-s-country-ladle-canned-soup-butternut-pumpkin",
        "imgName": "045795.jpg",
        "imgSrc": "https://cdn0.woolworths.media/content/wowproductimages/medium/045795.jpg",
        "name": "Campbell's Country Ladle Canned Soup Butternut Pumpkin 505g",
        "price": 3.29,
        "unitPrice": "$0.65 / 100G"
    },
    {
        "category": "pantry",
        "href": "https://www.woolworths.com.au/shop/productdetails/315558/leggo-s-pasta-sauce-bolognese-with-chunky-tomato-garlic-herbs",
        "imgName": "315558.jpg",
        "imgSrc": "https://cdn0.woolworths.media/content/wowproductimages/medium/315558.jpg",
        "name": "Leggo's Pasta Sauce Bolognese With Chunky Tomato Garlic & Herbs 750g",
        "price": 4.22,
        "unitPrice": "$0.56 / 100G"
    },
    {
        "category": "pantry",
        "href": "https://www.woolworths.com.au/shop/productdetails/35724/rosella-tomato-sauce",
        "imgName": "035724.jpg",
        "imgSrc": "https://cdn0.woolworths.media/content/wowproductimages/medium/035724.jpg",
        "name": "Rosella Tomato Sauce  600ml",
        "price": 2.9,
        "unitPrice": "$0.48 / 100ML"
    },
    {
        "category": "pantry",
        "href": "https://www.woolworths.com.au/shop/productdetails/33416/golden-circle-fruit-salad-traditional-in-natural-juice",
        "imgName": "033416.jpg",
        "imgSrc": "https://cdn0.woolworths.media/content/wowproductimages/medium/033416.jpg",
        "name": "Golden Circle Fruit Salad Traditional In Natural Juice 440g",
        "price": 3.3,
        "unitPrice": "$7.50 / 1KG"
    },
    {
        "category": "pantry",
        "href": "https://www.woolworths.com.au/shop/productdetails/932810/birch-waite-lime-and-chilli-mayonnaise",
        "imgName": "932810.jpg",
        "imgSrc": "https://cdn0.woolworths.media/content/wowproductimages/medium/932810.jpg",
        "name": "Birch & Waite Lime And Chilli Mayonnaise 250ml",
        "price": 5,
        "unitPrice": "$2.00 / 100ML"
    },
    {
        "category": "pantry",
        "href": "https://www.woolworths.com.au/shop/productdetails/254695/vittoria-coffee-oro-ground-coffee-oro",
        "imgName": "254695.jpg",
        "imgSrc": "https://cdn0.woolworths.media/content/wowproductimages/medium/254695.jpg",
        "name": "Vittoria Coffee Oro Ground Coffee Oro 1kg",
        "price": 33,
        "special": 20,
        "unitPrice": "$2.00 / 100G"
    },
    {
        "category": "pantry",
        "href": "https://www.woolworths.com.au/shop/productdetails/200221/lipton-green-tea-pure",
        "imgName": "200221.jpg",
        "imgSrc": "https://cdn0.woolworths.media/content/wowproductimages/medium/200221.jpg",
        "name": "Lipton Green Tea Pure 50pk 80g",
        "price": 4.9,
        "unitPrice": "$6.13 / 100G"
    },
    {
        "category": "pantry",
        "href": "https://www.woolworths.com.au/shop/productdetails/38109/lee-kum-kee-sauce-char-siu",
        "imgName": "038109.jpg",
        "imgSrc": "https://cdn0.woolworths.media/content/wowproductimages/medium/038109.jpg",
        "name": "Lee Kum Kee Sauce Char Siu 240g",
        "price": 4.15,
        "unitPrice": "$1.73 / 100G"
    },
    {
        "category": "pantry",
        "href": "https://www.woolworths.com.au/shop/productdetails/611541/continental-rice-spinach-ricotta-parmesan",
        "imgName": "611541.jpg",
        "imgSrc": "https://cdn0.woolworths.media/content/wowproductimages/medium/611541.jpg",
        "name": "Continental Rice Spinach Ricotta Parmesan 105g",
        "price": 2.75,
        "special": 2,
        "unitPrice": "$1.90 / 100G"
    },
    {
        "category": "pantry",
        "href": "https://www.woolworths.com.au/shop/productdetails/368724/woolworths-natural-almonds",
        "imgName": "368724.jpg",
        "imgSrc": "https://cdn0.woolworths.media/content/wowproductimages/medium/368724.jpg",
        "name": "Woolworths Natural Almonds 225g",
        "price": 6,
        "unitPrice": "$26.67 / 1KG"
    },
    {
        "category": "pantry",
        "href": "https://www.woolworths.com.au/shop/productdetails/526266/woolworths-soy-savoury",
        "imgName": "526266.jpg",
        "imgSrc": "https://cdn0.woolworths.media/content/wowproductimages/medium/526266.jpg",
        "name": "Woolworths Soy Savoury  150g",
        "price": 6,
        "unitPrice": "$40.00 / 1KG"
    },
    {
        "category": "pantry",
        "href": "https://www.woolworths.com.au/shop/productdetails/774309/woolworths-pinenuts",
        "imgName": "774309.jpg",
        "imgSrc": "https://cdn0.woolworths.media/content/wowproductimages/medium/774309.jpg",
        "name": "Woolworths Pinenuts  100g",
        "price": 6,
        "unitPrice": "$60.00 / 1KG"
    },
    {
        "category": "pantry",
        "href": "https://www.woolworths.com.au/shop/productdetails/754526/aeroplane-jelly-orange-mango",
        "imgName": "754526.jpg",
        "imgSrc": "https://cdn0.woolworths.media/content/wowproductimages/medium/754526.jpg",
        "name": "Aeroplane Jelly Orange Mango 85g",
        "price": 1.3,
        "unitPrice": "$1.53 / 100G"
    },
    {
        "category": "pantry",
        "href": "https://www.woolworths.com.au/shop/productdetails/754525/aeroplane-jelly-naturals-blackcurrant",
        "imgName": "754525.jpg",
        "imgSrc": "https://cdn0.woolworths.media/content/wowproductimages/medium/754525.jpg",
        "name": "Aeroplane Jelly Naturals Blackcurrant 85g",
        "price": 1.3,
        "unitPrice": "$1.53 / 100G"
    },
    {
        "category": "pantry",
        "href": "https://www.woolworths.com.au/shop/productdetails/754480/aeroplane-jelly-lite-twin-lemon",
        "imgName": "754480.jpg",
        "imgSrc": "https://cdn0.woolworths.media/content/wowproductimages/medium/754480.jpg",
        "name": "Aeroplane Jelly Lite Twin Lemon 2x9g",
        "price": 1.9,
        "unitPrice": "$10.56 / 100G"
    },
    {
        "category": "pantry",
        "href": "https://www.woolworths.com.au/shop/productdetails/827635/uncle-tobys-plus-calcium",
        "imgName": "827635.jpg",
        "imgSrc": "https://cdn0.woolworths.media/content/wowproductimages/medium/827635.jpg",
        "name": "Uncle Tobys Plus Calcium 690g",
        "price": 6.75,
        "unitPrice": "$0.98 / 100G"
    },
    {
        "category": "pantry",
        "href": "https://www.woolworths.com.au/shop/productdetails/757896/cadbury-dairy-milk-chocolate-crunchie",
        "imgName": "757896.jpg",
        "imgSrc": "https://cdn0.woolworths.media/content/wowproductimages/medium/757896.jpg",
        "name": "Cadbury Dairy Milk Chocolate Crunchie 350g block",
        "price": 5,
        "unitPrice": "$1.43 / 100G"
    },
    {
        "category": "pantry",
        "href": "https://www.woolworths.com.au/shop/productdetails/373172/continental-stock-pot-beef",
        "imgName": "373172.jpg",
        "imgSrc": "https://cdn0.woolworths.media/content/wowproductimages/medium/373172.jpg",
        "name": "Continental Stock Pot Beef 28g",
        "price": 3.8,
        "unitPrice": "$0.34 / 10G"
    },
    {
        "category": "pantry",
        "href": "https://www.woolworths.com.au/shop/productdetails/34389/continental-simmer-soup-chicken-noodle",
        "imgName": "034389.jpg",
        "imgSrc": "https://cdn0.woolworths.media/content/wowproductimages/medium/034389.jpg",
        "name": "Continental Simmer Soup Chicken Noodle 45g",
        "price": 0.95,
        "special": 0.75,
        "unitPrice": "$1.67 / 100G"
    },
    {
        "category": "pantry",
        "href": "https://www.woolworths.com.au/shop/productdetails/34393/continental-simmer-soup-french-onion",
        "imgName": "034393.jpg",
        "imgSrc": "https://cdn0.woolworths.media/content/wowproductimages/medium/034393.jpg",
        "name": "Continental Simmer Soup French Onion 40g",
        "price": 0.95,
        "special": 0.75,
        "unitPrice": "$2.38 / 100G"
    },
    {
        "category": "pantry",
        "href": "https://www.woolworths.com.au/shop/productdetails/840886/continental-side-dish-roast-chicken-leek-risotto",
        "imgName": "840886.jpg",
        "imgSrc": "https://cdn0.woolworths.media/content/wowproductimages/medium/840886.jpg",
        "name": "Continental Side Dish Roast Chicken & Leek Risotto 115g",
        "price": 2.75,
        "special": 2,
        "unitPrice": "$1.74 / 100G"
    },
    {
        "category": "pantry",
        "href": "https://www.woolworths.com.au/shop/productdetails/251230/woolworths-select-turmeric-ground",
        "imgName": "251230.jpg",
        "imgSrc": "https://cdn0.woolworths.media/content/wowproductimages/medium/251230.jpg",
        "name": "Woolworths Select Turmeric Ground 30g",
        "price": 1.6,
        "unitPrice": "$0.53 / 10G"
    },
    {
        "category": "pantry",
        "href": "https://www.woolworths.com.au/shop/productdetails/170793/dick-smith-bush-foods-breakfast",
        "imgName": "170793.jpg",
        "imgSrc": "https://cdn0.woolworths.media/content/wowproductimages/medium/170793.jpg",
        "name": "Dick Smith Bush Foods Breakfast 500g",
        "price": 5.37,
        "unitPrice": "$1.07 / 100G"
    },
    {
        "category": "pantry",
        "href": "https://www.woolworths.com.au/shop/productdetails/825619/woolworths-select-chicken-chow-mein-with-rice-noodles",
        "imgName": "825619.jpg",
        "imgSrc": "https://cdn0.woolworths.media/content/wowproductimages/medium/825619.jpg",
        "name": "Woolworths Select Chicken Chow Mein With Rice Noodles 350g",
        "price": 4,
        "unitPrice": "$1.14 / 100G"
    },
    {
        "category": "pantry",
        "href": "https://www.woolworths.com.au/shop/productdetails/66527/kinder-bueno-chocolate",
        "imgName": "066527.jpg",
        "imgSrc": "https://cdn0.woolworths.media/content/wowproductimages/medium/066527.jpg",
        "name": "Kinder Bueno Chocolate  43g bar",
        "price": 2,
        "unitPrice": "$4.65 / 100G"
    },
    {
        "category": "pantry",
        "href": "https://www.woolworths.com.au/shop/productdetails/702393/marion-s-kitchen-pad-thai-cooking-kit",
        "imgName": "702393.jpg",
        "imgSrc": "https://cdn0.woolworths.media/content/wowproductimages/medium/702393.jpg",
        "name": "Marion's Kitchen Pad Thai Cooking Kit 430g",
        "price": 7.3,
        "unitPrice": "$1.70 / 100G"
    },
    {
        "category": "pantry",
        "href": "https://www.woolworths.com.au/shop/productdetails/749857/campbells-real-stock-fish",
        "imgName": "749857.jpg",
        "imgSrc": "https://cdn0.woolworths.media/content/wowproductimages/medium/749857.jpg",
        "name": "Campbells Real Stock Fish  500ml",
        "price": 2.29,
        "unitPrice": "$0.46 / 100ML"
    },
    {
        "category": "pantry",
        "href": "https://www.woolworths.com.au/shop/productdetails/265799/maynard-wine-gums",
        "imgName": "265799.jpg",
        "imgSrc": "https://cdn0.woolworths.media/content/wowproductimages/medium/265799.jpg",
        "name": "Maynard Wine Gums  39g",
        "price": 1.5,
        "unitPrice": "$3.85 / 100G"
    },
    {
        "category": "pantry",
        "href": "https://www.woolworths.com.au/shop/productdetails/720059/macro-organic-cous-cous-whole",
        "imgName": "720059.jpg",
        "imgSrc": "https://cdn0.woolworths.media/content/wowproductimages/medium/720059.jpg",
        "name": "Macro Organic Cous Cous Whole 500g",
        "price": 4,
        "unitPrice": "$0.80 / 100G"
    },
    {
        "category": "pantry",
        "href": "https://www.woolworths.com.au/shop/productdetails/611542/continental-pasta-sauce-alfredo",
        "imgName": "611542.jpg",
        "imgSrc": "https://cdn0.woolworths.media/content/wowproductimages/medium/611542.jpg",
        "name": "Continental Pasta & Sauce Alfredo 4pk 220g",
        "price": 5,
        "unitPrice": "$2.27 / 100G"
    },
    {
        "category": "pantry",
        "href": "https://www.woolworths.com.au/shop/productdetails/290301/mutti-passata-tomato-puree",
        "imgName": "290301.jpg",
        "imgSrc": "https://cdn0.woolworths.media/content/wowproductimages/medium/290301.jpg",
        "name": "Mutti Passata Tomato Puree 400g",
        "price": 2.49,
        "unitPrice": "$0.62 / 100G"
    },
    {
        "category": "pantry",
        "href": "https://www.woolworths.com.au/shop/productdetails/73897/shoyu-organic-soy-sauce-natural",
        "imgName": "073897.jpg",
        "imgSrc": "https://cdn0.woolworths.media/content/wowproductimages/medium/073897.jpg",
        "name": "Shoyu Organic Soy Sauce Natural 250ml",
        "price": 5.99,
        "unitPrice": "$2.40 / 100ML"
    },
    {
        "category": "pantry",
        "href": "https://www.woolworths.com.au/shop/productdetails/35848/ayam-fish-sauce",
        "imgName": "035848.jpg",
        "imgSrc": "https://cdn0.woolworths.media/content/wowproductimages/medium/035848.jpg",
        "name": "Ayam Fish Sauce  210ml",
        "price": 3.2,
        "unitPrice": "$1.52 / 100ML"
    },
    {
        "category": "pantry",
        "href": "https://www.woolworths.com.au/shop/productdetails/750543/woolworths-snacks-soya-crisps",
        "imgName": "750543.jpg",
        "imgSrc": "https://cdn0.woolworths.media/content/wowproductimages/medium/750543.jpg",
        "name": "Woolworths Snacks Soya Crisps 400g pack",
        "price": 7,
        "unitPrice": "$17.50 / 1KG"
    },
    {
        "category": "pantry",
        "href": "https://www.woolworths.com.au/shop/productdetails/349622/lighthouse-crusty-white-vienna-bread-mix",
        "imgName": "349622.jpg",
        "imgSrc": "https://cdn0.woolworths.media/content/wowproductimages/medium/349622.jpg",
        "name": "Lighthouse Crusty White Vienna Bread Mix 1.2kg",
        "price": 5.5,
        "unitPrice": "$4.58 / 1KG"
    },
    {
        "category": "pantry",
        "href": "https://www.woolworths.com.au/shop/productdetails/922738/dorset-cereals-really-nutty-muesli",
        "imgName": "922738.jpg",
        "imgSrc": "https://cdn0.woolworths.media/content/wowproductimages/medium/922738.jpg",
        "name": "Dorset Cereals Really Nutty Muesli 560g",
        "price": 8.3,
        "unitPrice": "$1.48 / 100G"
    },
    {
        "category": "pantry",
        "href": "https://www.woolworths.com.au/shop/productdetails/841337/dole-premium-crushed-pineapple",
        "imgName": "841337.jpg",
        "imgSrc": "https://cdn0.woolworths.media/content/wowproductimages/medium/841337.jpg",
        "name": "Dole Premium Crushed Pineapple 432g",
        "price": 2,
        "unitPrice": "$4.63 / 1KG"
    },
    {
        "category": "pantry",
        "href": "https://www.woolworths.com.au/shop/productdetails/95076/homebrand-natural-bran",
        "imgName": "095076.jpg",
        "imgSrc": "https://cdn0.woolworths.media/content/wowproductimages/medium/095076.jpg",
        "name": "Homebrand Natural Bran 500g",
        "price": 1.85,
        "unitPrice": "$0.37 / 100G"
    },
    {
        "category": "pantry",
        "href": "https://www.woolworths.com.au/shop/productdetails/430155/uncle-tobys-quick-sachets-apple-cinnamon",
        "imgName": "430155.jpg",
        "imgSrc": "https://cdn0.woolworths.media/content/wowproductimages/medium/430155.jpg",
        "name": "Uncle Tobys Quick Sachets Apple Cinnamon 420g",
        "price": 5.5,
        "unitPrice": "$1.31 / 100G"
    },
    {
        "category": "pantry",
        "href": "https://www.woolworths.com.au/shop/productdetails/752334/uncle-tobys-multigrain-quick-oats-variety-sachet",
        "imgName": "752334.jpg",
        "imgSrc": "https://cdn0.woolworths.media/content/wowproductimages/medium/752334.jpg",
        "name": "Uncle Tobys Multigrain Quick Oats Variety Sachet 10x350g",
        "price": 5.5,
        "unitPrice": "$1.57 / 100G"
    },
    {
        "category": "pantry",
        "href": "https://www.woolworths.com.au/shop/productdetails/764820/masterfoods-simmer-sauce-beef-stroganoff",
        "imgName": "764820.jpg",
        "imgSrc": "https://cdn0.woolworths.media/content/wowproductimages/medium/764820.jpg",
        "name": "Masterfoods Simmer Sauce Beef Stroganoff 495g",
        "price": 3.69,
        "unitPrice": "$0.75 / 100G"
    },
    {
        "category": "pantry",
        "href": "https://www.woolworths.com.au/shop/productdetails/261309/always-fresh-capsicum-wood-roasted-piquillo-peppers",
        "imgName": "261309.jpg",
        "imgSrc": "https://cdn0.woolworths.media/content/wowproductimages/medium/261309.jpg",
        "name": "Always Fresh Capsicum Wood Roasted Piquillo Peppers 285g",
        "price": 3.4,
        "unitPrice": "$11.93 / 1KG"
    },
    {
        "category": "pantry",
        "href": "https://www.woolworths.com.au/shop/productdetails/943285/riviana-bean-sprouts",
        "imgName": "943285.jpg",
        "imgSrc": "https://cdn0.woolworths.media/content/wowproductimages/medium/943285.jpg",
        "name": "Riviana Bean Sprouts  200g",
        "price": 1.7,
        "unitPrice": "$8.50 / 1KG"
    },
    {
        "category": "pantry",
        "href": "https://www.woolworths.com.au/shop/productdetails/591718/mccormick-slow-cookers-roast-beef-with-onion-gravy",
        "imgName": "591718.jpg",
        "imgSrc": "https://cdn0.woolworths.media/content/wowproductimages/medium/591718.jpg",
        "name": "Mccormick Slow Cookers Roast Beef With Onion Gravy 40g",
        "price": 1.69,
        "unitPrice": "$4.23 / 100G"
    },
    {
        "category": "pantry",
        "href": "https://www.woolworths.com.au/shop/productdetails/311949/sally-williams-dark-delicieux-bar",
        "imgName": "311949.jpg",
        "imgSrc": "https://cdn0.woolworths.media/content/wowproductimages/medium/311949.jpg",
        "name": "Sally Williams Dark Delicieux Bar  50g",
        "price": 2.75,
        "unitPrice": "$5.50 / 100G"
    },
    {
        "category": "pantry",
        "href": "https://www.woolworths.com.au/shop/productdetails/144709/campbell-s-country-ladle-canned-soup-beef-vegetable",
        "imgName": "144709.jpg",
        "imgSrc": "https://cdn0.woolworths.media/content/wowproductimages/medium/144709.jpg",
        "name": "Campbell's Country Ladle Canned Soup Beef & Vegetable 500g",
        "price": 3.29,
        "unitPrice": "$0.66 / 100G"
    },
    {
        "category": "pantry",
        "href": "https://www.woolworths.com.au/shop/productdetails/57053/john-west-tempters-tuna-chilli",
        "imgName": "057053.jpg",
        "imgSrc": "https://cdn0.woolworths.media/content/wowproductimages/medium/057053.jpg",
        "name": "John West Tempters Tuna Chilli 95g",
        "price": 2,
        "unitPrice": "$21.05 / 1KG"
    },
    {
        "category": "pantry",
        "href": "https://www.woolworths.com.au/shop/productdetails/717156/uncle-tobys-quick-oats-sachets-high-fibre",
        "imgName": "717156.jpg",
        "imgSrc": "https://cdn0.woolworths.media/content/wowproductimages/medium/717156.jpg",
        "name": "Uncle Tobys Quick Oats Sachets High Fibre 10pk 400g",
        "price": 5.5,
        "unitPrice": "$1.38 / 100G"
    },
    {
        "category": "pantry",
        "href": "https://www.woolworths.com.au/shop/productdetails/465076/always-fresh-roasted-pepper-strips",
        "imgName": "465076.jpg",
        "imgSrc": "https://cdn0.woolworths.media/content/wowproductimages/medium/465076.jpg",
        "name": "Always Fresh Roasted Pepper Strips  310g",
        "price": 5,
        "unitPrice": "$16.13 / 1KG"
    },
    {
        "category": "pantry",
        "href": "https://www.woolworths.com.au/shop/productdetails/115148/masterfoods-onion-salt",
        "imgName": "115148.jpg",
        "imgSrc": "https://cdn0.woolworths.media/content/wowproductimages/medium/115148.jpg",
        "name": "Masterfoods Onion Salt 178g",
        "price": 3.5,
        "unitPrice": "$0.20 / 10G"
    },
    {
        "category": "pantry",
        "href": "https://www.woolworths.com.au/shop/productdetails/220111/white-wings-98-fat-free-vanilla-creamed-rice",
        "imgName": "220111.jpg",
        "imgSrc": "https://cdn0.woolworths.media/content/wowproductimages/medium/220111.jpg",
        "name": "White Wings 98% Fat Free Vanilla Creamed Rice 430g",
        "price": 2.75,
        "unitPrice": "$0.64 / 100G"
    },
    {
        "category": "pantry",
        "href": "https://www.woolworths.com.au/shop/productdetails/241488/nando-s-marinade-peri-peri-portugese-bbq",
        "imgName": "241488.jpg",
        "imgSrc": "https://cdn0.woolworths.media/content/wowproductimages/medium/241488.jpg",
        "name": "Nando's Marinade Peri Peri Portugese Bbq 270ml",
        "price": 3.6,
        "unitPrice": "$1.33 / 100G"
    },
    {
        "category": "pantry",
        "href": "https://www.woolworths.com.au/shop/productdetails/756325/kez-s-kitchen-baked-vienna-eclairs",
        "imgName": "756325.jpg",
        "imgSrc": "https://cdn0.woolworths.media/content/wowproductimages/medium/756325.jpg",
        "name": "Kez's Kitchen Baked Vienna Eclairs  190g",
        "price": 5,
        "unitPrice": "$2.63 / 100G"
    },
    {
        "category": "pantry",
        "href": "https://www.woolworths.com.au/shop/productdetails/479202/thai-gourmet-curry-paste-red",
        "imgName": "479202.jpg",
        "imgSrc": "https://cdn0.woolworths.media/content/wowproductimages/medium/479202.jpg",
        "name": "Thai Gourmet Curry Paste Red 240g",
        "price": 2.5,
        "unitPrice": "$1.04 / 100G"
    },
    {
        "category": "pantry",
        "href": "https://www.woolworths.com.au/shop/productdetails/56698/pureharvest-rice-malt-syrup",
        "imgName": "056698.jpg",
        "imgSrc": "https://cdn0.woolworths.media/content/wowproductimages/medium/056698.jpg",
        "name": "Pureharvest Rice Malt Syrup  500g",
        "price": 3.8,
        "unitPrice": "$0.76 / 100G"
    },
    {
        "category": "pantry",
        "href": "https://www.woolworths.com.au/shop/productdetails/767585/jamie-oliver-pesto-coriander-cashew",
        "imgName": "767585.jpg",
        "imgSrc": "https://cdn0.woolworths.media/content/wowproductimages/medium/767585.jpg",
        "name": "Jamie Oliver Pesto Coriander & Cashew 190g",
        "price": 5.3,
        "unitPrice": "$2.79 / 100G"
    },
    {
        "category": "pantry",
        "href": "https://www.woolworths.com.au/shop/productdetails/110285/indomie-mi-goreng-fried-noodles",
        "imgName": "110285.jpg",
        "imgSrc": "https://cdn0.woolworths.media/content/wowproductimages/medium/110285.jpg",
        "name": "Indomie Mi Goreng Fried Noodles 85g",
        "price": 0.65,
        "unitPrice": "$0.76 / 100G"
    },
    {
        "category": "pantry",
        "href": "https://www.woolworths.com.au/shop/productdetails/829002/cadbury-baking-white-chocolate-block",
        "imgName": "829002.jpg",
        "imgSrc": "https://cdn0.woolworths.media/content/wowproductimages/medium/829002.jpg",
        "name": "Cadbury Baking White Chocolate Block 200g",
        "price": 4.5,
        "unitPrice": "$2.25 / 100G"
    },
    {
        "category": "pantry",
        "href": "https://www.woolworths.com.au/shop/productdetails/232097/homebrand-cooking-chocolate-melts",
        "imgName": "232097.jpg",
        "imgSrc": "https://cdn0.woolworths.media/content/wowproductimages/medium/232097.jpg",
        "name": "Homebrand Cooking Chocolate Melts 375g",
        "price": 2.5,
        "unitPrice": "$0.67 / 100G"
    },
    {
        "category": "pantry",
        "href": "https://www.woolworths.com.au/shop/productdetails/791148/twinings-spiced-apple-infused-chamomile-tea-bags",
        "imgName": "791148.jpg",
        "imgSrc": "https://cdn0.woolworths.media/content/wowproductimages/medium/791148.jpg",
        "name": "Twinings Spiced Apple Infused Chamomile Tea Bags 10pk",
        "price": 2.7,
        "unitPrice": "$13.50 / 100G"
    },
    {
        "category": "pantry",
        "href": "https://www.woolworths.com.au/shop/productdetails/643500/hotys-pine-nuts",
        "imgName": "643500.jpg",
        "imgSrc": "https://cdn0.woolworths.media/content/wowproductimages/medium/643500.jpg",
        "name": "Hotys Pine Nuts  25g",
        "price": 3.2,
        "unitPrice": "$1.28 / 10G"
    },
    {
        "category": "pantry",
        "href": "https://www.woolworths.com.au/shop/productdetails/98337/nestle-crunch-milk-chocolate",
        "imgName": "098337.jpg",
        "imgSrc": "https://cdn0.woolworths.media/content/wowproductimages/medium/098337.jpg",
        "name": "Nestle Crunch Milk Chocolate 200g block",
        "price": 4.5,
        "unitPrice": "$2.25 / 100G"
    },
    {
        "category": "pantry",
        "href": "https://www.woolworths.com.au/shop/productdetails/780101/dole-pineapple-premium-tropical-chunks",
        "imgName": "780101.jpg",
        "imgSrc": "https://cdn0.woolworths.media/content/wowproductimages/medium/780101.jpg",
        "name": "Dole Pineapple Premium Tropical Chunks 432g",
        "price": 2,
        "unitPrice": "$4.63 / 1KG"
    },
    {
        "category": "pantry",
        "href": "https://www.woolworths.com.au/shop/productdetails/329570/woolworths-select-pepper-grinder-medley",
        "imgName": "329570.jpg",
        "imgSrc": "https://cdn0.woolworths.media/content/wowproductimages/medium/329570.jpg",
        "name": "Woolworths Select Pepper Grinder Medley 45g",
        "price": 3,
        "unitPrice": "$0.67 / 10G"
    },
    {
        "category": "pantry",
        "href": "https://www.woolworths.com.au/shop/productdetails/34017/harvest-beef-steak-vegetables",
        "imgName": "034017.jpg",
        "imgSrc": "https://cdn0.woolworths.media/content/wowproductimages/medium/034017.jpg",
        "name": "Harvest Beef Steak Vegetables 425g",
        "price": 4,
        "unitPrice": "$9.41 / 1KG"
    },
    {
        "category": "pantry",
        "href": "https://www.woolworths.com.au/shop/productdetails/333915/mission-ingredients-burrito-tortillas",
        "imgName": "333915.jpg",
        "imgSrc": "https://cdn0.woolworths.media/content/wowproductimages/medium/333915.jpg",
        "name": "Mission Ingredients Burrito Tortillas 12pk 576g",
        "price": 4.15,
        "unitPrice": "$0.72 / 100G"
    },
    {
        "category": "pantry",
        "href": "https://www.woolworths.com.au/shop/productdetails/177972/indomie-mi-goreng-instant-noodles",
        "imgName": "177972.jpg",
        "imgSrc": "https://cdn0.woolworths.media/content/wowproductimages/medium/177972.jpg",
        "name": "Indomie Mi Goreng Instant Noodles 5pk 425g",
        "price": 2.75,
        "unitPrice": "$0.65 / 100G"
    },
    {
        "category": "pantry",
        "href": "https://www.woolworths.com.au/shop/productdetails/928003/arnolds-farm-clusters-neapolitan",
        "imgName": "928003.jpg",
        "imgSrc": "https://cdn0.woolworths.media/content/wowproductimages/medium/928003.jpg",
        "name": "Arnolds Farm Clusters Neapolitan 1kg",
        "price": 5.99,
        "unitPrice": "$0.60 / 100G"
    },
    {
        "category": "pantry",
        "href": "https://www.woolworths.com.au/shop/productdetails/780749/woolworths-select-shortbread-fingers",
        "imgName": "780749.jpg",
        "imgSrc": "https://cdn0.woolworths.media/content/wowproductimages/medium/780749.jpg",
        "name": "Woolworths Select Shortbread Fingers 200g",
        "price": 2,
        "unitPrice": "$1.00 / 100G"
    },
    {
        "category": "pantry",
        "href": "https://www.woolworths.com.au/shop/productdetails/552488/woolworths-brown-rice-microwave-cups",
        "imgName": "552488.jpg",
        "imgSrc": "https://cdn0.woolworths.media/content/wowproductimages/medium/552488.jpg",
        "name": "Woolworths Brown Rice Microwave Cups 125g",
        "price": 2,
        "unitPrice": "$0.80 / 100G"
    },
    {
        "category": "pantry",
        "href": "https://www.woolworths.com.au/shop/productdetails/350110/aeroplane-jelly-reduced-sugar-lime",
        "imgName": "350110.jpg",
        "imgSrc": "https://cdn0.woolworths.media/content/wowproductimages/medium/350110.jpg",
        "name": "Aeroplane Jelly Reduced Sugar Lime 85g",
        "price": 1.3,
        "unitPrice": "$1.53 / 100G"
    },
    {
        "category": "pantry",
        "href": "https://www.woolworths.com.au/shop/productdetails/74002/true-fruit-bars-100-tropical-fruit-nas",
        "imgName": "074002.jpg",
        "imgSrc": "https://cdn0.woolworths.media/content/wowproductimages/medium/074002.jpg",
        "name": "True Fruit Bars 100% Tropical Fruit Nas 6pk",
        "price": 4.2,
        "unitPrice": "$3.50 / 100G"
    },
    {
        "category": "pantry",
        "href": "https://www.woolworths.com.au/shop/productdetails/340070/la-zuppa-microwave-soup-creamy-chicken-vegetable",
        "imgName": "340070.jpg",
        "imgSrc": "https://cdn0.woolworths.media/content/wowproductimages/medium/340070.jpg",
        "name": "La Zuppa Microwave Soup Creamy Chicken & Vegetable 420g",
        "price": 4,
        "unitPrice": "$0.95 / 100G"
    },
    {
        "category": "pantry",
        "href": "https://www.woolworths.com.au/shop/productdetails/839882/keens-curried-sausage",
        "imgName": "839882.jpg",
        "imgSrc": "https://cdn0.woolworths.media/content/wowproductimages/medium/839882.jpg",
        "name": "Keens Curried Sausage  40g",
        "price": 1.69,
        "unitPrice": "$4.23 / 100G"
    },
    {
        "category": "pantry",
        "href": "https://www.woolworths.com.au/shop/productdetails/756335/woolworths-lychees-in-syrup",
        "imgName": "756335.jpg",
        "imgSrc": "https://cdn0.woolworths.media/content/wowproductimages/medium/756335.jpg",
        "name": "Woolworths Lychees In Syrup 560g",
        "price": 2.75,
        "unitPrice": "$4.91 / 1KG"
    },
    {
        "category": "pantry",
        "href": "https://www.woolworths.com.au/shop/productdetails/87353/pataks-ingredients-lime-medium-pickle",
        "imgName": "087353.jpg",
        "imgSrc": "https://cdn0.woolworths.media/content/wowproductimages/medium/087353.jpg",
        "name": "Pataks Ingredients Lime Medium Pickle 340g",
        "price": 6.4,
        "unitPrice": "$1.88 / 100G"
    },
    {
        "category": "pantry",
        "href": "https://www.woolworths.com.au/shop/productdetails/182271/masterfoods-recipe-base-beef-stroganoff",
        "imgName": "182271.jpg",
        "imgSrc": "https://cdn0.woolworths.media/content/wowproductimages/medium/182271.jpg",
        "name": "Masterfoods Recipe Base Beef Stroganoff 175g",
        "price": 2.19,
        "unitPrice": "$1.25 / 100G"
    },
    {
        "category": "pantry",
        "href": "https://www.woolworths.com.au/shop/productdetails/360343/woolworths-select-microwave-long-grain-white-rice",
        "imgName": "360343.jpg",
        "imgSrc": "https://cdn0.woolworths.media/content/wowproductimages/medium/360343.jpg",
        "name": "Woolworths Select Microwave Long Grain White Rice 250g",
        "price": 1.5,
        "unitPrice": "$0.60 / 100G"
    },
    {
        "category": "pantry",
        "href": "https://www.woolworths.com.au/shop/productdetails/226836/ardmona-rich-thick-basil-garlic-tomatoes",
        "imgName": "226836.jpg",
        "imgSrc": "https://cdn0.woolworths.media/content/wowproductimages/medium/226836.jpg",
        "name": "Ardmona Rich & Thick Basil & Garlic Tomatoes 410g",
        "price": 1.8,
        "unitPrice": "$4.39 / 1KG"
    },
    {
        "category": "pantry",
        "href": "https://www.woolworths.com.au/shop/productdetails/94618/hoyts-pepper-black-whole",
        "imgName": "094618.jpg",
        "imgSrc": "https://cdn0.woolworths.media/content/wowproductimages/medium/094618.jpg",
        "name": "Hoyts Pepper Black Whole 100g",
        "price": 4.3,
        "unitPrice": "$0.43 / 10G"
    },
    {
        "category": "pantry",
        "href": "https://www.woolworths.com.au/shop/productdetails/204677/campbell-s-country-ladle-canned-soup-creamy-chicken",
        "imgName": "204677.jpg",
        "imgSrc": "https://cdn0.woolworths.media/content/wowproductimages/medium/204677.jpg",
        "name": "Campbell's Country Ladle Canned Soup Creamy Chicken 500g",
        "price": 3.29,
        "unitPrice": "$0.66 / 100G"
    },
    {
        "category": "pantry",
        "href": "https://www.woolworths.com.au/shop/productdetails/750176/taylors-yorkshire-tea-bags",
        "imgName": "750176.jpg",
        "imgSrc": "https://cdn0.woolworths.media/content/wowproductimages/medium/750176.jpg",
        "name": "Taylors Yorkshire Tea Bags 100pk 220g",
        "price": 5,
        "unitPrice": "$2.27 / 100G"
    },
    {
        "category": "pantry",
        "href": "https://www.woolworths.com.au/shop/productdetails/242516/barilla-lasagne-pasta",
        "imgName": "242516.jpg",
        "imgSrc": "https://cdn0.woolworths.media/content/wowproductimages/medium/242516.jpg",
        "name": "Barilla Lasagne Pasta 250g",
        "price": 2.49,
        "unitPrice": "$1.00 / 100G"
    },
    {
        "category": "pantry",
        "href": "https://www.woolworths.com.au/shop/productdetails/656131/twinings-extra-strong-english-breakfast",
        "imgName": "656131.jpg",
        "imgSrc": "https://cdn0.woolworths.media/content/wowproductimages/medium/656131.jpg",
        "name": "Twinings Extra Strong English Breakfast 40pk",
        "price": 7,
        "unitPrice": "$7.00 / 100G"
    },
    {
        "category": "pantry",
        "href": "https://www.woolworths.com.au/shop/productdetails/40049/campbell-s-canned-soup-cream-of-celery",
        "imgName": "040049.jpg",
        "imgSrc": "https://cdn0.woolworths.media/content/wowproductimages/medium/040049.jpg",
        "name": "Campbell's Canned Soup Cream Of Celery 410g",
        "price": 1.86,
        "unitPrice": "$0.45 / 100G"
    },
    {
        "category": "pantry",
        "href": "https://www.woolworths.com.au/shop/productdetails/766607/red-kellys-dressings-sweet-chilli-lime",
        "imgName": "766607.jpg",
        "imgSrc": "https://cdn0.woolworths.media/content/wowproductimages/medium/766607.jpg",
        "name": "Red Kellys Dressings Sweet Chilli & Lime 250ml",
        "price": 3.8,
        "unitPrice": "$1.52 / 100ML"
    },
    {
        "category": "pantry",
        "href": "https://www.woolworths.com.au/shop/productdetails/839701/keens-chow-mein",
        "imgName": "839701.jpg",
        "imgSrc": "https://cdn0.woolworths.media/content/wowproductimages/medium/839701.jpg",
        "name": "Keens Chow Mein  40g",
        "price": 1.69,
        "unitPrice": "$4.23 / 100G"
    },
    {
        "category": "pantry",
        "href": "https://www.woolworths.com.au/shop/productdetails/37997/woolworths-mixed-fruit",
        "imgName": "037997.jpg",
        "imgSrc": "https://cdn0.woolworths.media/content/wowproductimages/medium/037997.jpg",
        "name": "Woolworths Mixed Fruit  1kg",
        "price": 5,
        "unitPrice": "$5.00 / 1KG"
    },
    {
        "category": "pantry",
        "href": "https://www.woolworths.com.au/shop/productdetails/454005/dole-fruit-salad-in-juice",
        "imgName": "454005.jpg",
        "imgSrc": "https://cdn0.woolworths.media/content/wowproductimages/medium/454005.jpg",
        "name": "Dole Fruit Salad In Juice  810g",
        "price": 3,
        "unitPrice": "$3.70 / 1KG"
    },
    {
        "category": "pantry",
        "href": "https://www.woolworths.com.au/shop/productdetails/922932/red-rock-deli-sweet-potato-crisps-sea-salt",
        "imgName": "922932.jpg",
        "imgSrc": "https://cdn0.woolworths.media/content/wowproductimages/medium/922932.jpg",
        "name": "Red Rock Deli Sweet Potato Crisps Sea Salt 135g",
        "price": 4.49,
        "unitPrice": "$3.33 / 100G"
    },
    {
        "category": "pantry",
        "href": "https://www.woolworths.com.au/shop/productdetails/465064/always-fresh-grilled-eggplant-sliced",
        "imgName": "465064.jpg",
        "imgSrc": "https://cdn0.woolworths.media/content/wowproductimages/medium/465064.jpg",
        "name": "Always Fresh Grilled Eggplant Sliced 320g",
        "price": 5,
        "unitPrice": "$15.63 / 1KG"
    },
    {
        "category": "pantry",
        "href": "https://www.woolworths.com.au/shop/productdetails/476528/i-quit-sugar-paleo-muesli-seeds-nuts",
        "imgName": "476528.jpg",
        "imgSrc": "https://cdn0.woolworths.media/content/wowproductimages/medium/476528.jpg",
        "name": "I Quit Sugar Paleo Muesli Seeds & Nuts 400g",
        "price": 9.99,
        "unitPrice": "$2.50 / 100G"
    },
    {
        "category": "pantry",
        "href": "https://www.woolworths.com.au/shop/productdetails/773744/dollar-sweets-decoration-rainbow-poppng-topping",
        "imgName": "773744.jpg",
        "imgSrc": "https://cdn0.woolworths.media/content/wowproductimages/medium/773744.jpg",
        "name": "Dollar Sweets Decoration Rainbow Poppng Topping 150g",
        "price": 3,
        "unitPrice": "$2.00 / 100G"
    },
    {
        "category": "pantry",
        "href": "https://www.woolworths.com.au/shop/productdetails/780106/dole-pineapple-premium-tropical-slices",
        "imgName": "780106.jpg",
        "imgSrc": "https://cdn0.woolworths.media/content/wowproductimages/medium/780106.jpg",
        "name": "Dole Pineapple Premium Tropical Slices 432g",
        "price": 2,
        "unitPrice": "$4.63 / 1KG"
    },
    {
        "category": "pantry",
        "href": "https://www.woolworths.com.au/shop/productdetails/35622/diet-rite-lite-salt",
        "imgName": "035622.jpg",
        "imgSrc": "https://cdn0.woolworths.media/content/wowproductimages/medium/035622.jpg",
        "name": "Diet Rite Lite Salt  170g",
        "price": 2.5,
        "unitPrice": "$0.15 / 10G"
    },
    {
        "category": "pantry",
        "href": "https://www.woolworths.com.au/shop/productdetails/98596/zafarelli-fettuccine-pasta-no-12",
        "imgName": "098596.jpg",
        "imgSrc": "https://cdn0.woolworths.media/content/wowproductimages/medium/098596.jpg",
        "name": "Zafarelli Fettuccine Pasta No 12 500g",
        "price": 1.94,
        "unitPrice": "$0.39 / 100G"
    },
    {
        "category": "pantry",
        "href": "https://www.woolworths.com.au/shop/productdetails/243694/ayam-paste-thai-red-curry",
        "imgName": "243694.jpg",
        "imgSrc": "https://cdn0.woolworths.media/content/wowproductimages/medium/243694.jpg",
        "name": "Ayam Paste Thai Red Curry 195g",
        "price": 3.3,
        "unitPrice": "$1.69 / 100G"
    },
    {
        "category": "pantry",
        "href": "https://www.woolworths.com.au/shop/productdetails/339435/mission-naan-bread-plain",
        "imgName": "339435.jpg",
        "imgSrc": "https://cdn0.woolworths.media/content/wowproductimages/medium/339435.jpg",
        "name": "Mission Naan Bread Plain 4pk 280g",
        "price": 3.8,
        "unitPrice": "$1.36 / 100G"
    },
    {
        "category": "pantry",
        "href": "https://www.woolworths.com.au/shop/productdetails/796497/arnott-s-shapes-light-crispy-cheddar-chives",
        "imgName": "796497.jpg",
        "imgSrc": "https://cdn0.woolworths.media/content/wowproductimages/medium/796497.jpg",
        "name": "Arnott's Shapes Light & Crispy Cheddar & Chives 120g",
        "price": 3,
        "unitPrice": "$2.50 / 100G"
    },
    {
        "category": "pantry",
        "href": "https://www.woolworths.com.au/shop/productdetails/793494/five-am-organic-cocoa-coconut-granola",
        "imgName": "793494.jpg",
        "imgSrc": "https://cdn0.woolworths.media/content/wowproductimages/medium/793494.jpg",
        "name": "Five:am Organic Cocoa & Coconut Granola 450g",
        "price": 6.89,
        "unitPrice": "$1.53 / 100G"
    },
    {
        "category": "pantry",
        "href": "https://www.woolworths.com.au/shop/productdetails/305675/golden-days-bars-sesame-snaps-dark-chocolate",
        "imgName": "305675.jpg",
        "imgSrc": "https://cdn0.woolworths.media/content/wowproductimages/medium/305675.jpg",
        "name": "Golden Days Bars Sesame Snaps Dark Chocolate 120g",
        "price": 3.1,
        "unitPrice": "$2.58 / 100G"
    },
    {
        "category": "pantry",
        "href": "https://www.woolworths.com.au/shop/productdetails/210354/hoyts-italian-herb-mix",
        "imgName": "210354.jpg",
        "imgSrc": "https://cdn0.woolworths.media/content/wowproductimages/medium/210354.jpg",
        "name": "Hoyts Italian Herb Mix 35g",
        "price": 2.7,
        "unitPrice": "$0.77 / 10G"
    },
    {
        "category": "pantry",
        "href": "https://www.woolworths.com.au/shop/productdetails/207899/kikkoman-marinade-honey-soy",
        "imgName": "207899.jpg",
        "imgSrc": "https://cdn0.woolworths.media/content/wowproductimages/medium/207899.jpg",
        "name": "Kikkoman Marinade Honey Soy 250ml",
        "price": 3.2,
        "unitPrice": "$1.28 / 100ML"
    },
    {
        "category": "pantry",
        "href": "https://www.woolworths.com.au/shop/productdetails/320444/campbells-fully-loaded-soup-stockmans-lamb-casserole",
        "imgName": "320444.jpg",
        "imgSrc": "https://cdn0.woolworths.media/content/wowproductimages/medium/320444.jpg",
        "name": "Campbells Fully Loaded Soup Stockmans Lamb Casserole 505g",
        "price": 3.79,
        "unitPrice": "$0.75 / 100G"
    },
    {
        "category": "pantry",
        "href": "https://www.woolworths.com.au/shop/productdetails/862882/obap-kimchi-paste",
        "imgName": "862882.jpg",
        "imgSrc": "https://cdn0.woolworths.media/content/wowproductimages/medium/862882.jpg",
        "name": "Obap Kimchi Paste 180g",
        "price": 4.5,
        "unitPrice": "$2.50 / 100G"
    },
    {
        "category": "pantry",
        "href": "https://www.woolworths.com.au/shop/productdetails/732383/golden-days-snacks-sesame-snap-yoghurt",
        "imgName": "732383.jpg",
        "imgSrc": "https://cdn0.woolworths.media/content/wowproductimages/medium/732383.jpg",
        "name": "Golden Days Snacks Sesame Snap Yoghurt 3pk 120g",
        "price": 3.1,
        "unitPrice": "$2.58 / 100G"
    },
    {
        "category": "pantry",
        "href": "https://www.woolworths.com.au/shop/productdetails/795886/nutella-hazelnut-spread",
        "imgName": "795886.jpg",
        "imgSrc": "https://cdn0.woolworths.media/content/wowproductimages/medium/795886.jpg",
        "name": "Nutella Hazelnut Spread 12pk 180g",
        "price": 4.75,
        "unitPrice": "$2.64 / 100G"
    },
    {
        "category": "pantry",
        "href": "https://www.woolworths.com.au/shop/productdetails/931801/macro-muesli-berry",
        "imgName": "931801.jpg",
        "imgSrc": "https://cdn0.woolworths.media/content/wowproductimages/medium/931801.jpg",
        "name": "Macro Muesli Berry 750g",
        "price": 7,
        "unitPrice": "$0.93 / 100G"
    },
    {
        "category": "pantry",
        "href": "https://www.woolworths.com.au/shop/productdetails/42861/twinings-russian-caravan-loose-leaf-tea",
        "imgName": "042861.jpg",
        "imgSrc": "https://cdn0.woolworths.media/content/wowproductimages/medium/042861.jpg",
        "name": "Twinings Russian Caravan Loose Leaf Tea 125g",
        "price": 7,
        "unitPrice": "$5.60 / 100G"
    },
    {
        "category": "pantry",
        "href": "https://www.woolworths.com.au/shop/productdetails/430010/uncle-tobys-o-g-oatmeal-cranberry-strawberry-almonds",
        "imgName": "430010.jpg",
        "imgSrc": "https://cdn0.woolworths.media/content/wowproductimages/medium/430010.jpg",
        "name": "Uncle Tobys O&g Oatmeal Cranberry Strawberry & Almonds 320g 8 sachets",
        "price": 5.7,
        "unitPrice": "$1.78 / 100G"
    },
    {
        "category": "pantry",
        "href": "https://www.woolworths.com.au/shop/productdetails/434626/beechworth-bee-cause-mountain-honey",
        "imgName": "434626.jpg",
        "imgSrc": "https://cdn0.woolworths.media/content/wowproductimages/medium/434626.jpg",
        "name": "Beechworth Bee Cause Mountain Honey 400g",
        "price": 7,
        "unitPrice": "$1.75 / 100G"
    },
    {
        "category": "pantry",
        "href": "https://www.woolworths.com.au/shop/productdetails/90000832/gold-medal-snacks-pork-krackles-50g-x-6-bundle",
        "imgName": "90000832.jpg",
        "imgSrc": "https://cdn0.woolworths.media/content/wowproductimages/medium/90000832.jpg",
        "name": "Gold Medal Snacks Pork Krackles 50g X 6 Bundle",
        "price": 12,
        "unitPrice": "$4.00 / G"
    },
    {
        "category": "pantry",
        "href": "https://www.woolworths.com.au/shop/productdetails/827655/uncle-tobys-plus-muesli-flakes",
        "imgName": "827655.jpg",
        "imgSrc": "https://cdn0.woolworths.media/content/wowproductimages/medium/827655.jpg",
        "name": "Uncle Tobys Plus Muesli Flakes 820g",
        "price": 6.75,
        "unitPrice": "$0.82 / 100G"
    },
    {
        "category": "pantry",
        "href": "https://www.woolworths.com.au/shop/productdetails/801547/allowrie-mixed-blossom-twist-squeeze-honey",
        "imgName": "801547.jpg",
        "imgSrc": "https://cdn0.woolworths.media/content/wowproductimages/medium/801547.jpg",
        "name": "Allowrie Mixed Blossom Twist & Squeeze Honey 375g",
        "price": 5.3,
        "unitPrice": "$1.41 / 100G"
    },
    {
        "category": "pantry",
        "href": "https://www.woolworths.com.au/shop/productdetails/869235/nutella-go-hazelnut-spread-with-breadsticks",
        "imgName": "869235.jpg",
        "imgSrc": "https://cdn0.woolworths.media/content/wowproductimages/medium/869235.jpg",
        "name": "Nutella & Go Hazelnut Spread With Breadsticks 48g",
        "price": 2.5,
        "unitPrice": "$5.21 / 100G"
    },
    {
        "category": "pantry",
        "href": "https://www.woolworths.com.au/shop/productdetails/67291/greens-cake-mix-traditional-carrot",
        "imgName": "067291.jpg",
        "imgSrc": "https://cdn0.woolworths.media/content/wowproductimages/medium/067291.jpg",
        "name": "Greens Cake Mix Traditional Carrot 470g",
        "price": 2.75,
        "unitPrice": "$0.59 / 100G"
    },
    {
        "category": "pantry",
        "href": "https://www.woolworths.com.au/shop/productdetails/27298/mckenzie-s-dried-veg-pearl-barley",
        "imgName": "027298.jpg",
        "imgSrc": "https://cdn0.woolworths.media/content/wowproductimages/medium/027298.jpg",
        "name": "Mckenzie's Dried Veg Pearl Barley 500g",
        "price": 1.65,
        "unitPrice": "$0.33 / 100G"
    },
    {
        "category": "pantry",
        "href": "https://www.woolworths.com.au/shop/productdetails/44571/essentials-pasta-spaghetti",
        "imgName": "044571.jpg",
        "imgSrc": "https://cdn0.woolworths.media/content/wowproductimages/medium/044571.jpg",
        "name": "Essentials Pasta Spaghetti 500g",
        "price": 0.65,
        "unitPrice": "$0.13 / 100G"
    },
    {
        "category": "pantry",
        "href": "https://www.woolworths.com.au/shop/productdetails/8541/celestial-seasonings-herbal-tea-sleepytime-tea-bags",
        "imgName": "008541.jpg",
        "imgSrc": "https://cdn0.woolworths.media/content/wowproductimages/medium/008541.jpg",
        "name": "Celestial Seasonings Herbal Tea Sleepytime Tea Bags 20pk 30g",
        "price": 4.2,
        "unitPrice": "$14.09 / 100G"
    },
    {
        "category": "pantry",
        "href": "https://www.woolworths.com.au/shop/productdetails/91922/trident-instant-soup-thai-tom-yum-goong-with-noodle",
        "imgName": "091922.jpg",
        "imgSrc": "https://cdn0.woolworths.media/content/wowproductimages/medium/091922.jpg",
        "name": "Trident Instant Soup Thai Tom Yum Goong With Noodle 50g",
        "price": 1.2,
        "unitPrice": "$2.40 / 100G"
    },
    {
        "category": "pantry",
        "href": "https://www.woolworths.com.au/shop/productdetails/146359/barilla-pasta-sauce-napoletana",
        "imgName": "146359.jpg",
        "imgSrc": "https://cdn0.woolworths.media/content/wowproductimages/medium/146359.jpg",
        "name": "Barilla Pasta Sauce Napoletana 400g",
        "price": 3.75,
        "unitPrice": "$0.94 / 100G"
    },
    {
        "category": "pantry",
        "href": "https://www.woolworths.com.au/shop/productdetails/96231/edgell-sweet-sliced-beetroot-sliced-sweet",
        "imgName": "096231.jpg",
        "imgSrc": "https://cdn0.woolworths.media/content/wowproductimages/medium/096231.jpg",
        "name": "Edgell Sweet Sliced Beetroot Sliced Sweet 425g",
        "price": 1.8,
        "unitPrice": "$4.24 / 1KG"
    },
    {
        "category": "pantry",
        "href": "https://www.woolworths.com.au/shop/productdetails/250299/valcom-paste-pad-thai",
        "imgName": "250299.jpg",
        "imgSrc": "https://cdn0.woolworths.media/content/wowproductimages/medium/250299.jpg",
        "name": "Valcom Paste Pad Thai 240g",
        "price": 4,
        "unitPrice": "$1.67 / 100G"
    },
    {
        "category": "pantry",
        "href": "https://www.woolworths.com.au/shop/productdetails/198678/always-fresh-dolmades",
        "imgName": "198678.jpg",
        "imgSrc": "https://cdn0.woolworths.media/content/wowproductimages/medium/198678.jpg",
        "name": "Always Fresh Dolmades  280g",
        "price": 4.9,
        "unitPrice": "$17.50 / 1KG"
    },
    {
        "category": "pantry",
        "href": "https://www.woolworths.com.au/shop/productdetails/141018/kan-tong-inspirations-noodles-udon",
        "imgName": "141018.jpg",
        "imgSrc": "https://cdn0.woolworths.media/content/wowproductimages/medium/141018.jpg",
        "name": "Kan Tong Inspirations Noodles Udon 2pk 440g",
        "price": 3.1,
        "unitPrice": "$0.70 / 100G"
    },
    {
        "category": "pantry",
        "href": "https://www.woolworths.com.au/shop/productdetails/251228/woolworths-thyme-leaves",
        "imgName": "251228.jpg",
        "imgSrc": "https://cdn0.woolworths.media/content/wowproductimages/medium/251228.jpg",
        "name": "Woolworths Thyme Leaves 12g",
        "price": 1.7,
        "unitPrice": "$1.42 / 10G"
    },
    {
        "category": "pantry",
        "href": "https://www.woolworths.com.au/shop/productdetails/186114/passage-to-india-simmer-sauce-butter-chicken",
        "imgName": "186114.jpg",
        "imgSrc": "https://cdn0.woolworths.media/content/wowproductimages/medium/186114.jpg",
        "name": "Passage To India Simmer Sauce Butter Chicken 375g",
        "price": 4.3,
        "unitPrice": "$1.15 / 100G"
    },
    {
        "category": "pantry",
        "href": "https://www.woolworths.com.au/shop/productdetails/212296/healtheries-kidscare-rice-snacks-wheels-cheese",
        "imgName": "212296.jpg",
        "imgSrc": "https://cdn0.woolworths.media/content/wowproductimages/medium/212296.jpg",
        "name": "Healtheries Kidscare Rice Snacks Wheels Cheese 10pk 180g",
        "price": 5.39,
        "unitPrice": "$2.99 / 100G"
    },
    {
        "category": "pantry",
        "href": "https://www.woolworths.com.au/shop/productdetails/329104/uncle-tobys-wildberry-fruity-bites",
        "imgName": "329104.jpg",
        "imgSrc": "https://cdn0.woolworths.media/content/wowproductimages/medium/329104.jpg",
        "name": "Uncle Tobys Wildberry Fruity Bites 500g",
        "price": 4.99,
        "unitPrice": "$1.00 / 100G"
    },
    {
        "category": "pantry",
        "href": "https://www.woolworths.com.au/shop/productdetails/270976/uncle-bens-express-microwave-rice-special-fried",
        "imgName": "270976.jpg",
        "imgSrc": "https://cdn0.woolworths.media/content/wowproductimages/medium/270976.jpg",
        "name": "Uncle Bens Express Microwave Rice Special Fried 250g",
        "price": 3.25,
        "unitPrice": "$1.30 / 100G"
    },
    {
        "category": "pantry",
        "href": "https://www.woolworths.com.au/shop/productdetails/466193/king-oscar-mackerel-in-tomato-sauce",
        "imgName": "466193.jpg",
        "imgSrc": "https://cdn0.woolworths.media/content/wowproductimages/medium/466193.jpg",
        "name": "King Oscar Mackerel In Tomato Sauce 115g",
        "price": 3.3,
        "unitPrice": "$28.70 / 1KG"
    },
    {
        "category": "pantry",
        "href": "https://www.woolworths.com.au/shop/productdetails/348276/maille-dijon-mustard-honey",
        "imgName": "348276.jpg",
        "imgSrc": "https://cdn0.woolworths.media/content/wowproductimages/medium/348276.jpg",
        "name": "Maille Dijon Mustard Honey 200ml",
        "price": 4,
        "unitPrice": "$1.74 / 100G"
    },
    {
        "category": "pantry",
        "href": "https://www.woolworths.com.au/shop/productdetails/464822/always-fresh-capers-vinegar",
        "imgName": "464822.jpg",
        "imgSrc": "https://cdn0.woolworths.media/content/wowproductimages/medium/464822.jpg",
        "name": "Always Fresh Capers Vinegar 230g",
        "price": 3.25,
        "unitPrice": "$14.13 / 1KG"
    },
    {
        "category": "pantry",
        "href": "https://www.woolworths.com.au/shop/productdetails/445813/just-foods-crushed-garlic-organic",
        "imgName": "445813.jpg",
        "imgSrc": "https://cdn0.woolworths.media/content/wowproductimages/medium/445813.jpg",
        "name": "Just Foods Crushed Garlic Organic 185g",
        "price": 2.99,
        "unitPrice": "$0.16 / 10G"
    },
    {
        "category": "pantry",
        "href": "https://www.woolworths.com.au/shop/productdetails/655425/huy-fong-sriracha-hot-chilli-sauce",
        "imgName": "655425.jpg",
        "imgSrc": "https://cdn0.woolworths.media/content/wowproductimages/medium/655425.jpg",
        "name": "Huy Fong Sriracha Hot Chilli Sauce 740ml",
        "price": 7,
        "unitPrice": "$0.95 / 100ML"
    },
    {
        "category": "pantry",
        "href": "https://www.woolworths.com.au/shop/productdetails/787369/health-attack-crispyfruits-apple",
        "imgName": "787369.jpg",
        "imgSrc": "https://cdn0.woolworths.media/content/wowproductimages/medium/787369.jpg",
        "name": "Health Attack Crispyfruits Apple 10g",
        "price": 1.5,
        "unitPrice": "$150.00 / 1KG"
    },
    {
        "category": "pantry",
        "href": "https://www.woolworths.com.au/shop/productdetails/652587/one-night-in-mexico-chipotle-chicken-taco-kit",
        "imgName": "652587.jpg",
        "imgSrc": "https://cdn0.woolworths.media/content/wowproductimages/medium/652587.jpg",
        "name": "One Night In Mexico Chipotle Chicken Taco Kit 435g",
        "price": 7,
        "unitPrice": "$1.35 / 100G"
    },
    {
        "category": "pantry",
        "href": "https://www.woolworths.com.au/shop/productdetails/963209/don-antonio-pasta-sauce-sugo-al-basilico",
        "imgName": "963209.jpg",
        "imgSrc": "https://cdn0.woolworths.media/content/wowproductimages/medium/963209.jpg",
        "name": "Don Antonio Pasta Sauce Sugo Al Basilico 500g",
        "price": 5.99,
        "unitPrice": "$1.20 / 100G"
    },
    {
        "category": "pantry",
        "href": "https://www.woolworths.com.au/shop/productdetails/780645/wonka-nerds-rainbow",
        "imgName": "780645.jpg",
        "imgSrc": "https://cdn0.woolworths.media/content/wowproductimages/medium/780645.jpg",
        "name": "Wonka Nerds Rainbow 141.7g",
        "price": 2.8,
        "unitPrice": "$1.98 / 100G"
    },
    {
        "category": "pantry",
        "href": "https://www.woolworths.com.au/shop/productdetails/957591/leggos-providore-tomato-pepper",
        "imgName": "957591.jpg",
        "imgSrc": "https://cdn0.woolworths.media/content/wowproductimages/medium/957591.jpg",
        "name": "Leggos Providore Tomato & Pepper 400g",
        "price": 4.99,
        "unitPrice": "$1.25 / 100G"
    },
    {
        "category": "pantry",
        "href": "https://www.woolworths.com.au/shop/productdetails/887994/woolworths-select-pink-himalayan-salt-grinder",
        "imgName": "887994.jpg",
        "imgSrc": "https://cdn0.woolworths.media/content/wowproductimages/medium/887994.jpg",
        "name": "Woolworths Select Pink Himalayan Salt Grinder 110g",
        "price": 3,
        "unitPrice": "$0.27 / 10G"
    },
    {
        "category": "pantry",
        "href": "https://www.woolworths.com.au/shop/productdetails/856773/s-b-miso-soup-tofu",
        "imgName": "856773.jpg",
        "imgSrc": "https://cdn0.woolworths.media/content/wowproductimages/medium/856773.jpg",
        "name": "S&b Miso Soup Tofu 30g",
        "price": 3.75,
        "unitPrice": "$12.50 / 100G"
    },
    {
        "category": "pantry",
        "href": "https://www.woolworths.com.au/shop/productdetails/931853/macro-muesli-cranberry-cacao",
        "imgName": "931853.jpg",
        "imgSrc": "https://cdn0.woolworths.media/content/wowproductimages/medium/931853.jpg",
        "name": "Macro Muesli Cranberry Cacao 750g",
        "price": 7,
        "unitPrice": "$0.93 / 100G"
    },
    {
        "category": "pantry",
        "href": "https://www.woolworths.com.au/shop/productdetails/694552/woolworths-select-arborio-rice",
        "imgName": "694552.jpg",
        "imgSrc": "https://cdn0.woolworths.media/content/wowproductimages/medium/694552.jpg",
        "name": "Woolworths Select Arborio Rice  1kg",
        "price": 2.6,
        "unitPrice": "$0.26 / 100G"
    },
    {
        "category": "pantry",
        "href": "https://www.woolworths.com.au/shop/productdetails/20399/hoyts-coriander-seed-whole",
        "imgName": "020399.jpg",
        "imgSrc": "https://cdn0.woolworths.media/content/wowproductimages/medium/020399.jpg",
        "name": "Hoyts Coriander Seed Whole 25g",
        "price": 1.3,
        "unitPrice": "$0.52 / 10G"
    },
    {
        "category": "pantry",
        "href": "https://www.woolworths.com.au/shop/productdetails/258946/lavazza-coffee-beans-caffe-espresso",
        "imgName": "258946.jpg",
        "imgSrc": "https://cdn0.woolworths.media/content/wowproductimages/medium/258946.jpg",
        "name": "Lavazza Coffee Beans Caffe Espresso 1kg",
        "price": 30,
        "unitPrice": "$3.00 / 100G"
    },
    {
        "category": "pantry",
        "href": "https://www.woolworths.com.au/shop/productdetails/325566/kurrajong-kitchen-lavosh-thins-caramelised-onion-sea-salt",
        "imgName": "325566.jpg",
        "imgSrc": "https://cdn0.woolworths.media/content/wowproductimages/medium/325566.jpg",
        "name": "Kurrajong Kitchen Lavosh Thins Caramelised Onion & Sea Salt 125g",
        "price": 3.99,
        "unitPrice": "$3.19 / 100G"
    },
    {
        "category": "pantry",
        "href": "https://www.woolworths.com.au/shop/productdetails/724352/conimex-ingredients-nasi-goreng",
        "imgName": "724352.jpg",
        "imgSrc": "https://cdn0.woolworths.media/content/wowproductimages/medium/724352.jpg",
        "name": "Conimex Ingredients Nasi Goreng 39g",
        "price": 2.7,
        "unitPrice": "$6.92 / 100G"
    },
    {
        "category": "pantry",
        "href": "https://www.woolworths.com.au/shop/productdetails/963210/don-antonio-pasta-sauce-sugo-all-arrabbiata",
        "imgName": "963210.jpg",
        "imgSrc": "https://cdn0.woolworths.media/content/wowproductimages/medium/963210.jpg",
        "name": "Don Antonio Pasta Sauce Sugo All Arrabbiata 500g",
        "price": 5.99,
        "unitPrice": "$1.20 / 100G"
    },
    {
        "category": "pantry",
        "href": "https://www.woolworths.com.au/shop/productdetails/716793/hoyts-cinnamon-sugar",
        "imgName": "716793.jpg",
        "imgSrc": "https://cdn0.woolworths.media/content/wowproductimages/medium/716793.jpg",
        "name": "Hoyts Cinnamon Sugar 70g",
        "price": 1.9,
        "unitPrice": "$0.27 / 10G"
    },
    {
        "category": "pantry",
        "href": "https://www.woolworths.com.au/shop/productdetails/716890/hoyts-curry-powder-mild",
        "imgName": "716890.jpg",
        "imgSrc": "https://cdn0.woolworths.media/content/wowproductimages/medium/716890.jpg",
        "name": "Hoyts Curry Powder Mild 50g",
        "price": 2,
        "unitPrice": "$0.40 / 10G"
    },
    {
        "category": "pantry",
        "href": "https://www.woolworths.com.au/shop/productdetails/54148/continental-cup-a-soup-chinese-chicken-corn-with-lots-of-noodles",
        "imgName": "054148.jpg",
        "imgSrc": "https://cdn0.woolworths.media/content/wowproductimages/medium/054148.jpg",
        "name": "Continental Cup A Soup Chinese Chicken & Corn With Lots Of Noodles 2pk 66g",
        "price": 2,
        "unitPrice": "$3.03 / 100G"
    },
    {
        "category": "pantry",
        "href": "https://www.woolworths.com.au/shop/productdetails/98523/john-west-sardines-in-spring-water",
        "imgName": "098523.jpg",
        "imgSrc": "https://cdn0.woolworths.media/content/wowproductimages/medium/098523.jpg",
        "name": "John West Sardines In Spring Water 110g",
        "price": 2.7,
        "unitPrice": "$24.55 / 1KG"
    },
    {
        "category": "pantry",
        "href": "https://www.woolworths.com.au/shop/productdetails/658778/be-natural-granola-vanilla-crisp",
        "imgName": "658778.jpg",
        "imgSrc": "https://cdn0.woolworths.media/content/wowproductimages/medium/658778.jpg",
        "name": "Be Natural Granola Vanilla Crisp 260g",
        "price": 7,
        "unitPrice": "$2.69 / 100G"
    },
    {
        "category": "pantry",
        "href": "https://www.woolworths.com.au/shop/productdetails/700255/leggo-s-squeezy-pizza-bbq-sauce",
        "imgName": "700255.jpg",
        "imgSrc": "https://cdn0.woolworths.media/content/wowproductimages/medium/700255.jpg",
        "name": "Leggo's Squeezy Pizza Bbq Sauce 400g",
        "price": 3.49,
        "unitPrice": "$0.87 / 100G"
    },
    {
        "category": "pantry",
        "href": "https://www.woolworths.com.au/shop/productdetails/355155/macro-sultanas",
        "imgName": "355155.jpg",
        "imgSrc": "https://cdn0.woolworths.media/content/wowproductimages/medium/355155.jpg",
        "name": "Macro Sultanas  500g",
        "price": 4.49,
        "unitPrice": "$8.98 / 1KG"
    },
    {
        "category": "pantry",
        "href": "https://www.woolworths.com.au/shop/productdetails/358591/meiji-hello-panda-snacks-strawberry",
        "imgName": "358591.jpg",
        "imgSrc": "https://cdn0.woolworths.media/content/wowproductimages/medium/358591.jpg",
        "name": "Meiji Hello Panda Snacks Strawberry 57.5g",
        "price": 1.9,
        "unitPrice": "$3.80 / 100G"
    },
    {
        "category": "pantry",
        "href": "https://www.woolworths.com.au/shop/productdetails/841673/mamee-chef-curry-laksa-cup",
        "imgName": "841673.jpg",
        "imgSrc": "https://cdn0.woolworths.media/content/wowproductimages/medium/841673.jpg",
        "name": "Mamee Chef Curry Laksa Cup 72g",
        "price": 2.3,
        "unitPrice": "$3.19 / 100G"
    },
    {
        "category": "pantry",
        "href": "https://www.woolworths.com.au/shop/productdetails/308447/madame-flavour-sultry-chai-tea-pods",
        "imgName": "308447.jpg",
        "imgSrc": "https://cdn0.woolworths.media/content/wowproductimages/medium/308447.jpg",
        "name": "Madame Flavour Sultry Chai Tea Pods 18pk 27g",
        "price": 5.8,
        "unitPrice": "$16.11 / 100G"
    },
    {
        "category": "pantry",
        "href": "https://www.woolworths.com.au/shop/productdetails/345959/cobram-estate-extra-virgin-olive-oil-garlic-infused",
        "imgName": "345959.jpg",
        "imgSrc": "https://cdn0.woolworths.media/content/wowproductimages/medium/345959.jpg",
        "name": "Cobram Estate Extra Virgin Olive Oil Garlic Infused 250ml",
        "price": 5.5,
        "unitPrice": "$2.20 / 100ML"
    },
    {
        "category": "pantry",
        "href": "https://www.woolworths.com.au/shop/productdetails/291286/all-natural-bakery-bars-oat-slice-yog-peach-mango",
        "imgName": "291286.jpg",
        "imgSrc": "https://cdn0.woolworths.media/content/wowproductimages/medium/291286.jpg",
        "name": "All Natural Bakery Bars Oat Slice Yog Peach & Mango 100g",
        "price": 2.69,
        "unitPrice": "$2.69 / 100G"
    },
    {
        "category": "pantry",
        "href": "https://www.woolworths.com.au/shop/productdetails/320994/mckenzie-s-pepper-black-whole",
        "imgName": "320994.jpg",
        "imgSrc": "https://cdn0.woolworths.media/content/wowproductimages/medium/320994.jpg",
        "name": "Mckenzie's Pepper Black Whole 200g",
        "price": 5.95,
        "unitPrice": "$0.30 / 10G"
    },
    {
        "category": "pantry",
        "href": "https://www.woolworths.com.au/shop/productdetails/76465/continental-cup-a-soup-instant-soup-hearty-spanish-tomato",
        "imgName": "076465.jpg",
        "imgSrc": "https://cdn0.woolworths.media/content/wowproductimages/medium/076465.jpg",
        "name": "Continental Cup A Soup Instant Soup Hearty Spanish Tomato 2pk 70g",
        "price": 2,
        "unitPrice": "$2.86 / 100G"
    },
    {
        "category": "pantry",
        "href": "https://www.woolworths.com.au/shop/productdetails/117427/lowan-gluten-free-cereal-rice-wih-orchard-fruits",
        "imgName": "117427.jpg",
        "imgSrc": "https://cdn0.woolworths.media/content/wowproductimages/medium/117427.jpg",
        "name": "Lowan Gluten Free Cereal Rice Wih Orchard Fruits 500g",
        "price": 5.7,
        "unitPrice": "$1.14 / 100G"
    },
    {
        "category": "pantry",
        "href": "https://www.woolworths.com.au/shop/productdetails/297000/macro-organic-coconut-cream",
        "imgName": "297000.jpg",
        "imgSrc": "https://cdn0.woolworths.media/content/wowproductimages/medium/297000.jpg",
        "name": "Macro Organic Coconut Cream 400ml",
        "price": 2.5,
        "unitPrice": "$0.63 / 100ML"
    },
    {
        "category": "pantry",
        "href": "https://www.woolworths.com.au/shop/productdetails/329999/ayam-malaysian-laksa-paste",
        "imgName": "329999.jpg",
        "imgSrc": "https://cdn0.woolworths.media/content/wowproductimages/medium/329999.jpg",
        "name": "Ayam Malaysian Laksa Paste 185g",
        "price": 3.3,
        "unitPrice": "$1.78 / 100G"
    },
    {
        "category": "pantry",
        "href": "https://www.woolworths.com.au/shop/productdetails/445854/mccormicks-grill-mates-tennessee-smokehouse-bbq-rub",
        "imgName": "445854.jpg",
        "imgSrc": "https://cdn0.woolworths.media/content/wowproductimages/medium/445854.jpg",
        "name": "Mccormicks Grill Mates Tennessee Smokehouse Bbq Rub  40g",
        "price": 1.99,
        "unitPrice": "$0.50 / 10G"
    },
    {
        "category": "pantry",
        "href": "https://www.woolworths.com.au/shop/productdetails/828832/continental-pasta-sauce-stroganoff",
        "imgName": "828832.jpg",
        "imgSrc": "https://cdn0.woolworths.media/content/wowproductimages/medium/828832.jpg",
        "name": "Continental Pasta & Sauce Stroganoff 90g",
        "price": 2.09,
        "unitPrice": "$2.32 / 100G"
    },
    {
        "category": "pantry",
        "href": "https://www.woolworths.com.au/shop/productdetails/19736/john-west-tuna-light-in-springwater",
        "imgName": "019736.jpg",
        "imgSrc": "https://cdn0.woolworths.media/content/wowproductimages/medium/019736.jpg",
        "name": "John West Tuna Light In Springwater 425g",
        "price": 5.75,
        "unitPrice": "$13.53 / 1KG"
    },
    {
        "category": "pantry",
        "href": "https://www.woolworths.com.au/shop/productdetails/82128/valcom-paste-massaman-curry",
        "imgName": "082128.jpg",
        "imgSrc": "https://cdn0.woolworths.media/content/wowproductimages/medium/082128.jpg",
        "name": "Valcom Paste Massaman Curry 210g",
        "price": 4,
        "unitPrice": "$1.90 / 100G"
    },
    {
        "category": "pantry",
        "href": "https://www.woolworths.com.au/shop/productdetails/319056/nerada-organic-rooibos-vanilla-tea-bags",
        "imgName": "319056.jpg",
        "imgSrc": "https://cdn0.woolworths.media/content/wowproductimages/medium/319056.jpg",
        "name": "Nerada Organic Rooibos & Vanilla Tea Bags 50pk",
        "price": 4.7,
        "unitPrice": "$0.09 / 1EA"
    },
    {
        "category": "pantry",
        "href": "https://www.woolworths.com.au/shop/productdetails/477037/pod-a-licious-coffee-pods-intense",
        "imgName": "477037.jpg",
        "imgSrc": "https://cdn0.woolworths.media/content/wowproductimages/medium/477037.jpg",
        "name": "Pod A Licious Coffee Pods Intense 18pk",
        "price": 5.99,
        "unitPrice": "$6.66 / 100G"
    },
    {
        "category": "pantry",
        "href": "https://www.woolworths.com.au/shop/productdetails/86/pearl-river-bridge-soy-sauce-soy-superior",
        "imgName": "000086.jpg",
        "imgSrc": "https://cdn0.woolworths.media/content/wowproductimages/medium/000086.jpg",
        "name": "Pearl River Bridge Soy Sauce Soy Superior 500ml",
        "price": 2.7,
        "unitPrice": "$0.54 / 100ML"
    },
    {
        "category": "pantry",
        "href": "https://www.woolworths.com.au/shop/productdetails/199946/altimate-ice-cream-wafer-cones",
        "imgName": "199946.jpg",
        "imgSrc": "https://cdn0.woolworths.media/content/wowproductimages/medium/199946.jpg",
        "name": "Altimate Ice Cream Wafer Cones 24pk",
        "price": 3.1,
        "unitPrice": "$3.60 / 100G"
    },
    {
        "category": "pantry",
        "href": "https://www.woolworths.com.au/shop/productdetails/750029/sunrice-brown-rice",
        "imgName": "750029.jpg",
        "imgSrc": "https://cdn0.woolworths.media/content/wowproductimages/medium/750029.jpg",
        "name": "Sunrice Brown Rice  5kg",
        "price": 13.5,
        "unitPrice": "$0.27 / 100G"
    },
    {
        "category": "pantry",
        "href": "https://www.woolworths.com.au/shop/productdetails/37613/essentials-packet-soup-mix-chicken-noodle",
        "imgName": "037613.jpg",
        "imgSrc": "https://cdn0.woolworths.media/content/wowproductimages/medium/037613.jpg",
        "name": "Essentials Packet Soup Mix Chicken Noodle 50g",
        "price": 0.45,
        "unitPrice": "$0.90 / 100G"
    },
    {
        "category": "pantry",
        "href": "https://www.woolworths.com.au/shop/productdetails/766482/qi-wellness-herbal-tea",
        "imgName": "766482.jpg",
        "imgSrc": "https://cdn0.woolworths.media/content/wowproductimages/medium/766482.jpg",
        "name": "Qi Wellness Herbal Tea  25pk 40g",
        "price": 5,
        "unitPrice": "$12.50 / 100G"
    },
    {
        "category": "pantry",
        "href": "https://www.woolworths.com.au/shop/productdetails/44765/masterfoods-cajun-seasoning",
        "imgName": "044765.jpg",
        "imgSrc": "https://cdn0.woolworths.media/content/wowproductimages/medium/044765.jpg",
        "name": "Masterfoods Cajun Seasoning 35g",
        "price": 2.8,
        "unitPrice": "$0.80 / 10G"
    },
    {
        "category": "pantry",
        "href": "https://www.woolworths.com.au/shop/productdetails/93445/old-el-paso-mexican-chilli-spice-mix",
        "imgName": "093445.jpg",
        "imgSrc": "https://cdn0.woolworths.media/content/wowproductimages/medium/093445.jpg",
        "name": "Old El Paso Mexican Chilli Spice Mix 35g",
        "price": 2,
        "unitPrice": "$5.71 / 100G"
    },
    {
        "category": "pantry",
        "href": "https://www.woolworths.com.au/shop/productdetails/228530/lipton-flavoured-tea-bags-chai",
        "imgName": "228530.jpg",
        "imgSrc": "https://cdn0.woolworths.media/content/wowproductimages/medium/228530.jpg",
        "name": "Lipton Flavoured Tea Bags Chai 20pk 50g",
        "price": 5,
        "unitPrice": "$10.00 / 100G"
    },
    {
        "category": "pantry",
        "href": "https://www.woolworths.com.au/shop/productdetails/210007/masterfoods-seasoning-portugese-chicken",
        "imgName": "210007.jpg",
        "imgSrc": "https://cdn0.woolworths.media/content/wowproductimages/medium/210007.jpg",
        "name": "Masterfoods Seasoning Portugese Chicken 50g",
        "price": 3.75,
        "unitPrice": "$0.75 / 10G"
    },
    {
        "category": "pantry",
        "href": "https://www.woolworths.com.au/shop/productdetails/214321/sunrice-rice-cakes-thin-sundried-tomato-basil",
        "imgName": "214321.jpg",
        "imgSrc": "https://cdn0.woolworths.media/content/wowproductimages/medium/214321.jpg",
        "name": "Sunrice Rice Cakes Thin Sundried Tomato & Basil 195g",
        "price": 2.7,
        "unitPrice": "$1.38 / 100G"
    },
    {
        "category": "pantry",
        "href": "https://www.woolworths.com.au/shop/productdetails/535778/nestle-milo-bars-original",
        "imgName": "535778.jpg",
        "imgSrc": "https://cdn0.woolworths.media/content/wowproductimages/medium/535778.jpg",
        "name": "Nestle Milo Bars Original 10pk 210g",
        "price": 6.8,
        "unitPrice": "$3.24 / 100G"
    },
    {
        "category": "pantry",
        "href": "https://www.woolworths.com.au/shop/productdetails/758322/dolmio-extra-pasta-sauce-garlic",
        "imgName": "758322.jpg",
        "imgSrc": "https://cdn0.woolworths.media/content/wowproductimages/medium/758322.jpg",
        "name": "Dolmio Extra Pasta Sauce Garlic 500g",
        "price": 3.29,
        "unitPrice": "$0.66 / 100G"
    },
    {
        "category": "pantry",
        "href": "https://www.woolworths.com.au/shop/productdetails/702293/lee-kum-kee-sauce-chicken-and-honey-soy",
        "imgName": "702293.jpg",
        "imgSrc": "https://cdn0.woolworths.media/content/wowproductimages/medium/702293.jpg",
        "name": "Lee Kum Kee Sauce Chicken And Honey Soy 120g",
        "price": 2.2,
        "unitPrice": "$1.83 / 100G"
    },
    {
        "category": "pantry",
        "href": "https://www.woolworths.com.au/shop/productdetails/788334/marion-s-kitchen-thai-massaman-curry-cooking-kit",
        "imgName": "788334.jpg",
        "imgSrc": "https://cdn0.woolworths.media/content/wowproductimages/medium/788334.jpg",
        "name": "Marion's Kitchen Thai Massaman Curry Cooking Kit 375g",
        "price": 7.3,
        "unitPrice": "$1.95 / 100G"
    },
    {
        "category": "pantry",
        "href": "https://www.woolworths.com.au/shop/productdetails/90000254/mutti-finely-chopped-tomatoes-400g-x12-bundle",
        "imgName": "90000254.jpg",
        "imgSrc": "https://cdn0.woolworths.media/content/wowproductimages/medium/90000254.jpg",
        "name": "Mutti Finely Chopped Tomatoes 400g X12 Bundle",
        "price": 14,
        "unitPrice": "$2.92 / 1KG"
    },
    {
        "category": "pantry",
        "href": "https://www.woolworths.com.au/shop/productdetails/90000835/poppin-microwave-popcorn-butter-flavour-100g-x-3-bundle",
        "imgName": "90000835.jpg",
        "imgSrc": "https://cdn0.woolworths.media/content/wowproductimages/medium/90000835.jpg",
        "name": "Poppin Microwave Popcorn Butter Flavour 100g X 3 Bundle",
        "price": 3,
        "unitPrice": "$1.00 / G"
    },
    {
        "category": "pantry",
        "href": "https://www.woolworths.com.au/shop/productdetails/90000631/sunrice-jasmine-thai-rice-5kg-x3-bundle",
        "imgName": "90000631.jpg",
        "imgSrc": "https://cdn0.woolworths.media/content/wowproductimages/medium/90000631.jpg",
        "name": "Sunrice Jasmine Thai Rice 5kg X3 Bundle",
        "price": 30,
        "unitPrice": "$0.20 / 100G"
    },
    {
        "category": "pantry",
        "href": "https://www.woolworths.com.au/shop/productdetails/90000863/moccona-latte-10pk-x-2-bundle",
        "imgName": "90000863.jpg",
        "imgSrc": "https://cdn0.woolworths.media/content/wowproductimages/medium/90000863.jpg",
        "name": "Moccona Latte 10pk X 2 Bundle",
        "price": 8,
        "unitPrice": "$2.67 / G"
    },
    {
        "category": "pantry",
        "href": "https://www.woolworths.com.au/shop/productdetails/958005/twinings-medley-of-mint-tea",
        "imgName": "958005.jpg",
        "imgSrc": "https://cdn0.woolworths.media/content/wowproductimages/medium/958005.jpg",
        "name": "Twinings Medley Of Mint Tea 15pk",
        "price": 5,
        "unitPrice": "$0.33 / 1EA"
    },
    {
        "category": "pantry",
        "href": "https://www.woolworths.com.au/shop/productdetails/13674/continental-cup-a-soup-mild-chicken-curry-with-lots-of-noodles",
        "imgName": "013674.jpg",
        "imgSrc": "https://cdn0.woolworths.media/content/wowproductimages/medium/013674.jpg",
        "name": "Continental Cup A Soup Mild Chicken Curry With Lots Of Noodles 2pk 58g",
        "price": 2,
        "unitPrice": "$3.45 / 100G"
    },
    {
        "category": "pantry",
        "href": "https://www.woolworths.com.au/shop/productdetails/38648/leggo-s-pasta-sauce-spaghetti-with-beef",
        "imgName": "038648.jpg",
        "imgSrc": "https://cdn0.woolworths.media/content/wowproductimages/medium/038648.jpg",
        "name": "Leggo's Pasta Sauce Spaghetti With Beef 680g",
        "price": 4.22,
        "unitPrice": "$0.62 / 100G"
    },
    {
        "category": "pantry",
        "href": "https://www.woolworths.com.au/shop/productdetails/30309/fowlers-baking-aids-vacola-jamsetta",
        "imgName": "030309.jpg",
        "imgSrc": "https://cdn0.woolworths.media/content/wowproductimages/medium/030309.jpg",
        "name": "Fowlers Baking Aids Vacola Jamsetta 50g",
        "price": 1.85,
        "unitPrice": "$3.70 / 100G"
    },
    {
        "category": "pantry",
        "href": "https://www.woolworths.com.au/shop/productdetails/32921/continental-cup-a-soup-beef-with-lots-noodles",
        "imgName": "032921.jpg",
        "imgSrc": "https://cdn0.woolworths.media/content/wowproductimages/medium/032921.jpg",
        "name": "Continental Cup A Soup Beef With Lots Noodles 2pk 59g",
        "price": 2,
        "unitPrice": "$3.39 / 100G"
    },
    {
        "category": "pantry",
        "href": "https://www.woolworths.com.au/shop/productdetails/79402/lowan-rolled-wholegrain-oats",
        "imgName": "079402.jpg",
        "imgSrc": "https://cdn0.woolworths.media/content/wowproductimages/medium/079402.jpg",
        "name": "Lowan Rolled Wholegrain Oats 1kg",
        "price": 4,
        "unitPrice": "$0.40 / 100G"
    },
    {
        "category": "pantry",
        "href": "https://www.woolworths.com.au/shop/productdetails/94485/masterfoods-paprika",
        "imgName": "094485.jpg",
        "imgSrc": "https://cdn0.woolworths.media/content/wowproductimages/medium/094485.jpg",
        "name": "Masterfoods Paprika  115g",
        "price": 6.25,
        "unitPrice": "$0.54 / 10G"
    },
    {
        "category": "pantry",
        "href": "https://www.woolworths.com.au/shop/productdetails/65701/madura-earl-grey-tea-bags",
        "imgName": "065701.jpg",
        "imgSrc": "https://cdn0.woolworths.media/content/wowproductimages/medium/065701.jpg",
        "name": "Madura Earl Grey Tea Bags 50pk 100g",
        "price": 4.85,
        "unitPrice": "$4.85 / 100G"
    },
    {
        "category": "pantry",
        "href": "https://www.woolworths.com.au/shop/productdetails/93700/csr-original-treacle",
        "imgName": "093700.jpg",
        "imgSrc": "https://cdn0.woolworths.media/content/wowproductimages/medium/093700.jpg",
        "name": "Csr Original Treacle  850g",
        "price": 5.5,
        "unitPrice": "$0.65 / 100G"
    },
    {
        "category": "pantry",
        "href": "https://www.woolworths.com.au/shop/productdetails/148103/three-threes-mightymite-spread",
        "imgName": "148103.jpg",
        "imgSrc": "https://cdn0.woolworths.media/content/wowproductimages/medium/148103.jpg",
        "name": "Three Threes Mightymite Spread 290g",
        "price": 3.25,
        "unitPrice": "$1.12 / 100G"
    },
    {
        "category": "pantry",
        "href": "https://www.woolworths.com.au/shop/productdetails/145039/woolworths-almonds-kernels",
        "imgName": "145039.jpg",
        "imgSrc": "https://cdn0.woolworths.media/content/wowproductimages/medium/145039.jpg",
        "name": "Woolworths Almonds Kernels per kg",
        "price": 25,
        "unitPrice": "$25.00 / 1KG"
    },
    {
        "category": "pantry",
        "href": "https://www.woolworths.com.au/shop/productdetails/192962/woolworths-macadamias-kernels",
        "imgName": "192962.jpg",
        "imgSrc": "https://cdn0.woolworths.media/content/wowproductimages/medium/192962.jpg",
        "name": "Woolworths Macadamias Kernels per kg",
        "price": 45,
        "unitPrice": "$45.00 / 1KG"
    },
    {
        "category": "pantry",
        "href": "https://www.woolworths.com.au/shop/productdetails/186169/continental-cup-a-soup-classic-cream-of-chicken",
        "imgName": "186169.jpg",
        "imgSrc": "https://cdn0.woolworths.media/content/wowproductimages/medium/186169.jpg",
        "name": "Continental Cup A Soup Classic Cream Of Chicken 75g",
        "price": 2,
        "unitPrice": "$2.67 / 100G"
    },
    {
        "category": "pantry",
        "href": "https://www.woolworths.com.au/shop/productdetails/217214/red-island-australian-extra-virgin-cold-pressed-olive-oil",
        "imgName": "217214.jpg",
        "imgSrc": "https://cdn0.woolworths.media/content/wowproductimages/medium/217214.jpg",
        "name": "Red Island Australian Extra Virgin Cold Pressed Olive Oil 250ml",
        "price": 4,
        "unitPrice": "$1.60 / 100ML"
    },
    {
        "category": "pantry",
        "href": "https://www.woolworths.com.au/shop/productdetails/211270/john-west-salmon-slices-smoked",
        "imgName": "211270.jpg",
        "imgSrc": "https://cdn0.woolworths.media/content/wowproductimages/medium/211270.jpg",
        "name": "John West Salmon Slices Smoked 125g",
        "price": 3.8,
        "unitPrice": "$30.40 / 1KG"
    },
    {
        "category": "pantry",
        "href": "https://www.woolworths.com.au/shop/productdetails/226010/mckenzie-s-arrowroot-tapioca-flour",
        "imgName": "226010.jpg",
        "imgSrc": "https://cdn0.woolworths.media/content/wowproductimages/medium/226010.jpg",
        "name": "Mckenzie's Arrowroot Tapioca Flour 175g",
        "price": 1.7,
        "unitPrice": "$9.71 / 1KG"
    },
    {
        "category": "pantry",
        "href": "https://www.woolworths.com.au/shop/productdetails/294881/john-west-tuna-to-go-tomato-and-basil",
        "imgName": "294881.jpg",
        "imgSrc": "https://cdn0.woolworths.media/content/wowproductimages/medium/294881.jpg",
        "name": "John West Tuna To Go Tomato And Basil 244g",
        "price": 5.95,
        "unitPrice": "$24.39 / 1KG"
    },
    {
        "category": "pantry",
        "href": "https://www.woolworths.com.au/shop/productdetails/265813/all-gold-tomato-sauce",
        "imgName": "265813.jpg",
        "imgSrc": "https://cdn0.woolworths.media/content/wowproductimages/medium/265813.jpg",
        "name": "All Gold Tomato Sauce  700ml",
        "price": 6.4,
        "unitPrice": "$0.91 / 100ML"
    },
    {
        "category": "pantry",
        "href": "https://www.woolworths.com.au/shop/productdetails/312469/woolworths-select-bars-macadamia-cranberry",
        "imgName": "312469.jpg",
        "imgSrc": "https://cdn0.woolworths.media/content/wowproductimages/medium/312469.jpg",
        "name": "Woolworths Select Bars Macadamia & Cranberry 4pk 160g",
        "price": 4,
        "unitPrice": "$2.50 / 100G"
    },
    {
        "category": "pantry",
        "href": "https://www.woolworths.com.au/shop/productdetails/334842/mother-earth-golden-baked-oaty-slice-raspberry-chocolate",
        "imgName": "334842.jpg",
        "imgSrc": "https://cdn0.woolworths.media/content/wowproductimages/medium/334842.jpg",
        "name": "Mother Earth Golden  Baked Oaty Slice Raspberry Chocolate 6pk 240g",
        "price": 4,
        "unitPrice": "$1.67 / 100G"
    },
    {
        "category": "pantry",
        "href": "https://www.woolworths.com.au/shop/productdetails/348170/allen-s-fantales-jumbo",
        "imgName": "348170.jpg",
        "imgSrc": "https://cdn0.woolworths.media/content/wowproductimages/medium/348170.jpg",
        "name": "Allen's Fantales Jumbo 340g bag",
        "price": 5.2,
        "unitPrice": "$1.53 / 100G"
    },
    {
        "category": "pantry",
        "href": "https://www.woolworths.com.au/shop/productdetails/477071/pod-a-licious-coffee-pods-double-shot",
        "imgName": "477071.jpg",
        "imgSrc": "https://cdn0.woolworths.media/content/wowproductimages/medium/477071.jpg",
        "name": "Pod A Licious Coffee Pods Double Shot 18pk",
        "price": 5.99,
        "unitPrice": "$6.05 / 100G"
    },
    {
        "category": "pantry",
        "href": "https://www.woolworths.com.au/shop/productdetails/347377/fizzer-faves-fruit-chews",
        "imgName": "347377.jpg",
        "imgSrc": "https://cdn0.woolworths.media/content/wowproductimages/medium/347377.jpg",
        "name": "Fizzer Faves Fruit Chews  8pk 92g",
        "price": 2.5,
        "unitPrice": "$2.72 / 100G"
    },
    {
        "category": "pantry",
        "href": "https://www.woolworths.com.au/shop/productdetails/466180/orgran-buckwheat-wafer-crackers",
        "imgName": "466180.jpg",
        "imgSrc": "https://cdn0.woolworths.media/content/wowproductimages/medium/466180.jpg",
        "name": "Orgran Buckwheat Wafer Crackers  100g",
        "price": 3.89,
        "unitPrice": "$3.89 / 100G"
    },
    {
        "category": "pantry",
        "href": "https://www.woolworths.com.au/shop/productdetails/446313/continental-beef-stock-powder",
        "imgName": "446313.jpg",
        "imgSrc": "https://cdn0.woolworths.media/content/wowproductimages/medium/446313.jpg",
        "name": "Continental Beef Stock Powder  125g",
        "price": 2.99,
        "unitPrice": "$0.24 / 10G"
    },
    {
        "category": "pantry",
        "href": "https://www.woolworths.com.au/shop/productdetails/427868/madura-organic-english-breakfast-tea-bags",
        "imgName": "427868.jpg",
        "imgSrc": "https://cdn0.woolworths.media/content/wowproductimages/medium/427868.jpg",
        "name": "Madura Organic English Breakfast Tea Bags 100ea",
        "price": 9.35,
        "unitPrice": "$4.68 / 100G"
    },
    {
        "category": "pantry",
        "href": "https://www.woolworths.com.au/shop/productdetails/520649/dollevi-classic-olive-oil",
        "imgName": "520649.jpg",
        "imgSrc": "https://cdn0.woolworths.media/content/wowproductimages/medium/520649.jpg",
        "name": "Dollevi Classic Olive Oil 4l",
        "price": 27,
        "unitPrice": "$0.68 / 100ML"
    },
    {
        "category": "pantry",
        "href": "https://www.woolworths.com.au/shop/productdetails/591452/spc-diced-tropical-fruit-salad-in-juice",
        "imgName": "591452.jpg",
        "imgSrc": "https://cdn0.woolworths.media/content/wowproductimages/medium/591452.jpg",
        "name": "Spc Diced Tropical Fruit Salad In Juice 4pk 452g",
        "price": 4.6,
        "unitPrice": "$10.18 / 1KG"
    },
    {
        "category": "pantry",
        "href": "https://www.woolworths.com.au/shop/productdetails/471887/sandhurst-cucumbers-sanwich-stacker",
        "imgName": "471887.jpg",
        "imgSrc": "https://cdn0.woolworths.media/content/wowproductimages/medium/471887.jpg",
        "name": "Sandhurst Cucumbers Sanwich Stacker 500g",
        "price": 4,
        "unitPrice": "$8.00 / 1KG"
    },
    {
        "category": "pantry",
        "href": "https://www.woolworths.com.au/shop/productdetails/511956/old-el-paso-mini-taco-kit",
        "imgName": "511956.jpg",
        "imgSrc": "https://cdn0.woolworths.media/content/wowproductimages/medium/511956.jpg",
        "name": "Old El Paso Mini Taco Kit  275g",
        "price": 7,
        "unitPrice": "$2.55 / 100G"
    },
    {
        "category": "pantry",
        "href": "https://www.woolworths.com.au/shop/productdetails/496218/old-el-paso-stand-n-stuff-bold-nacho-cheese-taco-kit",
        "imgName": "496218.jpg",
        "imgSrc": "https://cdn0.woolworths.media/content/wowproductimages/medium/496218.jpg",
        "name": "Old El Paso Stand 'n Stuff Bold Nacho Cheese Taco Kit 315g",
        "price": 7,
        "unitPrice": "$2.22 / 100G"
    },
    {
        "category": "pantry",
        "href": "https://www.woolworths.com.au/shop/productdetails/700105/maggi-fusian-mi-goreng-soy-mild-spice-noodle-cup",
        "imgName": "700105.jpg",
        "imgSrc": "https://cdn0.woolworths.media/content/wowproductimages/medium/700105.jpg",
        "name": "Maggi Fusian Mi Goreng Soy & Mild Spice Noodle Cup 64g",
        "price": 1.8,
        "unitPrice": "$2.81 / 100G"
    },
    {
        "category": "pantry",
        "href": "https://www.woolworths.com.au/shop/productdetails/700589/macro-organic-baked-beans",
        "imgName": "700589.jpg",
        "imgSrc": "https://cdn0.woolworths.media/content/wowproductimages/medium/700589.jpg",
        "name": "Macro Organic Baked Beans  420g",
        "price": 1.5,
        "unitPrice": "$0.36 / 100G"
    },
    {
        "category": "pantry",
        "href": "https://www.woolworths.com.au/shop/productdetails/701717/kellogg-s-crispix",
        "imgName": "701717.jpg",
        "imgSrc": "https://cdn0.woolworths.media/content/wowproductimages/medium/701717.jpg",
        "name": "Kellogg's Crispix  460g",
        "price": 6.59,
        "unitPrice": "$1.43 / 100G"
    },
    {
        "category": "pantry",
        "href": "https://www.woolworths.com.au/shop/productdetails/727598/woolworths-select-cashews-dry-roasted",
        "imgName": "727598.jpg",
        "imgSrc": "https://cdn0.woolworths.media/content/wowproductimages/medium/727598.jpg",
        "name": "Woolworths Select Cashews Dry Roasted 150g",
        "price": 5,
        "unitPrice": "$33.33 / 1KG"
    },
    {
        "category": "pantry",
        "href": "https://www.woolworths.com.au/shop/productdetails/701318/twinings-cranberry-pomegranate-tea-bags",
        "imgName": "701318.jpg",
        "imgSrc": "https://cdn0.woolworths.media/content/wowproductimages/medium/701318.jpg",
        "name": "Twinings Cranberry Pomegranate Tea Bags 10pk 20g",
        "price": 2.7,
        "unitPrice": "$13.50 / 100G"
    },
    {
        "category": "pantry",
        "href": "https://www.woolworths.com.au/shop/productdetails/717184/uncle-tobys-quick-oats-variety-pack-vanilla",
        "imgName": "717184.jpg",
        "imgSrc": "https://cdn0.woolworths.media/content/wowproductimages/medium/717184.jpg",
        "name": "Uncle Tobys Quick Oats Variety Pack Vanilla 12pk",
        "price": 5.5,
        "unitPrice": "$1.31 / 100G"
    },
    {
        "category": "pantry",
        "href": "https://www.woolworths.com.au/shop/productdetails/769148/capilano-australian-yellow-box-honey",
        "imgName": "769148.jpg",
        "imgSrc": "https://cdn0.woolworths.media/content/wowproductimages/medium/769148.jpg",
        "name": "Capilano Australian Yellow Box Honey 375g",
        "price": 6.3,
        "unitPrice": "$1.68 / 100G"
    },
    {
        "category": "pantry",
        "href": "https://www.woolworths.com.au/shop/productdetails/752352/uncle-tobys-creamy-honey-oats-cup",
        "imgName": "752352.jpg",
        "imgSrc": "https://cdn0.woolworths.media/content/wowproductimages/medium/752352.jpg",
        "name": "Uncle Tobys Creamy Honey Oats Cup 50g",
        "price": 1.9,
        "unitPrice": "$3.80 / 100G"
    },
    {
        "category": "pantry",
        "href": "https://www.woolworths.com.au/shop/productdetails/745959/woolworths-select-traditional-licorice",
        "imgName": "745959.jpg",
        "imgSrc": "https://cdn0.woolworths.media/content/wowproductimages/medium/745959.jpg",
        "name": "Woolworths Select Traditional Licorice 300g",
        "price": 2.4,
        "unitPrice": "$0.80 / 100G"
    },
    {
        "category": "pantry",
        "href": "https://www.woolworths.com.au/shop/productdetails/797139/thankyou-cranberry-coconut-muesli-bars",
        "imgName": "797139.jpg",
        "imgSrc": "https://cdn0.woolworths.media/content/wowproductimages/medium/797139.jpg",
        "name": "Thankyou Cranberry & Coconut Muesli Bars 6pk 210g",
        "price": 5.25,
        "unitPrice": "$2.50 / 100G"
    },
    {
        "category": "pantry",
        "href": "https://www.woolworths.com.au/shop/productdetails/781034/mayver-s-crunchy-peanut-butter",
        "imgName": "781034.jpg",
        "imgSrc": "https://cdn0.woolworths.media/content/wowproductimages/medium/781034.jpg",
        "name": "Mayver's Crunchy Peanut Butter 375g",
        "price": 5,
        "unitPrice": "$1.33 / 100G"
    },
    {
        "category": "pantry",
        "href": "https://www.woolworths.com.au/shop/productdetails/828909/campbell-s-simply-soup-carton-creamy-mushroom",
        "imgName": "828909.jpg",
        "imgSrc": "https://cdn0.woolworths.media/content/wowproductimages/medium/828909.jpg",
        "name": "Campbell's Simply Soup Carton Creamy Mushroom 500g",
        "price": 3.9,
        "unitPrice": "$0.78 / 100G"
    },
    {
        "category": "pantry",
        "href": "https://www.woolworths.com.au/shop/productdetails/931301/cafe-royal-coffee-capsules-lungo-classico",
        "imgName": "931301.jpg",
        "imgSrc": "https://cdn0.woolworths.media/content/wowproductimages/medium/931301.jpg",
        "name": "Cafe Royal Coffee Capsules Lungo Classico 10pk",
        "price": 6.5,
        "unitPrice": "$0.65 / 1EA"
    },
    {
        "category": "pantry",
        "href": "https://www.woolworths.com.au/shop/productdetails/963219/don-antonio-pasta-sauce-sugo-alla-toscana",
        "imgName": "963219.jpg",
        "imgSrc": "https://cdn0.woolworths.media/content/wowproductimages/medium/963219.jpg",
        "name": "Don Antonio Pasta Sauce Sugo Alla Toscana 500g",
        "price": 5.99,
        "unitPrice": "$1.20 / 100G"
    },
    {
        "category": "pantry",
        "href": "https://www.woolworths.com.au/shop/productdetails/828907/campbell-s-simply-soup-carton-butternut-pumpkin",
        "imgName": "828907.jpg",
        "imgSrc": "https://cdn0.woolworths.media/content/wowproductimages/medium/828907.jpg",
        "name": "Campbell's Simply Soup Carton Butternut Pumpkin 500g",
        "price": 3.9,
        "unitPrice": "$0.78 / 100G"
    },
    {
        "category": "pantry",
        "href": "https://www.woolworths.com.au/shop/productdetails/598743/woolworths-basmati-rice",
        "imgName": "598743.jpg",
        "imgSrc": "https://cdn0.woolworths.media/content/wowproductimages/medium/598743.jpg",
        "name": "Woolworths Basmati Rice  5kg",
        "price": 13,
        "unitPrice": "$0.26 / 100G"
    },
    {
        "category": "pantry",
        "href": "https://www.woolworths.com.au/shop/productdetails/733686/birch-waite-hollandaise-sauce",
        "imgName": "733686.jpg",
        "imgSrc": "https://cdn0.woolworths.media/content/wowproductimages/medium/733686.jpg",
        "name": "Birch & Waite Hollandaise Sauce 250ml",
        "price": 5,
        "unitPrice": "$2.00 / 100ML"
    },
    {
        "category": "pantry",
        "href": "https://www.woolworths.com.au/shop/productdetails/36438/hot-pot-casserole-base-curry",
        "imgName": "036438.jpg",
        "imgSrc": "https://cdn0.woolworths.media/content/wowproductimages/medium/036438.jpg",
        "name": "Hot Pot Casserole Base Curry 100g",
        "price": 2.99,
        "unitPrice": "$2.99 / 100G"
    },
    {
        "category": "pantry",
        "href": "https://www.woolworths.com.au/shop/productdetails/32758/masterfoods-celery-salt",
        "imgName": "032758.jpg",
        "imgSrc": "https://cdn0.woolworths.media/content/wowproductimages/medium/032758.jpg",
        "name": "Masterfoods Celery Salt  57g",
        "price": 1.8,
        "unitPrice": "$0.32 / 10G"
    },
    {
        "category": "pantry",
        "href": "https://www.woolworths.com.au/shop/productdetails/35946/masterfoods-sesame-seeds",
        "imgName": "035946.jpg",
        "imgSrc": "https://cdn0.woolworths.media/content/wowproductimages/medium/035946.jpg",
        "name": "Masterfoods Sesame Seeds  37g",
        "price": 2.7,
        "unitPrice": "$0.73 / 10G"
    },
    {
        "category": "pantry",
        "href": "https://www.woolworths.com.au/shop/productdetails/35960/masterfoods-sage-leaves-ground",
        "imgName": "035960.jpg",
        "imgSrc": "https://cdn0.woolworths.media/content/wowproductimages/medium/035960.jpg",
        "name": "Masterfoods Sage Leaves Ground 20g",
        "price": 2.6,
        "unitPrice": "$1.30 / 10G"
    },
    {
        "category": "pantry",
        "href": "https://www.woolworths.com.au/shop/productdetails/8552/symington-instant-dandelion-tea-no-caffeine",
        "imgName": "008552.jpg",
        "imgSrc": "https://cdn0.woolworths.media/content/wowproductimages/medium/008552.jpg",
        "name": "Symington Instant Dandelion Tea No Caffeine 250g",
        "price": 14,
        "unitPrice": "$5.60 / 100G"
    },
    {
        "category": "pantry",
        "href": "https://www.woolworths.com.au/shop/productdetails/33075/masterfoods-mixed-herbs-dried",
        "imgName": "033075.jpg",
        "imgSrc": "https://cdn0.woolworths.media/content/wowproductimages/medium/033075.jpg",
        "name": "Masterfoods Mixed Herbs Dried 40g",
        "price": 3.5,
        "unitPrice": "$0.88 / 10G"
    },
    {
        "category": "pantry",
        "href": "https://www.woolworths.com.au/shop/productdetails/39361/masterfoods-lemon-butter-spread",
        "imgName": "039361.jpg",
        "imgSrc": "https://cdn0.woolworths.media/content/wowproductimages/medium/039361.jpg",
        "name": "Masterfoods Lemon Butter Spread 280g",
        "price": 3.4,
        "unitPrice": "$1.21 / 100G"
    },
    {
        "category": "pantry",
        "href": "https://www.woolworths.com.au/shop/productdetails/30515/leggo-s-stir-through-chargrilled-vegetable",
        "imgName": "030515.jpg",
        "imgSrc": "https://cdn0.woolworths.media/content/wowproductimages/medium/030515.jpg",
        "name": "Leggo's Stir Through Chargrilled Vegetable 350g",
        "price": 3.99,
        "unitPrice": "$1.14 / 100G"
    },
    {
        "category": "pantry",
        "href": "https://www.woolworths.com.au/shop/productdetails/35067/heinz-mayonnaise-salad-cream-english",
        "imgName": "035067.jpg",
        "imgSrc": "https://cdn0.woolworths.media/content/wowproductimages/medium/035067.jpg",
        "name": "Heinz Mayonnaise Salad Cream English 250g",
        "price": 3,
        "unitPrice": "$1.20 / 100G"
    },
    {
        "category": "pantry",
        "href": "https://www.woolworths.com.au/shop/productdetails/35388/masterfoods-garlic-powder",
        "imgName": "035388.jpg",
        "imgSrc": "https://cdn0.woolworths.media/content/wowproductimages/medium/035388.jpg",
        "name": "Masterfoods Garlic Powder 50g",
        "price": 3,
        "unitPrice": "$0.60 / 10G"
    },
    {
        "category": "pantry",
        "href": "https://www.woolworths.com.au/shop/productdetails/76860/pataks-ingredients-sweet-mango-chutney",
        "imgName": "076860.jpg",
        "imgSrc": "https://cdn0.woolworths.media/content/wowproductimages/medium/076860.jpg",
        "name": "Pataks Ingredients Sweet Mango Chutney 340g",
        "price": 4.95,
        "unitPrice": "$1.46 / 100G"
    },
    {
        "category": "pantry",
        "href": "https://www.woolworths.com.au/shop/productdetails/86790/essentials-white-sauce",
        "imgName": "086790.jpg",
        "imgSrc": "https://cdn0.woolworths.media/content/wowproductimages/medium/086790.jpg",
        "name": "Essentials White Sauce  25g",
        "price": 0.75,
        "unitPrice": "$0.30 / 10G"
    },
    {
        "category": "pantry",
        "href": "https://www.woolworths.com.au/shop/productdetails/97742/dollar-sweets-peppermints-extra-strong",
        "imgName": "097742.jpg",
        "imgSrc": "https://cdn0.woolworths.media/content/wowproductimages/medium/097742.jpg",
        "name": "Dollar Sweets Peppermints Extra Strong 150g bag",
        "price": 2.25,
        "unitPrice": "$1.50 / 100G"
    },
    {
        "category": "pantry",
        "href": "https://www.woolworths.com.au/shop/productdetails/94613/hoyts-paprika-sweet",
        "imgName": "094613.jpg",
        "imgSrc": "https://cdn0.woolworths.media/content/wowproductimages/medium/094613.jpg",
        "name": "Hoyts Paprika Sweet 100g",
        "price": 2.4,
        "unitPrice": "$0.24 / 10G"
    },
    {
        "category": "pantry",
        "href": "https://www.woolworths.com.au/shop/productdetails/94700/homebrand-peas-dehydrated",
        "imgName": "094700.jpg",
        "imgSrc": "https://cdn0.woolworths.media/content/wowproductimages/medium/094700.jpg",
        "name": "Homebrand Peas Dehydrated 100g",
        "price": 1.5,
        "unitPrice": "$15.00 / 1KG"
    },
    {
        "category": "pantry",
        "href": "https://www.woolworths.com.au/shop/productdetails/72666/arnott-s-full-o-fruit",
        "imgName": "072666.jpg",
        "imgSrc": "https://cdn0.woolworths.media/content/wowproductimages/medium/072666.jpg",
        "name": "Arnott's Full O' Fruit  250g",
        "price": 3.8,
        "unitPrice": "$1.52 / 100G"
    },
    {
        "category": "pantry",
        "href": "https://www.woolworths.com.au/shop/productdetails/98800/saxa-pepper-black-picnic-pack",
        "imgName": "098800.jpg",
        "imgSrc": "https://cdn0.woolworths.media/content/wowproductimages/medium/098800.jpg",
        "name": "Saxa Pepper Black Picnic Pack 50g",
        "price": 3.7,
        "unitPrice": "$0.74 / 10G"
    },
    {
        "category": "pantry",
        "href": "https://www.woolworths.com.au/shop/productdetails/94986/chang-s-noodles-long-life",
        "imgName": "094986.jpg",
        "imgSrc": "https://cdn0.woolworths.media/content/wowproductimages/medium/094986.jpg",
        "name": "Chang's Noodles Long Life 250g",
        "price": 1.6,
        "unitPrice": "$0.64 / 100G"
    },
    {
        "category": "pantry",
        "href": "https://www.woolworths.com.au/shop/productdetails/200224/dilmah-family-pack-loose-leaf-tea",
        "imgName": "200224.jpg",
        "imgSrc": "https://cdn0.woolworths.media/content/wowproductimages/medium/200224.jpg",
        "name": "Dilmah Family Pack Loose Leaf Tea 500g",
        "price": 7.8,
        "unitPrice": "$1.56 / 100G"
    },
    {
        "category": "pantry",
        "href": "https://www.woolworths.com.au/shop/productdetails/205145/soothers-throat-lozenges-liquid-centre-lemon-lime",
        "imgName": "205145.jpg",
        "imgSrc": "https://cdn0.woolworths.media/content/wowproductimages/medium/205145.jpg",
        "name": "Soothers Throat Lozenges Liquid Centre Lemon Lime 10pk",
        "price": 2.2,
        "unitPrice": "$0.22 / 1EA"
    },
    {
        "category": "pantry",
        "href": "https://www.woolworths.com.au/shop/productdetails/148131/bushells-black-tea-extra-strong",
        "imgName": "148131.jpg",
        "imgSrc": "https://cdn0.woolworths.media/content/wowproductimages/medium/148131.jpg",
        "name": "Bushells Black Tea Extra Strong 100pk 200g",
        "price": 5.9,
        "unitPrice": "$2.95 / 100G"
    },
    {
        "category": "pantry",
        "href": "https://www.woolworths.com.au/shop/productdetails/210695/jeenys-ingredients-palm-sugar",
        "imgName": "210695.jpg",
        "imgSrc": "https://cdn0.woolworths.media/content/wowproductimages/medium/210695.jpg",
        "name": "Jeenys Ingredients Palm Sugar 260g",
        "price": 2.6,
        "unitPrice": "$1.00 / 100G"
    },
    {
        "category": "pantry",
        "href": "https://www.woolworths.com.au/shop/productdetails/202407/queen-baking-aids-glucose-syrup",
        "imgName": "202407.jpg",
        "imgSrc": "https://cdn0.woolworths.media/content/wowproductimages/medium/202407.jpg",
        "name": "Queen Baking Aids Glucose Syrup 500g",
        "price": 4.5,
        "unitPrice": "$0.90 / 100G"
    },
    {
        "category": "pantry",
        "href": "https://www.woolworths.com.au/shop/productdetails/252199/laucke-barossa-sour-dough-rye-bread-mix",
        "imgName": "252199.jpg",
        "imgSrc": "https://cdn0.woolworths.media/content/wowproductimages/medium/252199.jpg",
        "name": "Laucke Barossa Sour Dough Rye Bread Mix 2.4kg"
    },
    {
        "category": "pantry",
        "href": "https://www.woolworths.com.au/shop/productdetails/181407/kookakrumb-breadcrumbs-herb-and-garlic",
        "imgName": "181407.jpg",
        "imgSrc": "https://cdn0.woolworths.media/content/wowproductimages/medium/181407.jpg",
        "name": "Kookakrumb Breadcrumbs Herb And Garlic 200g",
        "price": 2.5,
        "unitPrice": "$0.13 / 10G"
    },
    {
        "category": "pantry",
        "href": "https://www.woolworths.com.au/shop/productdetails/301524/uncle-tobys-quick-oats-sachets-brown-sugar-cinnamon",
        "imgName": "301524.jpg",
        "imgSrc": "https://cdn0.woolworths.media/content/wowproductimages/medium/301524.jpg",
        "name": "Uncle Tobys Quick Oats Sachets Brown Sugar & Cinnamon 12pk",
        "price": 5.5,
        "unitPrice": "$1.31 / 100G"
    },
    {
        "category": "pantry",
        "href": "https://www.woolworths.com.au/shop/productdetails/462723/maggi-fusian-premium-korean-beef",
        "imgName": "462723.jpg",
        "imgSrc": "https://cdn0.woolworths.media/content/wowproductimages/medium/462723.jpg",
        "name": "Maggi Fusian Premium Korean Beef  3pk 336g"
    },
    {
        "category": "pantry",
        "href": "https://www.woolworths.com.au/shop/productdetails/334881/macro-seeds-raw-nibble-mix",
        "imgName": "334881.jpg",
        "imgSrc": "https://cdn0.woolworths.media/content/wowproductimages/medium/334881.jpg",
        "name": "Macro Seeds Raw Nibble Mix 500g",
        "price": 6.99,
        "unitPrice": "$13.98 / 1KG"
    },
    {
        "category": "pantry",
        "href": "https://www.woolworths.com.au/shop/productdetails/345635/masterfoods-stir-fry-sauce-satay-chicken",
        "imgName": "345635.jpg",
        "imgSrc": "https://cdn0.woolworths.media/content/wowproductimages/medium/345635.jpg",
        "name": "Masterfoods Stir Fry Sauce Satay Chicken 175g",
        "price": 2.19,
        "unitPrice": "$1.25 / 100G"
    },
    {
        "category": "pantry",
        "href": "https://www.woolworths.com.au/shop/productdetails/430466/sanitarium-weet-bix-blends-cranberry-coconut",
        "imgName": "430466.jpg",
        "imgSrc": "https://cdn0.woolworths.media/content/wowproductimages/medium/430466.jpg",
        "name": "Sanitarium Weet-bix Blends Cranberry & Coconut 450g",
        "price": 4.99,
        "unitPrice": "$1.11 / 100G"
    },
    {
        "category": "pantry",
        "href": "https://www.woolworths.com.au/shop/productdetails/264712/naturally-good-cake-mix-deliciously-free-choc-mud",
        "imgName": "264712.jpg",
        "imgSrc": "https://cdn0.woolworths.media/content/wowproductimages/medium/264712.jpg",
        "name": "Naturally Good Cake Mix Deliciously Free Choc Mud 450g",
        "price": 5.95,
        "unitPrice": "$1.32 / 100G"
    },
    {
        "category": "pantry",
        "href": "https://www.woolworths.com.au/shop/productdetails/581165/nando-s-rubs-peri-peri-medium",
        "imgName": "581165.jpg",
        "imgSrc": "https://cdn0.woolworths.media/content/wowproductimages/medium/581165.jpg",
        "name": "Nando's Rubs Peri Peri Medium 25g",
        "price": 2.99,
        "unitPrice": "$1.20 / 10G"
    },
    {
        "category": "pantry",
        "href": "https://www.woolworths.com.au/shop/productdetails/262824/woolworths-select-natural-choc-vanilla-waffle-cones",
        "imgName": "262824.jpg",
        "imgSrc": "https://cdn0.woolworths.media/content/wowproductimages/medium/262824.jpg",
        "name": "Woolworths Select Natural Choc & Vanilla Waffle Cones 12pk",
        "price": 3.5,
        "unitPrice": "$2.06 / 100G"
    },
    {
        "category": "pantry",
        "href": "https://www.woolworths.com.au/shop/productdetails/600808/woolworths-crunchy-natural-almonds",
        "imgName": "600808.jpg",
        "imgSrc": "https://cdn0.woolworths.media/content/wowproductimages/medium/600808.jpg",
        "name": "Woolworths Crunchy Natural Almonds 400g",
        "price": 9,
        "unitPrice": "$22.50 / 1KG"
    },
    {
        "category": "pantry",
        "href": "https://www.woolworths.com.au/shop/productdetails/608242/old-el-paso-tortilla-chips-blue-corn-sea-salt",
        "imgName": "608242.jpg",
        "imgSrc": "https://cdn0.woolworths.media/content/wowproductimages/medium/608242.jpg",
        "name": "Old El Paso Tortilla Chips Blue Corn & Sea Salt 150g",
        "price": 3.5,
        "unitPrice": "$2.33 / 100G"
    },
    {
        "category": "pantry",
        "href": "https://www.woolworths.com.au/shop/productdetails/526256/woolworths-chocolate-nut-mix",
        "imgName": "526256.jpg",
        "imgSrc": "https://cdn0.woolworths.media/content/wowproductimages/medium/526256.jpg",
        "name": "Woolworths Chocolate & Nut Mix  200g",
        "price": 6,
        "unitPrice": "$30.00 / 1KG"
    },
    {
        "category": "pantry",
        "href": "https://www.woolworths.com.au/shop/productdetails/700584/macro-organic-lasagne-sheets",
        "imgName": "700584.jpg",
        "imgSrc": "https://cdn0.woolworths.media/content/wowproductimages/medium/700584.jpg",
        "name": "Macro Organic Lasagne Sheets 250g",
        "price": 1.99,
        "unitPrice": "$0.80 / 100G"
    },
    {
        "category": "pantry",
        "href": "https://www.woolworths.com.au/shop/productdetails/739211/go-natural-twisters-snacks-strawberry-apple",
        "imgName": "739211.jpg",
        "imgSrc": "https://cdn0.woolworths.media/content/wowproductimages/medium/739211.jpg",
        "name": "Go Natural Twisters Snacks Strawberry & Apple 180g",
        "price": 6.99,
        "unitPrice": "$3.88 / 100G"
    },
    {
        "category": "pantry",
        "href": "https://www.woolworths.com.au/shop/productdetails/491627/dollar-sweets-magic-star-tops",
        "imgName": "491627.jpg",
        "imgSrc": "https://cdn0.woolworths.media/content/wowproductimages/medium/491627.jpg",
        "name": "Dollar Sweets Magic Star Tops 115g",
        "price": 3.5,
        "unitPrice": "$3.04 / 100G"
    },
    {
        "category": "pantry",
        "href": "https://www.woolworths.com.au/shop/productdetails/617108/woolworths-lolly-mix",
        "imgName": "617108.jpg",
        "imgSrc": "https://cdn0.woolworths.media/content/wowproductimages/medium/617108.jpg",
        "name": "Woolworths Lolly Mix  500g",
        "price": 3,
        "unitPrice": "$0.60 / 100G"
    },
    {
        "category": "pantry",
        "href": "https://www.woolworths.com.au/shop/productdetails/700276/woolworths-select-lasagne-sheets",
        "imgName": "700276.jpg",
        "imgSrc": "https://cdn0.woolworths.media/content/wowproductimages/medium/700276.jpg",
        "name": "Woolworths Select Lasagne Sheets 250g",
        "price": 1.8,
        "unitPrice": "$0.72 / 100G"
    },
    {
        "category": "pantry",
        "href": "https://www.woolworths.com.au/shop/productdetails/476538/i-quit-sugar-granola-almond-coconut-cinnamon",
        "imgName": "476538.jpg",
        "imgSrc": "https://cdn0.woolworths.media/content/wowproductimages/medium/476538.jpg",
        "name": "I Quit Sugar Granola Almond Coconut & Cinnamon 400g",
        "price": 9.99,
        "unitPrice": "$2.50 / 100G"
    },
    {
        "category": "pantry",
        "href": "https://www.woolworths.com.au/shop/productdetails/727560/laucke-crusty-white-bread-mix",
        "imgName": "727560.jpg",
        "imgSrc": "https://cdn0.woolworths.media/content/wowproductimages/medium/727560.jpg",
        "name": "Laucke Crusty White Bread Mix  500g",
        "price": 2.2,
        "unitPrice": "$4.40 / 1KG"
    },
    {
        "category": "pantry",
        "href": "https://www.woolworths.com.au/shop/productdetails/729113/sandhurst-dressings-caramelised-balsamic-vinegar",
        "imgName": "729113.jpg",
        "imgSrc": "https://cdn0.woolworths.media/content/wowproductimages/medium/729113.jpg",
        "name": "Sandhurst Dressings Caramelised Balsamic Vinegar 250ml",
        "price": 10,
        "unitPrice": "$4.00 / 100ML"
    },
    {
        "category": "pantry",
        "href": "https://www.woolworths.com.au/shop/productdetails/754475/mother-earth-baked-oaty-slice-apple-crumble",
        "imgName": "754475.jpg",
        "imgSrc": "https://cdn0.woolworths.media/content/wowproductimages/medium/754475.jpg",
        "name": "Mother Earth Baked Oaty Slice Apple Crumble 240g",
        "price": 4,
        "unitPrice": "$1.67 / 100G"
    },
    {
        "category": "pantry",
        "href": "https://www.woolworths.com.au/shop/productdetails/720458/csr-specialty-sugar-jam-setting",
        "imgName": "720458.jpg",
        "imgSrc": "https://cdn0.woolworths.media/content/wowproductimages/medium/720458.jpg",
        "name": "Csr Specialty Sugar Jam Setting 500g",
        "price": 2.6,
        "unitPrice": "$0.52 / 100G"
    },
    {
        "category": "pantry",
        "href": "https://www.woolworths.com.au/shop/productdetails/635385/sanitarium-weet-bix-go-gluten-free-apple-spice-flavour-twist",
        "imgName": "635385.jpg",
        "imgSrc": "https://cdn0.woolworths.media/content/wowproductimages/medium/635385.jpg",
        "name": "Sanitarium Weet-bix Go Gluten Free Apple & Spice Flavour Twist 200g",
        "price": 5,
        "unitPrice": "$2.50 / 100G"
    },
    {
        "category": "pantry",
        "href": "https://www.woolworths.com.au/shop/productdetails/830076/freedom-foods-rice-puffs",
        "imgName": "830076.jpg",
        "imgSrc": "https://cdn0.woolworths.media/content/wowproductimages/medium/830076.jpg",
        "name": "Freedom Foods Rice Puffs  250g",
        "price": 3.99,
        "unitPrice": "$1.60 / 100G"
    },
    {
        "category": "pantry",
        "href": "https://www.woolworths.com.au/shop/productdetails/782291/la-zuppa-microwave-soup-chicken-noodle",
        "imgName": "782291.jpg",
        "imgSrc": "https://cdn0.woolworths.media/content/wowproductimages/medium/782291.jpg",
        "name": "La Zuppa Microwave Soup Chicken Noodle 420g",
        "price": 4,
        "unitPrice": "$0.95 / 100G"
    },
    {
        "category": "pantry",
        "href": "https://www.woolworths.com.au/shop/productdetails/758313/dolmio-extra-pasta-sauce-garden-vegetables",
        "imgName": "758313.jpg",
        "imgSrc": "https://cdn0.woolworths.media/content/wowproductimages/medium/758313.jpg",
        "name": "Dolmio Extra Pasta Sauce Garden Vegetables 500g",
        "price": 3.29,
        "unitPrice": "$0.66 / 100G"
    },
    {
        "category": "pantry",
        "href": "https://www.woolworths.com.au/shop/productdetails/785977/nong-shim-shinramen",
        "imgName": "785977.jpg",
        "imgSrc": "https://cdn0.woolworths.media/content/wowproductimages/medium/785977.jpg",
        "name": "Nong Shim Shinramen  5pk 600g",
        "price": 6,
        "unitPrice": "$1.00 / 100G"
    },
    {
        "category": "pantry",
        "href": "https://www.woolworths.com.au/shop/productdetails/591703/spc-diced-peaches-in-mango-nectar",
        "imgName": "591703.jpg",
        "imgSrc": "https://cdn0.woolworths.media/content/wowproductimages/medium/591703.jpg",
        "name": "Spc Diced Peaches In Mango Nectar 4pk 480g",
        "price": 4.6,
        "unitPrice": "$9.58 / 1KG"
    },
    {
        "category": "pantry",
        "href": "https://www.woolworths.com.au/shop/productdetails/840611/masterfoods-carbonara-recipe-base",
        "imgName": "840611.jpg",
        "imgSrc": "https://cdn0.woolworths.media/content/wowproductimages/medium/840611.jpg",
        "name": "Masterfoods Carbonara Recipe Base 170g",
        "price": 2.19,
        "unitPrice": "$1.29 / 100G"
    },
    {
        "category": "pantry",
        "href": "https://www.woolworths.com.au/shop/productdetails/948517/hersheys-caramel-syrup",
        "imgName": "948517.jpg",
        "imgSrc": "https://cdn0.woolworths.media/content/wowproductimages/medium/948517.jpg",
        "name": "Hersheys Caramel Syrup  623g",
        "price": 5,
        "unitPrice": "$0.80 / 100G"
    },
    {
        "category": "pantry",
        "href": "https://www.woolworths.com.au/shop/productdetails/843717/ayam-organic-light-coconut-milk",
        "imgName": "843717.jpg",
        "imgSrc": "https://cdn0.woolworths.media/content/wowproductimages/medium/843717.jpg",
        "name": "Ayam Organic Light Coconut Milk 400ml",
        "price": 2.7,
        "unitPrice": "$0.68 / 100ML"
    },
    {
        "category": "pantry",
        "href": "https://www.woolworths.com.au/shop/productdetails/927849/arnolds-farm-clusters-tropical-delight",
        "imgName": "927849.jpg",
        "imgSrc": "https://cdn0.woolworths.media/content/wowproductimages/medium/927849.jpg",
        "name": "Arnolds Farm Clusters Tropical Delight 1kg",
        "price": 6,
        "unitPrice": "$0.60 / 100G"
    },
    {
        "category": "pantry",
        "href": "https://www.woolworths.com.au/shop/productdetails/526268/woolworths-thai-flavoured-nuts",
        "imgName": "526268.jpg",
        "imgSrc": "https://cdn0.woolworths.media/content/wowproductimages/medium/526268.jpg",
        "name": "Woolworths Thai Flavoured Nuts  200g",
        "price": 3,
        "unitPrice": "$15.00 / 1KG"
    },
    {
        "category": "pantry",
        "href": "https://www.woolworths.com.au/shop/productdetails/701701/be-natural-cereal-5-whole-grain-flakes",
        "imgName": "701701.jpg",
        "imgSrc": "https://cdn0.woolworths.media/content/wowproductimages/medium/701701.jpg",
        "name": "Be Natural Cereal 5 Whole Grain Flakes 325g",
        "price": 3.79,
        "unitPrice": "$1.17 / 100G"
    },
    {
        "category": "pantry",
        "href": "https://www.woolworths.com.au/shop/productdetails/770058/woolworths-free-from-gluten-self-raising-flour-self-raising",
        "imgName": "770058.jpg",
        "imgSrc": "https://cdn0.woolworths.media/content/wowproductimages/medium/770058.jpg",
        "name": "Woolworths Free From Gluten Self Raising Flour Self Raising 750g",
        "price": 3.99,
        "unitPrice": "$5.32 / 1KG"
    },
    {
        "category": "pantry",
        "href": "https://www.woolworths.com.au/shop/productdetails/781723/fishermans-friend-mints-spearmint-sugar-free",
        "imgName": "781723.jpg",
        "imgSrc": "https://cdn0.woolworths.media/content/wowproductimages/medium/781723.jpg",
        "name": "Fishermans Friend Mints Spearmint Sugar Free 25g pack",
        "price": 2.3,
        "unitPrice": "$9.20 / 100G"
    },
    {
        "category": "pantry",
        "href": "https://www.woolworths.com.au/shop/productdetails/930181/edgell-lentil-salad",
        "imgName": "930181.jpg",
        "imgSrc": "https://cdn0.woolworths.media/content/wowproductimages/medium/930181.jpg",
        "name": "Edgell Lentil Salad  200g",
        "price": 3.5,
        "unitPrice": "$17.50 / 1KG"
    },
    {
        "category": "pantry",
        "href": "https://www.woolworths.com.au/shop/productdetails/2955/anticol-throat-lozenge-lozenge",
        "imgName": "002955.jpg",
        "imgSrc": "https://cdn0.woolworths.media/content/wowproductimages/medium/002955.jpg",
        "name": "Anticol Throat Lozenge Lozenge 3x10pk",
        "price": 4.2,
        "unitPrice": "$0.14 / 1EA"
    },
    {
        "category": "pantry",
        "href": "https://www.woolworths.com.au/shop/productdetails/17568/double-phoenix-bean-vermicelli",
        "imgName": "017568.jpg",
        "imgSrc": "https://cdn0.woolworths.media/content/wowproductimages/medium/017568.jpg",
        "name": "Double Phoenix Bean Vermicelli 250g",
        "price": 1.4,
        "unitPrice": "$0.56 / 100G"
    },
    {
        "category": "pantry",
        "href": "https://www.woolworths.com.au/shop/productdetails/28708/mckenzie-s-coconut-fine-desiccated",
        "imgName": "028708.jpg",
        "imgSrc": "https://cdn0.woolworths.media/content/wowproductimages/medium/028708.jpg",
        "name": "Mckenzie's Coconut Fine Desiccated 250g",
        "price": 2.5,
        "unitPrice": "$10.00 / 1KG"
    },
    {
        "category": "pantry",
        "href": "https://www.woolworths.com.au/shop/productdetails/9105/kong-foo-sing-snacks-fortune-cookies",
        "imgName": "009105.jpg",
        "imgSrc": "https://cdn0.woolworths.media/content/wowproductimages/medium/009105.jpg",
        "name": "Kong Foo Sing Snacks Fortune Cookies 100g",
        "price": 4.4,
        "unitPrice": "$4.40 / 100G"
    },
    {
        "category": "pantry",
        "href": "https://www.woolworths.com.au/shop/productdetails/7809/macro-cereal-granules-lecithin",
        "imgName": "007809.jpg",
        "imgSrc": "https://cdn0.woolworths.media/content/wowproductimages/medium/007809.jpg",
        "name": "Macro Cereal Granules Lecithin 250g",
        "price": 5.99,
        "unitPrice": "$2.40 / 100G"
    },
    {
        "category": "pantry",
        "href": "https://www.woolworths.com.au/shop/productdetails/287/leatherwood-organic-honey",
        "imgName": "000287.jpg",
        "imgSrc": "https://cdn0.woolworths.media/content/wowproductimages/medium/000287.jpg",
        "name": "Leatherwood Organic Honey 500g",
        "price": 9,
        "unitPrice": "$1.80 / 100G"
    },
    {
        "category": "pantry",
        "href": "https://www.woolworths.com.au/shop/productdetails/32926/continental-cup-a-soup-classic-chicken-noodle-chicken-noodle",
        "imgName": "032926.jpg",
        "imgSrc": "https://cdn0.woolworths.media/content/wowproductimages/medium/032926.jpg",
        "name": "Continental Cup A Soup Classic Chicken Noodle Chicken Noodle 4pk 40g",
        "price": 2,
        "unitPrice": "$5.00 / 100G"
    },
    {
        "category": "pantry",
        "href": "https://www.woolworths.com.au/shop/productdetails/39916/mckenzie-s-soup-mix-italian-style",
        "imgName": "039916.jpg",
        "imgSrc": "https://cdn0.woolworths.media/content/wowproductimages/medium/039916.jpg",
        "name": "Mckenzie's Soup Mix Italian Style 375g",
        "price": 2.29,
        "unitPrice": "$0.61 / 100G"
    },
    {
        "category": "pantry",
        "href": "https://www.woolworths.com.au/shop/productdetails/37843/golden-circle-sliced-pineapple-in-juice",
        "imgName": "037843.jpg",
        "imgSrc": "https://cdn0.woolworths.media/content/wowproductimages/medium/037843.jpg",
        "name": "Golden Circle Sliced Pineapple In Juice 825g",
        "price": 5.8,
        "unitPrice": "$7.03 / 1KG"
    },
    {
        "category": "pantry",
        "href": "https://www.woolworths.com.au/shop/productdetails/57242/angas-park-fruit-mix-salad",
        "imgName": "057242.jpg",
        "imgSrc": "https://cdn0.woolworths.media/content/wowproductimages/medium/057242.jpg",
        "name": "Angas Park Fruit Mix Salad 500g",
        "price": 9.4,
        "unitPrice": "$18.80 / 1KG"
    },
    {
        "category": "pantry",
        "href": "https://www.woolworths.com.au/shop/productdetails/76940/pataks-paste-curry-madras",
        "imgName": "076940.jpg",
        "imgSrc": "https://cdn0.woolworths.media/content/wowproductimages/medium/076940.jpg",
        "name": "Pataks Paste Curry Madras 283g"
    },
    {
        "category": "pantry",
        "href": "https://www.woolworths.com.au/shop/productdetails/51652/old-el-paso-chunky-tomato-salsa-dip-hot",
        "imgName": "051652.jpg",
        "imgSrc": "https://cdn0.woolworths.media/content/wowproductimages/medium/051652.jpg",
        "name": "Old El Paso Chunky Tomato Salsa Dip Hot 300g",
        "price": 2.55,
        "unitPrice": "$0.85 / 100G"
    },
    {
        "category": "pantry",
        "href": "https://www.woolworths.com.au/shop/productdetails/46382/trident-hot-spicy-2-minute-noodles",
        "imgName": "046382.jpg",
        "imgSrc": "https://cdn0.woolworths.media/content/wowproductimages/medium/046382.jpg",
        "name": "Trident Hot & Spicy 2 Minute Noodles 85g",
        "price": 0.95,
        "unitPrice": "$1.12 / 100G"
    },
    {
        "category": "pantry",
        "href": "https://www.woolworths.com.au/shop/productdetails/34391/continental-simmer-soup-cream-of-chicken",
        "imgName": "034391.jpg",
        "imgSrc": "https://cdn0.woolworths.media/content/wowproductimages/medium/034391.jpg",
        "name": "Continental Simmer Soup Cream Of Chicken 45g",
        "price": 1.4,
        "special": 1,
        "unitPrice": "$2.22 / 100G"
    },
    {
        "category": "pantry",
        "href": "https://www.woolworths.com.au/shop/productdetails/39891/crosse-blackwell-branston-pickle",
        "imgName": "039891.jpg",
        "imgSrc": "https://cdn0.woolworths.media/content/wowproductimages/medium/039891.jpg",
        "name": "Crosse & Blackwell Branston Pickle  310g",
        "price": 4.8,
        "unitPrice": "$15.48 / 1KG"
    },
    {
        "category": "pantry",
        "href": "https://www.woolworths.com.au/shop/productdetails/54179/hoyts-mustard-seed",
        "imgName": "054179.jpg",
        "imgSrc": "https://cdn0.woolworths.media/content/wowproductimages/medium/054179.jpg",
        "name": "Hoyts Mustard Seed 25g",
        "price": 1.3,
        "unitPrice": "$0.52 / 10G"
    },
    {
        "category": "pantry",
        "href": "https://www.woolworths.com.au/shop/productdetails/96607/san-remo-la-pasta-chicken-curry-single-snack",
        "imgName": "096607.jpg",
        "imgSrc": "https://cdn0.woolworths.media/content/wowproductimages/medium/096607.jpg",
        "name": "San Remo La Pasta Chicken Curry Single Snack 80g",
        "price": 1,
        "unitPrice": "$1.25 / 100G"
    },
    {
        "category": "pantry",
        "href": "https://www.woolworths.com.au/shop/productdetails/122188/ingham-s-coating-mix-seasoning-chicken",
        "imgName": "122188.jpg",
        "imgSrc": "https://cdn0.woolworths.media/content/wowproductimages/medium/122188.jpg",
        "name": "Ingham's Coating Mix Seasoning Chicken 75g",
        "price": 0.99,
        "unitPrice": "$1.32 / 100G"
    },
    {
        "category": "pantry",
        "href": "https://www.woolworths.com.au/shop/productdetails/91560/aroma-juice-99-9-aloe-vera",
        "imgName": "091560.jpg",
        "imgSrc": "https://cdn0.woolworths.media/content/wowproductimages/medium/091560.jpg",
        "name": "Aroma Juice 99.9% Aloe Vera 1l",
        "price": 13.5,
        "unitPrice": "$13.50 / 1L"
    },
    {
        "category": "pantry",
        "href": "https://www.woolworths.com.au/shop/productdetails/196455/homebrand-chocolate-topping",
        "imgName": "196455.jpg",
        "imgSrc": "https://cdn0.woolworths.media/content/wowproductimages/medium/196455.jpg",
        "name": "Homebrand Chocolate Topping 600ml",
        "price": 1.75,
        "unitPrice": "$0.29 / 100ML"
    },
    {
        "category": "pantry",
        "href": "https://www.woolworths.com.au/shop/productdetails/186409/massel-stock-powder-beef",
        "imgName": "186409.jpg",
        "imgSrc": "https://cdn0.woolworths.media/content/wowproductimages/medium/186409.jpg",
        "name": "Massel Stock Powder Beef 168g",
        "price": 3,
        "unitPrice": "$0.18 / 10G"
    },
    {
        "category": "pantry",
        "href": "https://www.woolworths.com.au/shop/productdetails/186167/continental-cup-a-soup-classic-tomato",
        "imgName": "186167.jpg",
        "imgSrc": "https://cdn0.woolworths.media/content/wowproductimages/medium/186167.jpg",
        "name": "Continental Cup A Soup Classic Tomato 80g",
        "price": 2,
        "unitPrice": "$2.50 / 100G"
    },
    {
        "category": "pantry",
        "href": "https://www.woolworths.com.au/shop/productdetails/205293/always-fresh-garlic-minced-jar",
        "imgName": "205293.jpg",
        "imgSrc": "https://cdn0.woolworths.media/content/wowproductimages/medium/205293.jpg",
        "name": "Always Fresh Garlic Minced Jar 400g",
        "price": 3.45,
        "unitPrice": "$0.09 / 10G"
    },
    {
        "category": "pantry",
        "href": "https://www.woolworths.com.au/shop/productdetails/214718/carman-s-classic-fruit-nut-muesli-bars",
        "imgName": "214718.jpg",
        "imgSrc": "https://cdn0.woolworths.media/content/wowproductimages/medium/214718.jpg",
        "name": "Carman's Classic Fruit & Nut Muesli Bars 6pk 270g",
        "price": 5.6,
        "unitPrice": "$2.07 / 100G"
    },
    {
        "category": "pantry",
        "href": "https://www.woolworths.com.au/shop/productdetails/244345/push-pop-lollipop-triple-power",
        "imgName": "244345.jpg",
        "imgSrc": "https://cdn0.woolworths.media/content/wowproductimages/medium/244345.jpg",
        "name": "Push Pop Lollipop Triple Power 34g",
        "price": 2.9,
        "unitPrice": "$8.53 / 100G"
    },
    {
        "category": "pantry",
        "href": "https://www.woolworths.com.au/shop/productdetails/248677/old-el-paso-mexican-mini-tortillas",
        "imgName": "248677.jpg",
        "imgSrc": "https://cdn0.woolworths.media/content/wowproductimages/medium/248677.jpg",
        "name": "Old El Paso Mexican Mini Tortillas 10pk 250g",
        "price": 3.7,
        "unitPrice": "$1.48 / 100G"
    },
    {
        "category": "pantry",
        "href": "https://www.woolworths.com.au/shop/productdetails/193458/homebrand-ingredient-buritto-tortilla",
        "imgName": "193458.jpg",
        "imgSrc": "https://cdn0.woolworths.media/content/wowproductimages/medium/193458.jpg",
        "name": "Homebrand Ingredient Buritto Tortilla 15pk 690g",
        "price": 4,
        "unitPrice": "$0.58 / 100G"
    },
    {
        "category": "pantry",
        "href": "https://www.woolworths.com.au/shop/productdetails/218931/woolworths-select-peas-green",
        "imgName": "218931.jpg",
        "imgSrc": "https://cdn0.woolworths.media/content/wowproductimages/medium/218931.jpg",
        "name": "Woolworths Select Peas Green 420g",
        "price": 0.85,
        "unitPrice": "$2.02 / 1KG"
    },
    {
        "category": "pantry",
        "href": "https://www.woolworths.com.au/shop/productdetails/254495/jarrah-coffee-french-style",
        "imgName": "254495.jpg",
        "imgSrc": "https://cdn0.woolworths.media/content/wowproductimages/medium/254495.jpg",
        "name": "Jarrah Coffee French Style 250g",
        "price": 6,
        "unitPrice": "$2.40 / 100G"
    },
    {
        "category": "pantry",
        "href": "https://www.woolworths.com.au/shop/productdetails/253723/vogels-classic-golden-baked-clusters",
        "imgName": "253723.jpg",
        "imgSrc": "https://cdn0.woolworths.media/content/wowproductimages/medium/253723.jpg",
        "name": "Vogels Classic Golden Baked Clusters 500g"
    },
    {
        "category": "pantry",
        "href": "https://www.woolworths.com.au/shop/productdetails/320326/golden-selections-fettuccine-tricolore-pasta",
        "imgName": "320326.jpg",
        "imgSrc": "https://cdn0.woolworths.media/content/wowproductimages/medium/320326.jpg",
        "name": "Golden Selections Fettuccine Tricolore Pasta 500g",
        "price": 5.7,
        "unitPrice": "$1.14 / 100G"
    },
    {
        "category": "pantry",
        "href": "https://www.woolworths.com.au/shop/productdetails/306497/saxa-natural-rock-salt",
        "imgName": "306497.jpg",
        "imgSrc": "https://cdn0.woolworths.media/content/wowproductimages/medium/306497.jpg",
        "name": "Saxa Natural Rock Salt 500g",
        "price": 2.1,
        "unitPrice": "$0.04 / 10G"
    },
    {
        "category": "pantry",
        "href": "https://www.woolworths.com.au/shop/productdetails/319634/healtheries-kidscare-potato-chips-roast-stix-plain",
        "imgName": "319634.jpg",
        "imgSrc": "https://cdn0.woolworths.media/content/wowproductimages/medium/319634.jpg",
        "name": "Healtheries Kidscare Potato Chips Roast Stix Plain 8pk 160g",
        "price": 5.29,
        "unitPrice": "$3.31 / 100G"
    },
    {
        "category": "pantry",
        "href": "https://www.woolworths.com.au/shop/productdetails/313356/cadbury-dairy-milk-chocolate-sharepack",
        "imgName": "313356.jpg",
        "imgSrc": "https://cdn0.woolworths.media/content/wowproductimages/medium/313356.jpg",
        "name": "Cadbury Dairy Milk Chocolate Sharepack 15pk 180g",
        "price": 4.6,
        "unitPrice": "$2.56 / 100G"
    },
    {
        "category": "pantry",
        "href": "https://www.woolworths.com.au/shop/productdetails/314544/betty-crocker-rainbow-chip-with-m-m-cookie-mix",
        "imgName": "314544.jpg",
        "imgSrc": "https://cdn0.woolworths.media/content/wowproductimages/medium/314544.jpg",
        "name": "Betty Crocker Rainbow Chip With M&m Cookie Mix 495g",
        "price": 5.2,
        "unitPrice": "$1.05 / 100G"
    },
    {
        "category": "pantry",
        "href": "https://www.woolworths.com.au/shop/productdetails/294158/arnott-s-tiny-teddy-biscuits-honey",
        "imgName": "294158.jpg",
        "imgSrc": "https://cdn0.woolworths.media/content/wowproductimages/medium/294158.jpg",
        "name": "Arnott's Tiny Teddy Biscuits Honey 200g",
        "price": 3,
        "unitPrice": "$1.50 / 100G"
    },
    {
        "category": "pantry",
        "href": "https://www.woolworths.com.au/shop/productdetails/298956/always-fresh-cucumbers-bread-butter",
        "imgName": "298956.jpg",
        "imgSrc": "https://cdn0.woolworths.media/content/wowproductimages/medium/298956.jpg",
        "name": "Always Fresh Cucumbers Bread & Butter 700g",
        "price": 3.4,
        "unitPrice": "$4.86 / 1KG"
    },
    {
        "category": "pantry",
        "href": "https://www.woolworths.com.au/shop/productdetails/311904/red-kellys-dressings-traditional",
        "imgName": "311904.jpg",
        "imgSrc": "https://cdn0.woolworths.media/content/wowproductimages/medium/311904.jpg",
        "name": "Red Kellys Dressings Traditional 250ml",
        "price": 3.8,
        "unitPrice": "$1.52 / 100ML"
    },
    {
        "category": "pantry",
        "href": "https://www.woolworths.com.au/shop/productdetails/297224/masterfoods-side-dish-creamy-herb-garlic-potato-bake",
        "imgName": "297224.jpg",
        "imgSrc": "https://cdn0.woolworths.media/content/wowproductimages/medium/297224.jpg",
        "name": "Masterfoods Side Dish Creamy Herb Garlic Potato Bake 175g",
        "price": 2.19,
        "unitPrice": "$1.25 / 100G"
    },
    {
        "category": "pantry",
        "href": "https://www.woolworths.com.au/shop/productdetails/321862/lowan-quick-whole-grain-oats",
        "imgName": "321862.jpg",
        "imgSrc": "https://cdn0.woolworths.media/content/wowproductimages/medium/321862.jpg",
        "name": "Lowan Quick Whole Grain Oats 1kg",
        "price": 4,
        "unitPrice": "$0.40 / 100G"
    },
    {
        "category": "pantry",
        "href": "https://www.woolworths.com.au/shop/productdetails/320238/arkadia-chai-tea-spice",
        "imgName": "320238.jpg",
        "imgSrc": "https://cdn0.woolworths.media/content/wowproductimages/medium/320238.jpg",
        "name": "Arkadia Chai Tea Spice 240g",
        "price": 6.5,
        "unitPrice": "$2.71 / 100G"
    },
    {
        "category": "pantry",
        "href": "https://www.woolworths.com.au/shop/productdetails/347076/woolworths-pecans-halves",
        "imgName": "347076.jpg",
        "imgSrc": "https://cdn0.woolworths.media/content/wowproductimages/medium/347076.jpg",
        "name": "Woolworths Pecans Halves 400g pack",
        "price": 12,
        "unitPrice": "$30.00 / 1KG"
    },
    {
        "category": "pantry",
        "href": "https://www.woolworths.com.au/shop/productdetails/334797/macro-cereal-gentle-fibre",
        "imgName": "334797.jpg",
        "imgSrc": "https://cdn0.woolworths.media/content/wowproductimages/medium/334797.jpg",
        "name": "Macro Cereal Gentle Fibre 500g",
        "price": 4.99,
        "unitPrice": "$1.00 / 100G"
    },
    {
        "category": "pantry",
        "href": "https://www.woolworths.com.au/shop/productdetails/378934/buontempo-gluten-wheat-free-pasta-spirals-pasta",
        "imgName": "378934.jpg",
        "imgSrc": "https://cdn0.woolworths.media/content/wowproductimages/medium/378934.jpg",
        "name": "Buontempo Gluten & Wheat Free Pasta Spirals Pasta 500g",
        "price": 3.45,
        "unitPrice": "$0.69 / 100G"
    },
    {
        "category": "pantry",
        "href": "https://www.woolworths.com.au/shop/productdetails/380791/woolworths-macadamias-roasted-salted",
        "imgName": "380791.jpg",
        "imgSrc": "https://cdn0.woolworths.media/content/wowproductimages/medium/380791.jpg",
        "name": "Woolworths Macadamias Roasted & Salted 400g pack",
        "price": 18,
        "unitPrice": "$45.00 / 1KG"
    },
    {
        "category": "pantry",
        "href": "https://www.woolworths.com.au/shop/productdetails/378733/queen-frosting-royal-icing",
        "imgName": "378733.jpg",
        "imgSrc": "https://cdn0.woolworths.media/content/wowproductimages/medium/378733.jpg",
        "name": "Queen Frosting Royal Icing 330g",
        "price": 4.1,
        "unitPrice": "$1.24 / 100G"
    },
    {
        "category": "pantry",
        "href": "https://www.woolworths.com.au/shop/productdetails/381389/lion-classic-scone-mix",
        "imgName": "381389.jpg",
        "imgSrc": "https://cdn0.woolworths.media/content/wowproductimages/medium/381389.jpg",
        "name": "Lion Classic Scone Mix 535g",
        "price": 3.7,
        "unitPrice": "$6.92 / 1KG"
    },
    {
        "category": "pantry",
        "href": "https://www.woolworths.com.au/shop/productdetails/380789/woolworths-macadamias-kernels-raw",
        "imgName": "380789.jpg",
        "imgSrc": "https://cdn0.woolworths.media/content/wowproductimages/medium/380789.jpg",
        "name": "Woolworths Macadamias Kernels Raw 400g pack",
        "price": 17,
        "unitPrice": "$42.50 / 1KG"
    },
    {
        "category": "pantry",
        "href": "https://www.woolworths.com.au/shop/productdetails/334790/macro-organic-unstabilised-rolled-oats",
        "imgName": "334790.jpg",
        "imgSrc": "https://cdn0.woolworths.media/content/wowproductimages/medium/334790.jpg",
        "name": "Macro Organic Unstabilised Rolled Oats 750g",
        "price": 4.5,
        "unitPrice": "$0.60 / 100G"
    },
    {
        "category": "pantry",
        "href": "https://www.woolworths.com.au/shop/productdetails/339449/mission-bread-chapattis-garlic",
        "imgName": "339449.jpg",
        "imgSrc": "https://cdn0.woolworths.media/content/wowproductimages/medium/339449.jpg",
        "name": "Mission Bread Chapattis Garlic 6pk 280g",
        "price": 3,
        "unitPrice": "$1.07 / 100G"
    },
    {
        "category": "pantry",
        "href": "https://www.woolworths.com.au/shop/productdetails/357265/macro-natural-almond-spread",
        "imgName": "357265.jpg",
        "imgSrc": "https://cdn0.woolworths.media/content/wowproductimages/medium/357265.jpg",
        "name": "Macro Natural Almond Spread 250g",
        "price": 8.5,
        "unitPrice": "$3.40 / 100G"
    },
    {
        "category": "pantry",
        "href": "https://www.woolworths.com.au/shop/productdetails/455890/sandhurst-white-rice-cup-quinoa",
        "imgName": "455890.jpg",
        "imgSrc": "https://cdn0.woolworths.media/content/wowproductimages/medium/455890.jpg",
        "name": "Sandhurst White Rice Cup Quinoa 210g",
        "price": 4.99,
        "unitPrice": "$2.38 / 100G"
    },
    {
        "category": "pantry",
        "href": "https://www.woolworths.com.au/shop/productdetails/466162/f-whitlock-sons-caramelised-onion-relish",
        "imgName": "466162.jpg",
        "imgSrc": "https://cdn0.woolworths.media/content/wowproductimages/medium/466162.jpg",
        "name": "F. Whitlock & Sons Caramelised Onion Relish  275g",
        "price": 4.5,
        "unitPrice": "$1.64 / 100G"
    },
    {
        "category": "pantry",
        "href": "https://www.woolworths.com.au/shop/productdetails/482810/mama-jumbo-noodles-tom-yum",
        "imgName": "482810.jpg",
        "imgSrc": "https://cdn0.woolworths.media/content/wowproductimages/medium/482810.jpg",
        "name": "Mama Jumbo Noodles Tom Yum 90g",
        "price": 1.25,
        "unitPrice": "$1.39 / 100G"
    },
    {
        "category": "pantry",
        "href": "https://www.woolworths.com.au/shop/productdetails/497649/woolworths-chocolate-creme-wafers",
        "imgName": "497649.jpg",
        "imgSrc": "https://cdn0.woolworths.media/content/wowproductimages/medium/497649.jpg",
        "name": "Woolworths Chocolate Creme Wafers 125g",
        "price": 0.57,
        "unitPrice": "$0.46 / 100G"
    },
    {
        "category": "pantry",
        "href": "https://www.woolworths.com.au/shop/productdetails/490830/creative-kitchen-marzipan",
        "imgName": "490830.jpg",
        "imgSrc": "https://cdn0.woolworths.media/content/wowproductimages/medium/490830.jpg",
        "name": "Creative Kitchen Marzipan  250g",
        "price": 5,
        "unitPrice": "$2.00 / 100G"
    },
    {
        "category": "pantry",
        "href": "https://www.woolworths.com.au/shop/productdetails/438469/hart-soul-chicken-corn-soup-pouch",
        "imgName": "438469.jpg",
        "imgSrc": "https://cdn0.woolworths.media/content/wowproductimages/medium/438469.jpg",
        "name": "Hart & Soul Chicken & Corn Soup Pouch  400g",
        "price": 4,
        "unitPrice": "$1.00 / 100G"
    },
    {
        "category": "pantry",
        "href": "https://www.woolworths.com.au/shop/productdetails/450976/woolworths-pancake-shaker-buttermilk",
        "imgName": "450976.jpg",
        "imgSrc": "https://cdn0.woolworths.media/content/wowproductimages/medium/450976.jpg",
        "name": "Woolworths Pancake Shaker Buttermilk 300g",
        "price": 1.5,
        "unitPrice": "$0.50 / 100G"
    },
    {
        "category": "pantry",
        "href": "https://www.woolworths.com.au/shop/productdetails/473597/yoodles-brown-rice-noodles-chicken",
        "imgName": "473597.jpg",
        "imgSrc": "https://cdn0.woolworths.media/content/wowproductimages/medium/473597.jpg",
        "name": "Yoodles Brown Rice Noodles Chicken 70g",
        "price": 2,
        "unitPrice": "$2.86 / 100G"
    },
    {
        "category": "pantry",
        "href": "https://www.woolworths.com.au/shop/productdetails/466198/king-oscar-mackerel-mediterranean",
        "imgName": "466198.jpg",
        "imgSrc": "https://cdn0.woolworths.media/content/wowproductimages/medium/466198.jpg",
        "name": "King Oscar Mackerel Mediterranean 115g",
        "price": 3.3,
        "unitPrice": "$28.70 / 1KG"
    },
    {
        "category": "pantry",
        "href": "https://www.woolworths.com.au/shop/productdetails/526016/woolworths-mango-in-mango-jelly",
        "imgName": "526016.jpg",
        "imgSrc": "https://cdn0.woolworths.media/content/wowproductimages/medium/526016.jpg",
        "name": "Woolworths Mango In Mango Jelly  480g 4pk",
        "price": 2.5,
        "unitPrice": "$5.21 / 1KG"
    },
    {
        "category": "pantry",
        "href": "https://www.woolworths.com.au/shop/productdetails/504615/three-threes-pickled-onions-australian",
        "imgName": "504615.jpg",
        "imgSrc": "https://cdn0.woolworths.media/content/wowproductimages/medium/504615.jpg",
        "name": "Three Threes Pickled Onions Australian 520g",
        "price": 3.6,
        "unitPrice": "$6.92 / 1KG"
    },
    {
        "category": "pantry",
        "href": "https://www.woolworths.com.au/shop/productdetails/505103/carman-s-protein-muesli-bars-yoghurt-nut",
        "imgName": "505103.jpg",
        "imgSrc": "https://cdn0.woolworths.media/content/wowproductimages/medium/505103.jpg",
        "name": "Carman's Protein Muesli Bars Yoghurt & Nut 200g",
        "price": 5.8,
        "unitPrice": "$2.90 / 100G"
    },
    {
        "category": "pantry",
        "href": "https://www.woolworths.com.au/shop/productdetails/701675/kellogg-s-frosties",
        "imgName": "701675.jpg",
        "imgSrc": "https://cdn0.woolworths.media/content/wowproductimages/medium/701675.jpg",
        "name": "Kellogg's Frosties  350g",
        "price": 4.99,
        "unitPrice": "$1.43 / 100G"
    },
    {
        "category": "pantry",
        "href": "https://www.woolworths.com.au/shop/productdetails/592112/woolworths-extra-strong-mints",
        "imgName": "592112.jpg",
        "imgSrc": "https://cdn0.woolworths.media/content/wowproductimages/medium/592112.jpg",
        "name": "Woolworths Extra Strong Mints 225g",
        "price": 2,
        "unitPrice": "$0.89 / 100G"
    },
    {
        "category": "pantry",
        "href": "https://www.woolworths.com.au/shop/productdetails/637747/ocean-spray-craisins-greek-yoghurt",
        "imgName": "637747.jpg",
        "imgSrc": "https://cdn0.woolworths.media/content/wowproductimages/medium/637747.jpg",
        "name": "Ocean Spray Craisins Greek Yoghurt 85g",
        "price": 2.99,
        "unitPrice": "$3.52 / 100G"
    },
    {
        "category": "pantry",
        "href": "https://www.woolworths.com.au/shop/productdetails/575840/twinings-morning-tea",
        "imgName": "575840.jpg",
        "imgSrc": "https://cdn0.woolworths.media/content/wowproductimages/medium/575840.jpg",
        "name": "Twinings Morning Tea  10 pk",
        "price": 2.7,
        "unitPrice": "$0.27 / 1EA"
    },
    {
        "category": "pantry",
        "href": "https://www.woolworths.com.au/shop/productdetails/491365/multix-party-patty-pan-mini-patterned",
        "imgName": "491365.jpg",
        "imgSrc": "https://cdn0.woolworths.media/content/wowproductimages/medium/491365.jpg",
        "name": "Multix Party Patty Pan Mini Patterned 100pk",
        "price": 2.5
    },
    {
        "category": "pantry",
        "href": "https://www.woolworths.com.au/shop/productdetails/554375/street-kitchen-cooking-pad-thai",
        "imgName": "554375.jpg",
        "imgSrc": "https://cdn0.woolworths.media/content/wowproductimages/medium/554375.jpg",
        "name": "Street Kitchen Cooking Pad Thai  255g",
        "price": 5.5,
        "unitPrice": "$2.16 / 100G"
    },
    {
        "category": "pantry",
        "href": "https://www.woolworths.com.au/shop/productdetails/738979/table-of-plenty-mini-rice-snacks-chocolate-cakes",
        "imgName": "738979.jpg",
        "imgSrc": "https://cdn0.woolworths.media/content/wowproductimages/medium/738979.jpg",
        "name": "Table Of Plenty Mini Rice Snacks Chocolate Cakes 60g",
        "price": 3.2,
        "unitPrice": "$5.33 / 100G"
    },
    {
        "category": "pantry",
        "href": "https://www.woolworths.com.au/shop/productdetails/750315/la-zuppa-soup-pouch-roasted-pumpkin",
        "imgName": "750315.jpg",
        "imgSrc": "https://cdn0.woolworths.media/content/wowproductimages/medium/750315.jpg",
        "name": "La Zuppa Soup Pouch Roasted Pumpkin 540g",
        "price": 4.4,
        "unitPrice": "$0.81 / 100G"
    },
    {
        "category": "pantry",
        "href": "https://www.woolworths.com.au/shop/productdetails/700019/maggi-fusian-mi-goreng-hot-spicy-noodle-cup",
        "imgName": "700019.jpg",
        "imgSrc": "https://cdn0.woolworths.media/content/wowproductimages/medium/700019.jpg",
        "name": "Maggi Fusian Mi Goreng Hot & Spicy Noodle Cup 65g",
        "price": 1.8,
        "unitPrice": "$2.77 / 100G"
    },
    {
        "category": "pantry",
        "href": "https://www.woolworths.com.au/shop/productdetails/724820/cross-blackwell-south-african-mayonnaise",
        "imgName": "724820.jpg",
        "imgSrc": "https://cdn0.woolworths.media/content/wowproductimages/medium/724820.jpg",
        "name": "Cross & Blackwell South African Mayonnaise 750g",
        "price": 10,
        "unitPrice": "$1.33 / 100G"
    },
    {
        "category": "pantry",
        "href": "https://www.woolworths.com.au/shop/productdetails/708825/taj-classic-basmati-rice",
        "imgName": "708825.jpg",
        "imgSrc": "https://cdn0.woolworths.media/content/wowproductimages/medium/708825.jpg",
        "name": "Taj Classic Basmati Rice  5kg",
        "price": 19.99,
        "unitPrice": "$0.40 / 100G"
    },
    {
        "category": "pantry",
        "href": "https://www.woolworths.com.au/shop/productdetails/653420/cadbury-cookie-crunchy-choc-filled",
        "imgName": "653420.jpg",
        "imgSrc": "https://cdn0.woolworths.media/content/wowproductimages/medium/653420.jpg",
        "name": "Cadbury Cookie Crunchy Choc Filled 156g",
        "price": 3.5,
        "unitPrice": "$2.24 / 100G"
    },
    {
        "category": "pantry",
        "href": "https://www.woolworths.com.au/shop/productdetails/760061/mission-sauce-salsa-mild",
        "imgName": "760061.jpg",
        "imgSrc": "https://cdn0.woolworths.media/content/wowproductimages/medium/760061.jpg",
        "name": "Mission Sauce Salsa Mild 453g",
        "price": 4.5,
        "unitPrice": "$0.99 / 100G"
    },
    {
        "category": "pantry",
        "href": "https://www.woolworths.com.au/shop/productdetails/799386/woolworths-select-tomato-onion-herb-pasta",
        "imgName": "799386.jpg",
        "imgSrc": "https://cdn0.woolworths.media/content/wowproductimages/medium/799386.jpg",
        "name": "Woolworths Select Tomato Onion & Herb Pasta 125g",
        "price": 1,
        "unitPrice": "$0.80 / 100G"
    },
    {
        "category": "pantry",
        "href": "https://www.woolworths.com.au/shop/productdetails/733692/masterfoods-recipe-base-thai-green-curry",
        "imgName": "733692.jpg",
        "imgSrc": "https://cdn0.woolworths.media/content/wowproductimages/medium/733692.jpg",
        "name": "Masterfoods Recipe Base Thai Green Curry 175g",
        "price": 2.19,
        "unitPrice": "$1.25 / 100G"
    },
    {
        "category": "pantry",
        "href": "https://www.woolworths.com.au/shop/productdetails/769964/woolworths-walnuts-in-shell",
        "imgName": "769964.jpg",
        "imgSrc": "https://cdn0.woolworths.media/content/wowproductimages/medium/769964.jpg",
        "name": "Woolworths Walnuts In Shell 500g pack",
        "price": 6,
        "unitPrice": "$12.00 / 1KG"
    },
    {
        "category": "pantry",
        "href": "https://www.woolworths.com.au/shop/productdetails/742102/indomie-hot-spicy-noodles-5pk",
        "imgName": "742102.jpg",
        "imgSrc": "https://cdn0.woolworths.media/content/wowproductimages/medium/742102.jpg",
        "name": "Indomie Hot & Spicy Noodles 5pk 400g",
        "price": 2.75,
        "unitPrice": "$0.69 / 100G"
    },
    {
        "category": "pantry",
        "href": "https://www.woolworths.com.au/shop/productdetails/766655/freedom-foods-muesli-3-ancient-grains",
        "imgName": "766655.jpg",
        "imgSrc": "https://cdn0.woolworths.media/content/wowproductimages/medium/766655.jpg",
        "name": "Freedom Foods Muesli 3 Ancient Grains 300g",
        "price": 6.49,
        "unitPrice": "$2.16 / 100G"
    },
    {
        "category": "pantry",
        "href": "https://www.woolworths.com.au/shop/productdetails/747255/lifesavers-fruit-pastille-blackcurrant",
        "imgName": "747255.jpg",
        "imgSrc": "https://cdn0.woolworths.media/content/wowproductimages/medium/747255.jpg",
        "name": "Lifesavers Fruit Pastille Blackcurrant 34g",
        "price": 1.1,
        "unitPrice": "$3.24 / 100G"
    },
    {
        "category": "pantry",
        "href": "https://www.woolworths.com.au/shop/productdetails/756336/woolworths-mandarin-canned",
        "imgName": "756336.jpg",
        "imgSrc": "https://cdn0.woolworths.media/content/wowproductimages/medium/756336.jpg",
        "name": "Woolworths Mandarin Canned 310g can",
        "price": 1.75,
        "unitPrice": "$5.65 / 1KG"
    },
    {
        "category": "pantry",
        "href": "https://www.woolworths.com.au/shop/productdetails/760062/mission-black-bean-chipotle-salsa",
        "imgName": "760062.jpg",
        "imgSrc": "https://cdn0.woolworths.media/content/wowproductimages/medium/760062.jpg",
        "name": "Mission Black Bean & Chipotle Salsa 453g",
        "price": 4.5,
        "unitPrice": "$0.99 / 100G"
    },
    {
        "category": "pantry",
        "href": "https://www.woolworths.com.au/shop/productdetails/770074/woolworths-free-from-banana-bread",
        "imgName": "770074.jpg",
        "imgSrc": "https://cdn0.woolworths.media/content/wowproductimages/medium/770074.jpg",
        "name": "Woolworths Free From Banana Bread 400g",
        "price": 3.4,
        "unitPrice": "$0.85 / 100G"
    },
    {
        "category": "pantry",
        "href": "https://www.woolworths.com.au/shop/productdetails/767526/jamie-oliver-pasta-sauce-ricotta-basil",
        "imgName": "767526.jpg",
        "imgSrc": "https://cdn0.woolworths.media/content/wowproductimages/medium/767526.jpg",
        "name": "Jamie Oliver Pasta Sauce Ricotta & Basil 400g",
        "price": 4.3,
        "unitPrice": "$1.08 / 100G"
    },
    {
        "category": "pantry",
        "href": "https://www.woolworths.com.au/shop/productdetails/774154/queen-writing-icing",
        "imgName": "774154.jpg",
        "imgSrc": "https://cdn0.woolworths.media/content/wowproductimages/medium/774154.jpg",
        "name": "Queen Writing Icing  5pk",
        "price": 5,
        "unitPrice": "$4.76 / 100G"
    },
    {
        "category": "pantry",
        "href": "https://www.woolworths.com.au/shop/productdetails/774692/woolworths-dates-medjool",
        "imgName": "774692.jpg",
        "imgSrc": "https://cdn0.woolworths.media/content/wowproductimages/medium/774692.jpg",
        "name": "Woolworths Dates Medjool 225g punnet",
        "price": 7,
        "unitPrice": "$31.11 / 1KG"
    },
    {
        "category": "pantry",
        "href": "https://www.woolworths.com.au/shop/productdetails/774701/woolworths-date-pistachio-rolls-snack-pots",
        "imgName": "774701.jpg",
        "imgSrc": "https://cdn0.woolworths.media/content/wowproductimages/medium/774701.jpg",
        "name": "Woolworths Date & Pistachio Rolls Snack Pots 225g",
        "price": 7,
        "unitPrice": "$31.11 / 1KG"
    },
    {
        "category": "pantry",
        "href": "https://www.woolworths.com.au/shop/productdetails/782225/freedom-foods-cereal-buckweat-quinoa",
        "imgName": "782225.jpg",
        "imgSrc": "https://cdn0.woolworths.media/content/wowproductimages/medium/782225.jpg",
        "name": "Freedom Foods Cereal Buckweat & Quinoa 350g",
        "price": 5.99,
        "unitPrice": "$1.71 / 100G"
    },
    {
        "category": "pantry",
        "href": "https://www.woolworths.com.au/shop/productdetails/782226/freedom-foods-cereal-multigrain-cranberry",
        "imgName": "782226.jpg",
        "imgSrc": "https://cdn0.woolworths.media/content/wowproductimages/medium/782226.jpg",
        "name": "Freedom Foods Cereal Multigrain & Cranberry 350g",
        "price": 5.99,
        "unitPrice": "$1.71 / 100G"
    },
    {
        "category": "pantry",
        "href": "https://www.woolworths.com.au/shop/productdetails/771058/golden-circle-beetroot-slices-pickled",
        "imgName": "771058.jpg",
        "imgSrc": "https://cdn0.woolworths.media/content/wowproductimages/medium/771058.jpg",
        "name": "Golden Circle Beetroot Slices Pickled 440g",
        "price": 3,
        "unitPrice": "$6.82 / 1KG"
    },
    {
        "category": "pantry",
        "href": "https://www.woolworths.com.au/shop/productdetails/800489/jarrah-coffee-salted-caramel",
        "imgName": "800489.jpg",
        "imgSrc": "https://cdn0.woolworths.media/content/wowproductimages/medium/800489.jpg",
        "name": "Jarrah Coffee Salted Caramel 250g",
        "price": 6,
        "unitPrice": "$2.40 / 100G"
    },
    {
        "category": "pantry",
        "href": "https://www.woolworths.com.au/shop/productdetails/824408/woolworths-select-scotch-fingers",
        "imgName": "824408.jpg",
        "imgSrc": "https://cdn0.woolworths.media/content/wowproductimages/medium/824408.jpg",
        "name": "Woolworths Select Scotch Fingers  250g",
        "price": 0.9,
        "unitPrice": "$0.36 / 100G"
    },
    {
        "category": "pantry",
        "href": "https://www.woolworths.com.au/shop/productdetails/826071/woolworths-select-butter-chicken-with-jasmine-rice",
        "imgName": "826071.jpg",
        "imgSrc": "https://cdn0.woolworths.media/content/wowproductimages/medium/826071.jpg",
        "name": "Woolworths Select Butter Chicken With Jasmine Rice 350g",
        "price": 4,
        "unitPrice": "$1.14 / 100G"
    },
    {
        "category": "pantry",
        "href": "https://www.woolworths.com.au/shop/productdetails/924402/thinkfood-munch-pistachio-cranberry",
        "imgName": "924402.jpg",
        "imgSrc": "https://cdn0.woolworths.media/content/wowproductimages/medium/924402.jpg",
        "name": "Thinkfood Munch Pistachio Cranberry  140g"
    },
    {
        "category": "pantry",
        "href": "https://www.woolworths.com.au/shop/productdetails/841640/ichiban-noodle-bowl-roast-beef",
        "imgName": "841640.jpg",
        "imgSrc": "https://cdn0.woolworths.media/content/wowproductimages/medium/841640.jpg",
        "name": "Ichiban Noodle Bowl Roast Beef 150g",
        "price": 4,
        "unitPrice": "$2.67 / 100G"
    },
    {
        "category": "pantry",
        "href": "https://www.woolworths.com.au/shop/productdetails/879124/homebrand-breadcrumbs",
        "imgName": "879124.jpg",
        "imgSrc": "https://cdn0.woolworths.media/content/wowproductimages/medium/879124.jpg",
        "name": "Homebrand Breadcrumbs  750g",
        "price": 3,
        "unitPrice": "$0.04 / 10G"
    },
    {
        "category": "pantry",
        "href": "https://www.woolworths.com.au/shop/productdetails/830253/gge-wheat-noodle-crackers-seaweed",
        "imgName": "830253.jpg",
        "imgSrc": "https://cdn0.woolworths.media/content/wowproductimages/medium/830253.jpg",
        "name": "Gge Wheat Noodle Crackers Seaweed 80g",
        "price": 2,
        "unitPrice": "$2.50 / 100G"
    },
    {
        "category": "pantry",
        "href": "https://www.woolworths.com.au/shop/productdetails/771059/golden-circle-beetroot-whole-baby",
        "imgName": "771059.jpg",
        "imgSrc": "https://cdn0.woolworths.media/content/wowproductimages/medium/771059.jpg",
        "name": "Golden Circle Beetroot Whole Baby 440g",
        "price": 3,
        "unitPrice": "$6.82 / 1KG"
    },
    {
        "category": "pantry",
        "href": "https://www.woolworths.com.au/shop/productdetails/829198/hoyts-paprika-sweet-smoked",
        "imgName": "829198.jpg",
        "imgSrc": "https://cdn0.woolworths.media/content/wowproductimages/medium/829198.jpg",
        "name": "Hoyts Paprika Sweet Smoked 140g",
        "price": 4.99,
        "unitPrice": "$0.36 / 10G"
    },
    {
        "category": "pantry",
        "href": "https://www.woolworths.com.au/shop/productdetails/941387/darrell-lea-licorice-bullets-dark-chocolate",
        "imgName": "941387.jpg",
        "imgSrc": "https://cdn0.woolworths.media/content/wowproductimages/medium/941387.jpg",
        "name": "Darrell Lea Licorice Bullets Dark Chocolate 200g bag",
        "price": 3.2,
        "unitPrice": "$1.60 / 100G"
    },
    {
        "category": "pantry",
        "href": "https://www.woolworths.com.au/shop/productdetails/489128/ayam-coconut-milk",
        "imgName": "489128.jpg",
        "imgSrc": "https://cdn0.woolworths.media/content/wowproductimages/medium/489128.jpg",
        "name": "Ayam Coconut Milk  400ml",
        "price": 3.5,
        "unitPrice": "$0.88 / 100ML"
    },
    {
        "category": "pantry",
        "href": "https://www.woolworths.com.au/shop/productdetails/497685/woolworths-vanilla-creme-wafers",
        "imgName": "497685.jpg",
        "imgSrc": "https://cdn0.woolworths.media/content/wowproductimages/medium/497685.jpg",
        "name": "Woolworths Vanilla Creme Wafers 125g",
        "price": 0.57,
        "unitPrice": "$0.46 / 100G"
    },
    {
        "category": "pantry",
        "href": "https://www.woolworths.com.au/shop/productdetails/792456/uncle-bens-microwave-rice-medley",
        "imgName": "792456.jpg",
        "imgSrc": "https://cdn0.woolworths.media/content/wowproductimages/medium/792456.jpg",
        "name": "Uncle Bens Microwave Rice Medley 250g",
        "price": 3.25,
        "unitPrice": "$1.30 / 100G"
    },
    {
        "category": "pantry",
        "href": "https://www.woolworths.com.au/shop/productdetails/527175/beak-sons-stirfry-sauce-sweet-sour",
        "imgName": "527175.jpg",
        "imgSrc": "https://cdn0.woolworths.media/content/wowproductimages/medium/527175.jpg",
        "name": "Beak & Sons Stirfry Sauce Sweet & Sour 175g",
        "price": 3,
        "unitPrice": "$1.71 / 100G"
    },
    {
        "category": "pantry",
        "href": "https://www.woolworths.com.au/shop/productdetails/651571/woolworths-free-from-gluten-scotch-finger-biscuits",
        "imgName": "651571.jpg",
        "imgSrc": "https://cdn0.woolworths.media/content/wowproductimages/medium/651571.jpg",
        "name": "Woolworths Free From Gluten Scotch Finger Biscuits 160g",
        "price": 3,
        "unitPrice": "$1.88 / 100G"
    },
    {
        "category": "pantry",
        "href": "https://www.woolworths.com.au/shop/productdetails/592090/woolworths-snakes",
        "imgName": "592090.jpg",
        "imgSrc": "https://cdn0.woolworths.media/content/wowproductimages/medium/592090.jpg",
        "name": "Woolworths Snakes  150g",
        "price": 1,
        "unitPrice": "$0.67 / 100G"
    },
    {
        "category": "pantry",
        "href": "https://www.woolworths.com.au/shop/productdetails/521257/choice-chicken-instant-noodles",
        "imgName": "521257.jpg",
        "imgSrc": "https://cdn0.woolworths.media/content/wowproductimages/medium/521257.jpg",
        "name": "Choice Chicken Instant Noodles 5x85g pack",
        "price": 0.99,
        "unitPrice": "$0.23 / 100G"
    },
    {
        "category": "pantry",
        "href": "https://www.woolworths.com.au/shop/productdetails/593297/gourmet-garden-mint-lightly-dried",
        "imgName": "593297.jpg",
        "imgSrc": "https://cdn0.woolworths.media/content/wowproductimages/medium/593297.jpg",
        "name": "Gourmet Garden Mint Lightly Dried 5g",
        "price": 3.5,
        "unitPrice": "$7.00 / 10G"
    },
    {
        "category": "pantry",
        "href": "https://www.woolworths.com.au/shop/productdetails/591717/mccormick-slow-cookers-mild-chicken",
        "imgName": "591717.jpg",
        "imgSrc": "https://cdn0.woolworths.media/content/wowproductimages/medium/591717.jpg",
        "name": "Mccormick Slow Cookers Mild Chicken 40g",
        "price": 1.69,
        "unitPrice": "$4.23 / 100G"
    },
    {
        "category": "pantry",
        "href": "https://www.woolworths.com.au/shop/productdetails/636559/uncle-tobys-le-snak-french-onion",
        "imgName": "636559.jpg",
        "imgSrc": "https://cdn0.woolworths.media/content/wowproductimages/medium/636559.jpg",
        "name": "Uncle Tobys Le Snak French Onion 6pk",
        "price": 4.5,
        "unitPrice": "$3.41 / 100G"
    },
    {
        "category": "pantry",
        "href": "https://www.woolworths.com.au/shop/productdetails/527189/beak-sons-stirfry-sauce-chinese-bbq",
        "imgName": "527189.jpg",
        "imgSrc": "https://cdn0.woolworths.media/content/wowproductimages/medium/527189.jpg",
        "name": "Beak & Sons Stirfry Sauce Chinese Bbq 175g",
        "price": 3,
        "unitPrice": "$1.71 / 100G"
    },
    {
        "category": "pantry",
        "href": "https://www.woolworths.com.au/shop/productdetails/605122/sanitarium-weet-bix-go-minis-banana-honey-split",
        "imgName": "605122.jpg",
        "imgSrc": "https://cdn0.woolworths.media/content/wowproductimages/medium/605122.jpg",
        "name": "Sanitarium Weet-bix Go Minis Banana & Honey Split 7x30g",
        "price": 5,
        "unitPrice": "$2.38 / 100G"
    },
    {
        "category": "pantry",
        "href": "https://www.woolworths.com.au/shop/productdetails/514871/old-el-paso-stand-n-stuff-taco-shells",
        "imgName": "514871.jpg",
        "imgSrc": "https://cdn0.woolworths.media/content/wowproductimages/medium/514871.jpg",
        "name": "Old El Paso Stand 'n Stuff Taco Shells 10pk 160g",
        "price": 3.95,
        "unitPrice": "$2.47 / 100G"
    },
    {
        "category": "pantry",
        "href": "https://www.woolworths.com.au/shop/productdetails/651475/macro-white-chia-seeds",
        "imgName": "651475.jpg",
        "imgSrc": "https://cdn0.woolworths.media/content/wowproductimages/medium/651475.jpg",
        "name": "Macro White Chia Seeds  350g",
        "price": 8,
        "unitPrice": "$2.29 / 100G"
    },
    {
        "category": "pantry",
        "href": "https://www.woolworths.com.au/shop/productdetails/666684/licorice-lovers-soft-eating",
        "imgName": "666684.jpg",
        "imgSrc": "https://cdn0.woolworths.media/content/wowproductimages/medium/666684.jpg",
        "name": "Licorice Lovers Soft Eating 250g",
        "price": 2,
        "unitPrice": "$0.80 / 100G"
    },
    {
        "category": "pantry",
        "href": "https://www.woolworths.com.au/shop/productdetails/478383/ceres-organic-seaweed-snack-mild-chilli",
        "imgName": "478383.jpg",
        "imgSrc": "https://cdn0.woolworths.media/content/wowproductimages/medium/478383.jpg",
        "name": "Ceres Organic Seaweed Snack Mild Chilli 5g",
        "price": 2.5,
        "unitPrice": "$50.00 / 100G"
    },
    {
        "category": "pantry",
        "href": "https://www.woolworths.com.au/shop/productdetails/4516/spam-ham-low-salt",
        "imgName": "004516.jpg",
        "imgSrc": "https://cdn0.woolworths.media/content/wowproductimages/medium/004516.jpg",
        "name": "Spam Ham Low Salt 340g",
        "price": 4.9,
        "unitPrice": "$14.41 / 1KG"
    },
    {
        "category": "pantry",
        "href": "https://www.woolworths.com.au/shop/productdetails/422338/old-el-paso-stand-n-stuff-crispy-chicken-soft-taco-kit",
        "imgName": "422338.jpg",
        "imgSrc": "https://cdn0.woolworths.media/content/wowproductimages/medium/422338.jpg",
        "name": "Old El Paso Stand 'n Stuff Crispy Chicken Soft Taco Kit 351g",
        "price": 7,
        "unitPrice": "$1.99 / 100G"
    },
    {
        "category": "pantry",
        "href": "https://www.woolworths.com.au/shop/productdetails/495968/s-w-whole-egg-mayonnaise-smoky-chipotle",
        "imgName": "495968.jpg",
        "imgSrc": "https://cdn0.woolworths.media/content/wowproductimages/medium/495968.jpg",
        "name": "S&w Whole Egg Mayonnaise Smoky Chipotle 260g",
        "price": 4,
        "unitPrice": "$1.54 / 100G"
    },
    {
        "category": "pantry",
        "href": "https://www.woolworths.com.au/shop/productdetails/520727/woolworths-sundried-tomatoe-halves",
        "imgName": "520727.jpg",
        "imgSrc": "https://cdn0.woolworths.media/content/wowproductimages/medium/520727.jpg",
        "name": "Woolworths Sundried Tomatoe Halves 500g",
        "price": 3.9,
        "unitPrice": "$0.78 / 100G"
    },
    {
        "category": "pantry",
        "href": "https://www.woolworths.com.au/shop/productdetails/58721/heinz-mayonnaise-salad-cream-lite",
        "imgName": "058721.jpg",
        "imgSrc": "https://cdn0.woolworths.media/content/wowproductimages/medium/058721.jpg",
        "name": "Heinz Mayonnaise Salad Cream Lite 250g",
        "price": 3,
        "unitPrice": "$1.20 / 100G"
    },
    {
        "category": "pantry",
        "href": "https://www.woolworths.com.au/shop/productdetails/422885/woolworths-cornflakes",
        "imgName": "422885.jpg",
        "imgSrc": "https://cdn0.woolworths.media/content/wowproductimages/medium/422885.jpg",
        "name": "Woolworths Cornflakes  600g",
        "price": 2.7,
        "unitPrice": "$0.45 / 100G"
    },
    {
        "category": "pantry",
        "href": "https://www.woolworths.com.au/shop/productdetails/592093/woolworths-jelly-babies",
        "imgName": "592093.jpg",
        "imgSrc": "https://cdn0.woolworths.media/content/wowproductimages/medium/592093.jpg",
        "name": "Woolworths Jelly Babies  320g",
        "price": 2,
        "unitPrice": "$0.63 / 100G"
    },
    {
        "category": "pantry",
        "href": "https://www.woolworths.com.au/shop/productdetails/631393/macro-smokin-corn-kernels",
        "imgName": "631393.jpg",
        "imgSrc": "https://cdn0.woolworths.media/content/wowproductimages/medium/631393.jpg",
        "name": "Macro Smokin' Corn Kernels 30g",
        "price": 1,
        "unitPrice": "$3.33 / 100G"
    },
    {
        "category": "pantry",
        "href": "https://www.woolworths.com.au/shop/productdetails/827560/bega-natural-peanut-butter-crunchy",
        "imgName": "827560.jpg",
        "imgSrc": "https://cdn0.woolworths.media/content/wowproductimages/medium/827560.jpg",
        "name": "Bega Natural Peanut Butter Crunchy 325g",
        "price": 4.6,
        "unitPrice": "$1.42 / 100G"
    },
    {
        "category": "pantry",
        "href": "https://www.woolworths.com.au/shop/productdetails/584002/twisties-cheese",
        "imgName": "584002.jpg",
        "imgSrc": "https://cdn0.woolworths.media/content/wowproductimages/medium/584002.jpg",
        "name": "Twisties Cheese  100g",
        "price": 2,
        "unitPrice": "$2.00 / 100G"
    },
    {
        "category": "pantry",
        "href": "https://www.woolworths.com.au/shop/productdetails/665449/carman-s-salted-dark-choc-almond-gourmet-protein-bars",
        "imgName": "665449.jpg",
        "imgSrc": "https://cdn0.woolworths.media/content/wowproductimages/medium/665449.jpg",
        "name": "Carman's Salted Dark Choc Almond Gourmet Protein Bars 200g",
        "price": 5.8,
        "unitPrice": "$2.90 / 100G"
    },
    {
        "category": "pantry",
        "href": "https://www.woolworths.com.au/shop/productdetails/631395/macro-superfood-crunch-mix",
        "imgName": "631395.jpg",
        "imgSrc": "https://cdn0.woolworths.media/content/wowproductimages/medium/631395.jpg",
        "name": "Macro Superfood Crunch Mix 30g",
        "price": 1,
        "unitPrice": "$3.33 / 100G"
    },
    {
        "category": "pantry",
        "href": "https://www.woolworths.com.au/shop/productdetails/664673/john-west-mackerel-fillets-thai-green-curry",
        "imgName": "664673.jpg",
        "imgSrc": "https://cdn0.woolworths.media/content/wowproductimages/medium/664673.jpg",
        "name": "John West Mackerel Fillets Thai Green Curry 125g",
        "price": 3,
        "unitPrice": "$24.00 / 1KG"
    },
    {
        "category": "pantry",
        "href": "https://www.woolworths.com.au/shop/productdetails/943275/riviana-baby-corn-spears",
        "imgName": "943275.jpg",
        "imgSrc": "https://cdn0.woolworths.media/content/wowproductimages/medium/943275.jpg",
        "name": "Riviana Baby Corn Spears  425g",
        "price": 1.65,
        "unitPrice": "$3.88 / 1KG"
    },
    {
        "category": "pantry",
        "href": "https://www.woolworths.com.au/shop/productdetails/631399/macro-nutty-n-nice-mix",
        "imgName": "631399.jpg",
        "imgSrc": "https://cdn0.woolworths.media/content/wowproductimages/medium/631399.jpg",
        "name": "Macro Nutty N' Nice Mix 30g",
        "price": 1,
        "unitPrice": "$3.33 / 100G"
    },
    {
        "category": "pantry",
        "href": "https://www.woolworths.com.au/shop/productdetails/202030/sunsweet-prunes-prunes-snackpack",
        "imgName": "202030.jpg",
        "imgSrc": "https://cdn0.woolworths.media/content/wowproductimages/medium/202030.jpg",
        "name": "Sunsweet Prunes Prunes Snackpack 8pk",
        "price": 6.3,
        "unitPrice": "$30.29 / 1KG"
    },
    {
        "category": "pantry",
        "href": "https://www.woolworths.com.au/shop/productdetails/580638/pataks-tikka-masala-simmer-sauce",
        "imgName": "580638.jpg",
        "imgSrc": "https://cdn0.woolworths.media/content/wowproductimages/medium/580638.jpg",
        "name": "Pataks Tikka Masala Simmer Sauce 450g",
        "price": 4.5,
        "unitPrice": "$1.00 / 100G"
    },
    {
        "category": "pantry",
        "href": "https://www.woolworths.com.au/shop/productdetails/580625/pataks-korma-simmer-sauce",
        "imgName": "580625.jpg",
        "imgSrc": "https://cdn0.woolworths.media/content/wowproductimages/medium/580625.jpg",
        "name": "Pataks Korma Simmer Sauce 450g",
        "price": 4.5,
        "unitPrice": "$1.00 / 100G"
    },
    {
        "category": "pantry",
        "href": "https://www.woolworths.com.au/shop/productdetails/829337/pureharvest-rice-cakes-quinoa",
        "imgName": "829337.jpg",
        "imgSrc": "https://cdn0.woolworths.media/content/wowproductimages/medium/829337.jpg",
        "name": "Pureharvest Rice Cakes Quinoa 150g",
        "price": 1.99,
        "unitPrice": "$1.33 / 100G"
    },
    {
        "category": "pantry",
        "href": "https://www.woolworths.com.au/shop/productdetails/500784/spurs-bbq-sauce",
        "imgName": "500784.jpg",
        "imgSrc": "https://cdn0.woolworths.media/content/wowproductimages/medium/500784.jpg",
        "name": "Spurs Bbq Sauce  500ml",
        "price": 4.8,
        "unitPrice": "$0.96 / 100ML"
    },
    {
        "category": "pantry",
        "href": "https://www.woolworths.com.au/shop/productdetails/583492/woolworths-butterscotch",
        "imgName": "583492.jpg",
        "imgSrc": "https://cdn0.woolworths.media/content/wowproductimages/medium/583492.jpg",
        "name": "Woolworths Butterscotch  225g",
        "price": 2,
        "unitPrice": "$0.89 / 100G"
    },
    {
        "category": "pantry",
        "href": "https://www.woolworths.com.au/shop/productdetails/619416/san-remo-pasta-wagon-wheels",
        "imgName": "619416.jpg",
        "imgSrc": "https://cdn0.woolworths.media/content/wowproductimages/medium/619416.jpg",
        "name": "San Remo Pasta Wagon Wheels 500g",
        "price": 1.95,
        "unitPrice": "$0.39 / 100G"
    },
    {
        "category": "pantry",
        "href": "https://www.woolworths.com.au/shop/productdetails/574875/hoyts-cummin-ground",
        "imgName": "574875.jpg",
        "imgSrc": "https://cdn0.woolworths.media/content/wowproductimages/medium/574875.jpg",
        "name": "Hoyts Cummin Ground  130g",
        "price": 5.09,
        "unitPrice": "$0.39 / 10G"
    },
    {
        "category": "pantry",
        "href": "https://www.woolworths.com.au/shop/productdetails/792437/uncle-bens-microwave-brown-wild-rice",
        "imgName": "792437.jpg",
        "imgSrc": "https://cdn0.woolworths.media/content/wowproductimages/medium/792437.jpg",
        "name": "Uncle Bens Microwave Brown & Wild Rice 250g",
        "price": 3.25,
        "unitPrice": "$1.30 / 100G"
    },
    {
        "category": "pantry",
        "href": "https://www.woolworths.com.au/shop/productdetails/610193/woolworths-salted-caramel-flavoured-topping",
        "imgName": "610193.jpg",
        "imgSrc": "https://cdn0.woolworths.media/content/wowproductimages/medium/610193.jpg",
        "name": "Woolworths Salted Caramel Flavoured Topping 640g",
        "price": 2.8,
        "unitPrice": "$0.44 / 100G"
    },
    {
        "category": "pantry",
        "href": "https://www.woolworths.com.au/shop/productdetails/464655/always-fresh-mixed-olives",
        "imgName": "464655.jpg",
        "imgSrc": "https://cdn0.woolworths.media/content/wowproductimages/medium/464655.jpg",
        "name": "Always Fresh Mixed Olives  220g",
        "price": 5,
        "unitPrice": "$22.73 / 1KG"
    },
    {
        "category": "pantry",
        "href": "https://www.woolworths.com.au/shop/productdetails/657011/san-remo-gluten-free-fettucine",
        "imgName": "657011.jpg",
        "imgSrc": "https://cdn0.woolworths.media/content/wowproductimages/medium/657011.jpg",
        "name": "San Remo Gluten Free Fettucine 350g",
        "price": 3.99,
        "unitPrice": "$1.14 / 100G"
    },
    {
        "category": "pantry",
        "href": "https://www.woolworths.com.au/shop/productdetails/631288/macro-cheeky-chickpeas-lightly-seasoned",
        "imgName": "631288.jpg",
        "imgSrc": "https://cdn0.woolworths.media/content/wowproductimages/medium/631288.jpg",
        "name": "Macro Cheeky Chickpeas Lightly Seasoned 30g",
        "price": 1,
        "unitPrice": "$3.33 / 100G"
    },
    {
        "category": "pantry",
        "href": "https://www.woolworths.com.au/shop/productdetails/574896/hoyts-turmeric",
        "imgName": "574896.jpg",
        "imgSrc": "https://cdn0.woolworths.media/content/wowproductimages/medium/574896.jpg",
        "name": "Hoyts Turmeric  140g",
        "price": 4.89,
        "unitPrice": "$0.35 / 10G"
    },
    {
        "category": "pantry",
        "href": "https://www.woolworths.com.au/shop/productdetails/592095/woolworths-jubes",
        "imgName": "592095.jpg",
        "imgSrc": "https://cdn0.woolworths.media/content/wowproductimages/medium/592095.jpg",
        "name": "Woolworths Jubes  270g",
        "price": 2,
        "unitPrice": "$0.74 / 100G"
    },
    {
        "category": "pantry",
        "href": "https://www.woolworths.com.au/shop/productdetails/549133/john-west-sardines-lemon-thyme",
        "imgName": "549133.jpg",
        "imgSrc": "https://cdn0.woolworths.media/content/wowproductimages/medium/549133.jpg",
        "name": "John West Sardines Lemon & Thyme 110g",
        "price": 2.7,
        "unitPrice": "$24.55 / 1KG"
    },
    {
        "category": "pantry",
        "href": "https://www.woolworths.com.au/shop/productdetails/847099/woolworths-free-from-gluten-chips-original-multipack",
        "imgName": "847099.jpg",
        "imgSrc": "https://cdn0.woolworths.media/content/wowproductimages/medium/847099.jpg",
        "name": "Woolworths Free From Gluten Chips Original Multipack 114g",
        "price": 3.99,
        "unitPrice": "$3.50 / 100G"
    },
    {
        "category": "pantry",
        "href": "https://www.woolworths.com.au/shop/productdetails/706542/woolworths-cranberry-nut-mix",
        "imgName": "706542.jpg",
        "imgSrc": "https://cdn0.woolworths.media/content/wowproductimages/medium/706542.jpg",
        "name": "Woolworths Cranberry & Nut Mix  200g",
        "price": 6,
        "unitPrice": "$30.00 / 1KG"
    },
    {
        "category": "pantry",
        "href": "https://www.woolworths.com.au/shop/productdetails/543758/san-remo-cannelloni",
        "imgName": "543758.jpg",
        "imgSrc": "https://cdn0.woolworths.media/content/wowproductimages/medium/543758.jpg",
        "name": "San Remo Cannelloni  250g",
        "price": 2.9,
        "unitPrice": "$1.16 / 100G"
    },
    {
        "category": "pantry",
        "href": "https://www.woolworths.com.au/shop/productdetails/514488/uncle-tobys-o-g-bircher-muesli-cranberry-almond-quinoa",
        "imgName": "514488.jpg",
        "imgSrc": "https://cdn0.woolworths.media/content/wowproductimages/medium/514488.jpg",
        "name": "Uncle Tobys O&g Bircher Muesli Cranberry Almond & Quinoa 425g",
        "price": 5.69,
        "unitPrice": "$1.34 / 100G"
    },
    {
        "category": "pantry",
        "href": "https://www.woolworths.com.au/shop/productdetails/708305/sally-williams-south-african-bar-nougat-almond",
        "imgName": "708305.jpg",
        "imgSrc": "https://cdn0.woolworths.media/content/wowproductimages/medium/708305.jpg",
        "name": "Sally Williams South African Bar Nougat Almond 50g",
        "price": 2.75,
        "unitPrice": "$5.50 / 100G"
    },
    {
        "category": "pantry",
        "href": "https://www.woolworths.com.au/shop/productdetails/603541/moccona-mixes-rocky-road-latte",
        "imgName": "603541.jpg",
        "imgSrc": "https://cdn0.woolworths.media/content/wowproductimages/medium/603541.jpg",
        "name": "Moccona Mixes Rocky Road Latte 8pk 147g",
        "price": 4.5,
        "unitPrice": "$3.06 / 100G"
    },
    {
        "category": "pantry",
        "href": "https://www.woolworths.com.au/shop/productdetails/594770/spc-diced-two-fruits-in-juice",
        "imgName": "594770.jpg",
        "imgSrc": "https://cdn0.woolworths.media/content/wowproductimages/medium/594770.jpg",
        "name": "Spc Diced Two Fruits In Juice 8x120g",
        "price": 7.2,
        "unitPrice": "$7.50 / 1KG"
    },
    {
        "category": "pantry",
        "href": "https://www.woolworths.com.au/shop/productdetails/530211/carmans-almond-pecan-maple-crunchy-clusters",
        "imgName": "530211.jpg",
        "imgSrc": "https://cdn0.woolworths.media/content/wowproductimages/medium/530211.jpg",
        "name": "Carmans Almond Pecan & Maple Crunchy Clusters 500g",
        "price": 6.45,
        "unitPrice": "$1.29 / 100G"
    },
    {
        "category": "pantry",
        "href": "https://www.woolworths.com.au/shop/productdetails/225676/betty-crocker-triple-chocolate-fudge-brownie-mix",
        "imgName": "225676.jpg",
        "imgSrc": "https://cdn0.woolworths.media/content/wowproductimages/medium/225676.jpg",
        "name": "Betty Crocker Triple Chocolate Fudge Brownie Mix 500g",
        "price": 5.2,
        "unitPrice": "$1.04 / 100G"
    },
    {
        "category": "pantry",
        "href": "https://www.woolworths.com.au/shop/productdetails/519410/free-from-gluten-honey-almond-crunch",
        "imgName": "519410.jpg",
        "imgSrc": "https://cdn0.woolworths.media/content/wowproductimages/medium/519410.jpg",
        "name": "Free From Gluten Honey & Almond Crunch 350g",
        "price": 6.99,
        "unitPrice": "$2.00 / 100G"
    },
    {
        "category": "pantry",
        "href": "https://www.woolworths.com.au/shop/productdetails/592096/woolworths-jellies-spearmint",
        "imgName": "592096.jpg",
        "imgSrc": "https://cdn0.woolworths.media/content/wowproductimages/medium/592096.jpg",
        "name": "Woolworths Jellies Spearmint 225g",
        "price": 2,
        "unitPrice": "$0.89 / 100G"
    },
    {
        "category": "pantry",
        "href": "https://www.woolworths.com.au/shop/productdetails/522818/be-natural-organics-golden-whole-grain-bites-cinnamon",
        "imgName": "522818.jpg",
        "imgSrc": "https://cdn0.woolworths.media/content/wowproductimages/medium/522818.jpg",
        "name": "Be Natural Organics Golden Whole Grain Bites Cinnamon 460g",
        "price": 6,
        "unitPrice": "$1.30 / 100G"
    },
    {
        "category": "pantry",
        "href": "https://www.woolworths.com.au/shop/productdetails/579706/capilano-seasonal-selections-upside-down-honey",
        "imgName": "579706.jpg",
        "imgSrc": "https://cdn0.woolworths.media/content/wowproductimages/medium/579706.jpg",
        "name": "Capilano Seasonal Selections Upside Down Honey 340g",
        "price": 5.49,
        "unitPrice": "$1.61 / 100G"
    },
    {
        "category": "pantry",
        "href": "https://www.woolworths.com.au/shop/productdetails/566226/weight-watchers-dark-chocolate-cherry-protein-bar",
        "imgName": "566226.jpg",
        "imgSrc": "https://cdn0.woolworths.media/content/wowproductimages/medium/566226.jpg",
        "name": "Weight Watchers Dark Chocolate & Cherry Protein Bar 4pk",
        "price": 4.5,
        "unitPrice": "$3.21 / 100G"
    },
    {
        "category": "pantry",
        "href": "https://www.woolworths.com.au/shop/productdetails/522886/kellogg-s-breakfast-biscuits-gluten-free-date-apple",
        "imgName": "522886.jpg",
        "imgSrc": "https://cdn0.woolworths.media/content/wowproductimages/medium/522886.jpg",
        "name": "Kellogg\u2019s Breakfast Biscuits Gluten Free Date & Apple 5pk 200g",
        "price": 5,
        "unitPrice": "$2.50 / 100G"
    },
    {
        "category": "pantry",
        "href": "https://www.woolworths.com.au/shop/productdetails/572975/woolworths-chicken-with-rice-spicy-arrabbiata",
        "imgName": "572975.jpg",
        "imgSrc": "https://cdn0.woolworths.media/content/wowproductimages/medium/572975.jpg",
        "name": "Woolworths Chicken With Rice Spicy Arrabbiata 350g",
        "price": 4,
        "unitPrice": "$1.14 / 100G"
    },
    {
        "category": "pantry",
        "href": "https://www.woolworths.com.au/shop/productdetails/303700/amys-kitchen-canned-soup-organic-lentil-vegetable",
        "imgName": "303700.jpg",
        "imgSrc": "https://cdn0.woolworths.media/content/wowproductimages/medium/303700.jpg",
        "name": "Amys Kitchen Canned Soup Organic Lentil & Vegetable 411g",
        "price": 3.9,
        "unitPrice": "$0.95 / 100G"
    },
    {
        "category": "pantry",
        "href": "https://www.woolworths.com.au/shop/productdetails/634542/praise-deli-style-french-vinegar",
        "imgName": "634542.jpg",
        "imgSrc": "https://cdn0.woolworths.media/content/wowproductimages/medium/634542.jpg",
        "name": "Praise Deli Style French Vinegar 250ml",
        "price": 3.5,
        "unitPrice": "$1.40 / 100ML"
    },
    {
        "category": "pantry",
        "href": "https://www.woolworths.com.au/shop/productdetails/608601/carmen-s-gourmet-porridge-sachets-apple-sultana-cinnamon",
        "imgName": "608601.jpg",
        "imgSrc": "https://cdn0.woolworths.media/content/wowproductimages/medium/608601.jpg",
        "name": "Carmen's Gourmet Porridge Sachets Apple Sultana & Cinnamon 8x320g",
        "price": 5.7,
        "unitPrice": "$1.78 / 100G"
    },
    {
        "category": "pantry",
        "href": "https://www.woolworths.com.au/shop/productdetails/26662/st-dalfour-blackcherry-spread",
        "imgName": "026662.jpg",
        "imgSrc": "https://cdn0.woolworths.media/content/wowproductimages/medium/026662.jpg",
        "name": "St Dalfour Blackcherry Spread 284g",
        "price": 4.2,
        "unitPrice": "$1.48 / 100G"
    },
    {
        "category": "pantry",
        "href": "https://www.woolworths.com.au/shop/productdetails/742739/john-west-skin-boneless-salmon-in-springwater",
        "imgName": "742739.jpg",
        "imgSrc": "https://cdn0.woolworths.media/content/wowproductimages/medium/742739.jpg",
        "name": "John West Skin & Boneless Salmon In Springwater 130g",
        "price": 3.05,
        "unitPrice": "$23.46 / 1KG"
    },
    {
        "category": "pantry",
        "href": "https://www.woolworths.com.au/shop/productdetails/82129/valcom-paste-tom-yum",
        "imgName": "082129.jpg",
        "imgSrc": "https://cdn0.woolworths.media/content/wowproductimages/medium/082129.jpg",
        "name": "Valcom Paste Tom Yum 210g",
        "price": 4,
        "unitPrice": "$1.90 / 100G"
    },
    {
        "category": "pantry",
        "href": "https://www.woolworths.com.au/shop/productdetails/329803/lee-kum-kee-sauce-san-choy-bao",
        "imgName": "329803.jpg",
        "imgSrc": "https://cdn0.woolworths.media/content/wowproductimages/medium/329803.jpg",
        "name": "Lee Kum Kee Sauce San Choy Bao 100g",
        "price": 2.2,
        "unitPrice": "$2.20 / 100G"
    },
    {
        "category": "pantry",
        "href": "https://www.woolworths.com.au/shop/productdetails/82125/valcom-paste-thai-green-curry",
        "imgName": "082125.jpg",
        "imgSrc": "https://cdn0.woolworths.media/content/wowproductimages/medium/082125.jpg",
        "name": "Valcom Paste Thai Green Curry 210g",
        "price": 4,
        "unitPrice": "$1.90 / 100G"
    },
    {
        "category": "pantry",
        "href": "https://www.woolworths.com.au/shop/productdetails/767044/moro-dressings-italian-glaze",
        "imgName": "767044.jpg",
        "imgSrc": "https://cdn0.woolworths.media/content/wowproductimages/medium/767044.jpg",
        "name": "Moro Dressings Italian Glaze 118ml",
        "price": 4.6,
        "unitPrice": "$3.90 / 100ML"
    },
    {
        "category": "pantry",
        "href": "https://www.woolworths.com.au/shop/productdetails/312255/kellogg-s-lcm-yoghurty-split-stix",
        "imgName": "312255.jpg",
        "imgSrc": "https://cdn0.woolworths.media/content/wowproductimages/medium/312255.jpg",
        "name": "Kellogg's Lcm Yoghurty Split Stix 6pk 138g",
        "price": 4,
        "unitPrice": "$2.90 / 100G"
    },
    {
        "category": "pantry",
        "href": "https://www.woolworths.com.au/shop/productdetails/315569/leggo-s-tomato-paste-organic",
        "imgName": "315569.jpg",
        "imgSrc": "https://cdn0.woolworths.media/content/wowproductimages/medium/315569.jpg",
        "name": "Leggo's Tomato Paste Organic 375g",
        "price": 3.75,
        "unitPrice": "$1.00 / 100G"
    },
    {
        "category": "pantry",
        "href": "https://www.woolworths.com.au/shop/productdetails/325357/cobram-estate-olive-oil",
        "imgName": "325357.jpg",
        "imgSrc": "https://cdn0.woolworths.media/content/wowproductimages/medium/325357.jpg",
        "name": "Cobram Estate Olive Oil  375ml",
        "price": 9,
        "unitPrice": "$2.40 / 100ML"
    },
    {
        "category": "pantry",
        "href": "https://www.woolworths.com.au/shop/productdetails/343897/maggi-oriental-2-minute-noodles",
        "imgName": "343897.jpg",
        "imgSrc": "https://cdn0.woolworths.media/content/wowproductimages/medium/343897.jpg",
        "name": "Maggi Oriental 2 Minute Noodles 5pk x 74g",
        "price": 3.95,
        "unitPrice": "$1.07 / 100G"
    },
    {
        "category": "pantry",
        "href": "https://www.woolworths.com.au/shop/productdetails/638350/trident-pho-chicken-rice-noodles",
        "imgName": "638350.jpg",
        "imgSrc": "https://cdn0.woolworths.media/content/wowproductimages/medium/638350.jpg",
        "name": "Trident Pho Chicken Rice Noodles 50g",
        "price": 2,
        "unitPrice": "$4.00 / 100G"
    },
    {
        "category": "pantry",
        "href": "https://www.woolworths.com.au/shop/productdetails/656967/san-remo-gluten-free-spaghetti",
        "imgName": "656967.jpg",
        "imgSrc": "https://cdn0.woolworths.media/content/wowproductimages/medium/656967.jpg",
        "name": "San Remo Gluten Free Spaghetti 350g",
        "price": 3.99,
        "unitPrice": "$1.14 / 100G"
    },
    {
        "category": "pantry",
        "href": "https://www.woolworths.com.au/shop/productdetails/777840/masterfoods-simmer-sauce-hearty-beef-casserole",
        "imgName": "777840.jpg",
        "imgSrc": "https://cdn0.woolworths.media/content/wowproductimages/medium/777840.jpg",
        "name": "Masterfoods Simmer Sauce Hearty Beef Casserole 495g",
        "price": 3.69,
        "unitPrice": "$0.75 / 100G"
    },
    {
        "category": "pantry",
        "href": "https://www.woolworths.com.au/shop/productdetails/797142/kellogg-s-nutri-grain-bar-original",
        "imgName": "797142.jpg",
        "imgSrc": "https://cdn0.woolworths.media/content/wowproductimages/medium/797142.jpg",
        "name": "Kellogg's Nutri-grain Bar Original 6pk 144g",
        "price": 4,
        "unitPrice": "$2.78 / 100G"
    },
    {
        "category": "pantry",
        "href": "https://www.woolworths.com.au/shop/productdetails/345864/golden-circle-corn-kernels",
        "imgName": "345864.jpg",
        "imgSrc": "https://cdn0.woolworths.media/content/wowproductimages/medium/345864.jpg",
        "name": "Golden Circle Corn Kernels 410g",
        "price": 1.7,
        "unitPrice": "$4.15 / 1KG"
    },
    {
        "category": "pantry",
        "href": "https://www.woolworths.com.au/shop/productdetails/32311/spc-spaghetti-tomato-cheese-sauce",
        "imgName": "032311.jpg",
        "imgSrc": "https://cdn0.woolworths.media/content/wowproductimages/medium/032311.jpg",
        "name": "Spc Spaghetti Tomato & Cheese Sauce 850g",
        "price": 2.8,
        "unitPrice": "$0.33 / 100G"
    },
    {
        "category": "pantry",
        "href": "https://www.woolworths.com.au/shop/productdetails/112062/spiral-pasta-soba-noodles-organic",
        "imgName": "112062.jpg",
        "imgSrc": "https://cdn0.woolworths.media/content/wowproductimages/medium/112062.jpg",
        "name": "Spiral Pasta Soba Noodles Organic 300g",
        "price": 3.5,
        "unitPrice": "$1.17 / 100G"
    },
    {
        "category": "pantry",
        "href": "https://www.woolworths.com.au/shop/productdetails/606067/oreo-thins-lemon",
        "imgName": "606067.jpg",
        "imgSrc": "https://cdn0.woolworths.media/content/wowproductimages/medium/606067.jpg",
        "name": "Oreo Thins Lemon  95g",
        "price": 2,
        "unitPrice": "$2.11 / 100G"
    },
    {
        "category": "pantry",
        "href": "https://www.woolworths.com.au/shop/productdetails/626974/tcc-lite-coconut-cream",
        "imgName": "626974.jpg",
        "imgSrc": "https://cdn0.woolworths.media/content/wowproductimages/medium/626974.jpg",
        "name": "Tcc Lite Coconut Cream  400ml",
        "price": 2,
        "unitPrice": "$0.50 / 100ML"
    },
    {
        "category": "pantry",
        "href": "https://www.woolworths.com.au/shop/productdetails/749540/woolworths-walnuts-kernel-australian",
        "imgName": "749540.jpg",
        "imgSrc": "https://cdn0.woolworths.media/content/wowproductimages/medium/749540.jpg",
        "name": "Woolworths Walnuts Kernel Australian 500g pack",
        "price": 11,
        "unitPrice": "$22.00 / 1KG"
    },
    {
        "category": "pantry",
        "href": "https://www.woolworths.com.au/shop/productdetails/828794/beerenberg-relish-tomato-black-pepper",
        "imgName": "828794.jpg",
        "imgSrc": "https://cdn0.woolworths.media/content/wowproductimages/medium/828794.jpg",
        "name": "Beerenberg Relish Tomato & Black Pepper 265g",
        "price": 5,
        "unitPrice": "$18.87 / 1KG"
    },
    {
        "category": "pantry",
        "href": "https://www.woolworths.com.au/shop/productdetails/635757/praise-deli-style-honey-apple",
        "imgName": "635757.jpg",
        "imgSrc": "https://cdn0.woolworths.media/content/wowproductimages/medium/635757.jpg",
        "name": "Praise Deli Style Honey Apple 250ml",
        "price": 3.5,
        "unitPrice": "$1.40 / 100ML"
    },
    {
        "category": "pantry",
        "href": "https://www.woolworths.com.au/shop/productdetails/615974/woolworths-aussie-natural-almonds",
        "imgName": "615974.jpg",
        "imgSrc": "https://cdn0.woolworths.media/content/wowproductimages/medium/615974.jpg",
        "name": "Woolworths Aussie Natural Almonds 6x30g",
        "price": 4,
        "unitPrice": "$22.22 / 1KG"
    },
    {
        "category": "pantry",
        "href": "https://www.woolworths.com.au/shop/productdetails/615977/woolworths-dry-roasted-almonds-sultanas",
        "imgName": "615977.jpg",
        "imgSrc": "https://cdn0.woolworths.media/content/wowproductimages/medium/615977.jpg",
        "name": "Woolworths Dry Roasted Almonds & Sultanas 6x30g",
        "price": 4,
        "unitPrice": "$22.22 / 1KG"
    },
    {
        "category": "pantry",
        "href": "https://www.woolworths.com.au/shop/productdetails/824190/woolworths-select-ginger-thins",
        "imgName": "824190.jpg",
        "imgSrc": "https://cdn0.woolworths.media/content/wowproductimages/medium/824190.jpg",
        "name": "Woolworths Select Ginger Thins  250g",
        "price": 1.09,
        "unitPrice": "$0.44 / 100G"
    },
    {
        "category": "pantry",
        "href": "https://www.woolworths.com.au/shop/productdetails/128726/bakers-south-african-chockits-biscuits",
        "imgName": "128726.jpg",
        "imgSrc": "https://cdn0.woolworths.media/content/wowproductimages/medium/128726.jpg",
        "name": "Bakers South African Chockits Biscuits 200g",
        "price": 3.5,
        "unitPrice": "$1.75 / 100G"
    },
    {
        "category": "pantry",
        "href": "https://www.woolworths.com.au/shop/productdetails/858635/woolworths-protein-clusters",
        "imgName": "858635.jpg",
        "imgSrc": "https://cdn0.woolworths.media/content/wowproductimages/medium/858635.jpg",
        "name": "Woolworths Protein Clusters  400g",
        "price": 4,
        "unitPrice": "$1.00 / 100G"
    },
    {
        "category": "pantry",
        "href": "https://www.woolworths.com.au/shop/productdetails/251005/woolworths-select-coriander-seeds-ground",
        "imgName": "251005.jpg",
        "imgSrc": "https://cdn0.woolworths.media/content/wowproductimages/medium/251005.jpg",
        "name": "Woolworths Select Coriander Seeds Ground 20g",
        "price": 1.4,
        "unitPrice": "$0.70 / 10G"
    },
    {
        "category": "pantry",
        "href": "https://www.woolworths.com.au/shop/productdetails/954797/culley-s-carolina-reaper-chipotle-hot-sauce",
        "imgName": "954797.jpg",
        "imgSrc": "https://cdn0.woolworths.media/content/wowproductimages/medium/954797.jpg",
        "name": "Culley's Carolina Reaper Chipotle Hot Sauce 150ml",
        "price": 4.9,
        "unitPrice": "$3.27 / 100ML"
    },
    {
        "category": "pantry",
        "href": "https://www.woolworths.com.au/shop/productdetails/782587/cadburys-irish-dairymilk",
        "imgName": "default.png",
        "imgSrc": "https://cdn0.woolworths.media/content/wowproductimages/large/default.png",
        "name": "Cadburys Irish Dairymilk  53g",
        "price": 2.75,
        "unitPrice": "$5.19 / 100G"
    },
    {
        "category": "pantry",
        "href": "https://www.woolworths.com.au/shop/productdetails/580683/pataks-cashew-masala-simmer-sauce",
        "imgName": "580683.jpg",
        "imgSrc": "https://cdn0.woolworths.media/content/wowproductimages/medium/580683.jpg",
        "name": "Pataks Cashew Masala Simmer Sauce 450g",
        "price": 4.5,
        "unitPrice": "$1.00 / 100G"
    },
    {
        "category": "pantry",
        "href": "https://www.woolworths.com.au/shop/productdetails/652588/one-night-in-mexico-grilled-bbq-taco-kit",
        "imgName": "652588.jpg",
        "imgSrc": "https://cdn0.woolworths.media/content/wowproductimages/medium/652588.jpg",
        "name": "One Night In Mexico Grilled Bbq Taco Kit 430g",
        "price": 7,
        "unitPrice": "$1.63 / 100G"
    },
    {
        "category": "pantry",
        "href": "https://www.woolworths.com.au/shop/productdetails/635961/messy-monkeys-whole-grain-bites-burger-flavour",
        "imgName": "635961.jpg",
        "imgSrc": "https://cdn0.woolworths.media/content/wowproductimages/medium/635961.jpg",
        "name": "Messy Monkeys Whole Grain Bites Burger Flavour 8x160g",
        "price": 7,
        "unitPrice": "$4.38 / 100G"
    },
    {
        "category": "pantry",
        "href": "https://www.woolworths.com.au/shop/productdetails/773615/creative-kitchen-fairy-cake-decoration",
        "imgName": "773615.jpg",
        "imgSrc": "https://cdn0.woolworths.media/content/wowproductimages/medium/773615.jpg",
        "name": "Creative Kitchen Fairy Cake Decoration  14g",
        "price": 3.5,
        "unitPrice": "$25.00 / 100G"
    },
    {
        "category": "pantry",
        "href": "https://www.woolworths.com.au/shop/productdetails/551867/lavazza-deciso-espresso-coffee-capsules",
        "imgName": "551867.jpg",
        "imgSrc": "https://cdn0.woolworths.media/content/wowproductimages/medium/551867.jpg",
        "name": "Lavazza Deciso Espresso Coffee Capsules 10pk",
        "price": 7,
        "unitPrice": "$0.70 / 1EA"
    },
    {
        "category": "pantry",
        "href": "https://www.woolworths.com.au/shop/productdetails/326182/frys-chocolate-cream",
        "imgName": "326182.jpg",
        "imgSrc": "https://cdn0.woolworths.media/content/wowproductimages/medium/326182.jpg",
        "name": "Frys Chocolate Cream 49g",
        "price": 2.55,
        "unitPrice": "$5.20 / 100G"
    },
    {
        "category": "pantry",
        "href": "https://www.woolworths.com.au/shop/productdetails/591458/goulburn-valley-peaches-in-coconut-water",
        "imgName": "591458.jpg",
        "imgSrc": "https://cdn0.woolworths.media/content/wowproductimages/medium/591458.jpg",
        "name": "Goulburn Valley Peaches In Coconut Water 2 pk 340g",
        "price": 4,
        "unitPrice": "$11.76 / 1KG"
    },
    {
        "category": "pantry",
        "href": "https://www.woolworths.com.au/shop/productdetails/94699/essentials-packet-soup-mix-french-onion",
        "imgName": "094699.jpg",
        "imgSrc": "https://cdn0.woolworths.media/content/wowproductimages/medium/094699.jpg",
        "name": "Essentials Packet Soup Mix French Onion 40g",
        "price": 0.45,
        "unitPrice": "$1.13 / 100G"
    },
    {
        "category": "pantry",
        "href": "https://www.woolworths.com.au/shop/productdetails/34565/sacla-pesto-classic-green",
        "imgName": "034565.jpg",
        "imgSrc": "https://cdn0.woolworths.media/content/wowproductimages/medium/034565.jpg",
        "name": "Sacla Pesto Classic Green 190g",
        "price": 4.85,
        "unitPrice": "$2.55 / 100G"
    },
    {
        "category": "pantry",
        "href": "https://www.woolworths.com.au/shop/productdetails/187790/betty-crocker-triple-chocolate-muffin-mix",
        "imgName": "187790.jpg",
        "imgSrc": "https://cdn0.woolworths.media/content/wowproductimages/medium/187790.jpg",
        "name": "Betty Crocker Triple Chocolate Muffin Mix 500g",
        "price": 5.2,
        "unitPrice": "$1.04 / 100G"
    },
    {
        "category": "pantry",
        "href": "https://www.woolworths.com.au/shop/productdetails/657431/heinz-baked-beans-bbq-sauce",
        "imgName": "657431.jpg",
        "imgSrc": "https://cdn0.woolworths.media/content/wowproductimages/medium/657431.jpg",
        "name": "Heinz Baked Beans Bbq Sauce 555g",
        "price": 3,
        "unitPrice": "$0.54 / 100G"
    },
    {
        "category": "pantry",
        "href": "https://www.woolworths.com.au/shop/productdetails/116737/masterfoods-sweet-chilli-sauce-mild",
        "imgName": "116737.jpg",
        "imgSrc": "https://cdn0.woolworths.media/content/wowproductimages/medium/116737.jpg",
        "name": "Masterfoods Sweet Chilli Sauce Mild 500ml",
        "price": 3.3,
        "unitPrice": "$0.66 / 100ML"
    },
    {
        "category": "pantry",
        "href": "https://www.woolworths.com.au/shop/productdetails/641243/golden-days-paleo-bar-orange-cacao",
        "imgName": "641243.jpg",
        "imgSrc": "https://cdn0.woolworths.media/content/wowproductimages/medium/641243.jpg",
        "name": "Golden Days Paleo Bar Orange & Cacao 40g",
        "price": 2.99,
        "unitPrice": "$7.48 / 100G"
    },
    {
        "category": "pantry",
        "href": "https://www.woolworths.com.au/shop/productdetails/493542/ritz-crackers-original",
        "imgName": "493542.jpg",
        "imgSrc": "https://cdn0.woolworths.media/content/wowproductimages/medium/493542.jpg",
        "name": "Ritz Crackers Original 100g",
        "price": 1.5,
        "unitPrice": "$1.50 / 100G"
    },
    {
        "category": "pantry",
        "href": "https://www.woolworths.com.au/shop/productdetails/634544/praise-deli-style-roasted-sesame",
        "imgName": "634544.jpg",
        "imgSrc": "https://cdn0.woolworths.media/content/wowproductimages/medium/634544.jpg",
        "name": "Praise Deli Style Roasted Sesame 250ml",
        "price": 3.5,
        "unitPrice": "$1.40 / 100ML"
    },
    {
        "category": "pantry",
        "href": "https://www.woolworths.com.au/shop/productdetails/662436/queen-passionfruit-baking-paste",
        "imgName": "662436.jpg",
        "imgSrc": "https://cdn0.woolworths.media/content/wowproductimages/medium/662436.jpg",
        "name": "Queen Passionfruit Baking Paste 40g",
        "price": 3,
        "unitPrice": "$7.50 / 100G"
    },
    {
        "category": "pantry",
        "href": "https://www.woolworths.com.au/shop/productdetails/135885/spam-turkey-oven-roasted",
        "imgName": "135885.jpg",
        "imgSrc": "https://cdn0.woolworths.media/content/wowproductimages/medium/135885.jpg",
        "name": "Spam Turkey Oven Roasted 340g",
        "price": 4.9,
        "unitPrice": "$14.41 / 1KG"
    },
    {
        "category": "pantry",
        "href": "https://www.woolworths.com.au/shop/productdetails/47554/three-threes-onions-pickled-old-style",
        "imgName": "047554.jpg",
        "imgSrc": "https://cdn0.woolworths.media/content/wowproductimages/medium/047554.jpg",
        "name": "Three Threes Onions Pickled Old Style 500g",
        "price": 3.9,
        "unitPrice": "$7.80 / 1KG"
    },
    {
        "category": "pantry",
        "href": "https://www.woolworths.com.au/shop/productdetails/203495/arnolds-farm-strawberry-yoghurt-muesli",
        "imgName": "203495.jpg",
        "imgSrc": "https://cdn0.woolworths.media/content/wowproductimages/medium/203495.jpg",
        "name": "Arnolds Farm Strawberry & Yoghurt Muesli 1kg",
        "price": 6,
        "unitPrice": "$0.60 / 100G"
    },
    {
        "category": "pantry",
        "href": "https://www.woolworths.com.au/shop/productdetails/490216/mentos-choco-mint-roll",
        "imgName": "490216.jpg",
        "imgSrc": "https://cdn0.woolworths.media/content/wowproductimages/medium/490216.jpg",
        "name": "Mentos Choco & Mint Roll 38g",
        "price": 1.5,
        "unitPrice": "$3.95 / 100G"
    },
    {
        "category": "pantry",
        "href": "https://www.woolworths.com.au/shop/productdetails/182331/arnott-s-snack-right-sultana-chocolate",
        "imgName": "182331.jpg",
        "imgSrc": "https://cdn0.woolworths.media/content/wowproductimages/medium/182331.jpg",
        "name": "Arnott's Snack Right Sultana & Chocolate 260g",
        "price": 4.2,
        "unitPrice": "$1.62 / 100G"
    },
    {
        "category": "pantry",
        "href": "https://www.woolworths.com.au/shop/productdetails/502954/bertolli-extra-virgin-olive-oil-robusto",
        "imgName": "502954.jpg",
        "imgSrc": "https://cdn0.woolworths.media/content/wowproductimages/medium/502954.jpg",
        "name": "Bertolli Extra Virgin Olive Oil Robusto 750ml",
        "price": 13,
        "unitPrice": "$1.73 / 100ML"
    },
    {
        "category": "pantry",
        "href": "https://www.woolworths.com.au/shop/productdetails/33155/csr-brown-sugar-coffee-crystals",
        "imgName": "033155.jpg",
        "imgSrc": "https://cdn0.woolworths.media/content/wowproductimages/medium/033155.jpg",
        "name": "Csr Brown Sugar Coffee Crystals 500g",
        "price": 3.45,
        "unitPrice": "$0.69 / 100G"
    },
    {
        "category": "pantry",
        "href": "https://www.woolworths.com.au/shop/productdetails/454655/white-wings-cafe-creations-buttermilk-pancakes",
        "imgName": "454655.jpg",
        "imgSrc": "https://cdn0.woolworths.media/content/wowproductimages/medium/454655.jpg",
        "name": "White Wings Cafe Creations Buttermilk Pancakes  335g",
        "price": 5,
        "unitPrice": "$1.49 / 100G"
    },
    {
        "category": "pantry",
        "href": "https://www.woolworths.com.au/shop/productdetails/35990/masterfoods-asian-sauce-sweet-sour",
        "imgName": "035990.jpg",
        "imgSrc": "https://cdn0.woolworths.media/content/wowproductimages/medium/035990.jpg",
        "name": "Masterfoods Asian Sauce Sweet & Sour 270g",
        "price": 2.79,
        "unitPrice": "$1.03 / 100G"
    },
    {
        "category": "pantry",
        "href": "https://www.woolworths.com.au/shop/productdetails/575815/greens-despicable-me-banana-pancake-shake",
        "imgName": "575815.jpg",
        "imgSrc": "https://cdn0.woolworths.media/content/wowproductimages/medium/575815.jpg",
        "name": "Greens Despicable Me Banana Pancake Shake 200g",
        "price": 2.45,
        "unitPrice": "$1.23 / 100G"
    },
    {
        "category": "pantry",
        "href": "https://www.woolworths.com.au/shop/productdetails/370260/campbell-s-country-ladle-canned-soup-creamy-pumpkin",
        "imgName": "370260.jpg",
        "imgSrc": "https://cdn0.woolworths.media/content/wowproductimages/medium/370260.jpg",
        "name": "Campbell's Country Ladle Canned Soup Creamy Pumpkin 500g",
        "price": 3.29,
        "unitPrice": "$0.66 / 100G"
    },
    {
        "category": "pantry",
        "href": "https://www.woolworths.com.au/shop/productdetails/786257/queen-food-colouring-blue",
        "imgName": "786257.jpg",
        "imgSrc": "https://cdn0.woolworths.media/content/wowproductimages/medium/786257.jpg",
        "name": "Queen Food Colouring Blue 15g",
        "price": 2.5,
        "unitPrice": "$16.67 / 100G"
    },
    {
        "category": "pantry",
        "href": "https://www.woolworths.com.au/shop/productdetails/784194/culley-s-habanero-hot-sauce",
        "imgName": "784194.jpg",
        "imgSrc": "https://cdn0.woolworths.media/content/wowproductimages/medium/784194.jpg",
        "name": "Culley's Habanero Hot Sauce",
        "price": 4.9,
        "unitPrice": "$3.27 / 100ML"
    },
    {
        "category": "pantry",
        "href": "https://www.woolworths.com.au/shop/productdetails/575654/white-wings-cake-in-a-cup-double-chocolate",
        "imgName": "575654.jpg",
        "imgSrc": "https://cdn0.woolworths.media/content/wowproductimages/medium/575654.jpg",
        "name": "White Wings Cake In A Cup Double Chocolate 55g",
        "price": 2,
        "unitPrice": "$3.64 / 100G"
    },
    {
        "category": "pantry",
        "href": "https://www.woolworths.com.au/shop/productdetails/49314/spc-baked-beans-tomato-sauce",
        "imgName": "049314.jpg",
        "imgSrc": "https://cdn0.woolworths.media/content/wowproductimages/medium/049314.jpg",
        "name": "Spc Baked Beans Tomato Sauce 4x220g",
        "price": 4.2,
        "unitPrice": "$0.48 / 100G"
    },
    {
        "category": "pantry",
        "href": "https://www.woolworths.com.au/shop/productdetails/841633/angus-park-cranberries",
        "imgName": "841633.jpg",
        "imgSrc": "https://cdn0.woolworths.media/content/wowproductimages/medium/841633.jpg",
        "name": "Angus Park Cranberries  6pk 180g",
        "price": 5,
        "unitPrice": "$27.78 / 1KG"
    },
    {
        "category": "pantry",
        "href": "https://www.woolworths.com.au/shop/productdetails/224909/maggi-oriental-noodle-cup",
        "imgName": "224909.jpg",
        "imgSrc": "https://cdn0.woolworths.media/content/wowproductimages/medium/224909.jpg",
        "name": "Maggi Oriental Noodle Cup 60g",
        "price": 1.8,
        "unitPrice": "$3.00 / 100G"
    },
    {
        "category": "pantry",
        "href": "https://www.woolworths.com.au/shop/productdetails/662559/dr-oetker-easy-milk-chocolate",
        "imgName": "662559.jpg",
        "imgSrc": "https://cdn0.woolworths.media/content/wowproductimages/medium/662559.jpg",
        "name": "Dr. Oetker Easy Milk Chocolate 150g",
        "price": 4,
        "unitPrice": "$2.67 / 100G"
    },
    {
        "category": "pantry",
        "href": "https://www.woolworths.com.au/shop/productdetails/610521/spc-bean-pot-cajun",
        "imgName": "610521.jpg",
        "imgSrc": "https://cdn0.woolworths.media/content/wowproductimages/medium/610521.jpg",
        "name": "Spc Bean Pot Cajun 175g",
        "price": 1.5,
        "unitPrice": "$0.86 / 100G"
    },
    {
        "category": "pantry",
        "href": "https://www.woolworths.com.au/shop/productdetails/490250/cadbury-baking-chocolate-block-70-cocoa",
        "imgName": "490250.jpg",
        "imgSrc": "https://cdn0.woolworths.media/content/wowproductimages/medium/490250.jpg",
        "name": "Cadbury Baking Chocolate Block 70% Cocoa 200g",
        "price": 4.5,
        "unitPrice": "$2.25 / 100G"
    },
    {
        "category": "pantry",
        "href": "https://www.woolworths.com.au/shop/productdetails/591463/spc-diced-rockmelon-in-juice",
        "imgName": "591463.jpg",
        "imgSrc": "https://cdn0.woolworths.media/content/wowproductimages/medium/591463.jpg",
        "name": "Spc Diced Rockmelon In Juice 4pk 452g",
        "price": 4.6,
        "unitPrice": "$10.18 / 1KG"
    },
    {
        "category": "pantry",
        "href": "https://www.woolworths.com.au/shop/productdetails/619814/always-fresh-pasta-olives",
        "imgName": "619814.jpg",
        "imgSrc": "https://cdn0.woolworths.media/content/wowproductimages/medium/619814.jpg",
        "name": "Always Fresh Pasta Olives  50g",
        "price": 2,
        "unitPrice": "$4.00 / 100G"
    },
    {
        "category": "pantry",
        "href": "https://www.woolworths.com.au/shop/productdetails/610522/spc-bean-pot-sriracha",
        "imgName": "610522.jpg",
        "imgSrc": "https://cdn0.woolworths.media/content/wowproductimages/medium/610522.jpg",
        "name": "Spc Bean Pot Sriracha 175g",
        "price": 1.5,
        "unitPrice": "$0.86 / 100G"
    },
    {
        "category": "pantry",
        "href": "https://www.woolworths.com.au/shop/productdetails/829009/cadbury-baking-dark-chocolate-melts",
        "imgName": "829009.jpg",
        "imgSrc": "https://cdn0.woolworths.media/content/wowproductimages/medium/829009.jpg",
        "name": "Cadbury Baking Dark Chocolate Melts 225g",
        "price": 4.25,
        "unitPrice": "$1.89 / 100G"
    },
    {
        "category": "pantry",
        "href": "https://www.woolworths.com.au/shop/productdetails/716260/masterfoods-perfect-for-chicken-lemon-roast-garlic-oregano",
        "imgName": "716260.jpg",
        "imgSrc": "https://cdn0.woolworths.media/content/wowproductimages/medium/716260.jpg",
        "name": "Masterfoods Perfect For Chicken Lemon, Roast Garlic & Oregano 20g",
        "price": 2.5,
        "unitPrice": "$1.25 / 10G"
    },
    {
        "category": "pantry",
        "href": "https://www.woolworths.com.au/shop/productdetails/827884/clive-of-india-hot-madras-curry-powder",
        "imgName": "827884.jpg",
        "imgSrc": "https://cdn0.woolworths.media/content/wowproductimages/medium/827884.jpg",
        "name": "Clive Of India Hot Madras Curry Powder 50g",
        "price": 2.4,
        "unitPrice": "$0.48 / 10G"
    },
    {
        "category": "pantry",
        "href": "https://www.woolworths.com.au/shop/productdetails/828736/creative-kitchen-mini-flowers-cake-decorations",
        "imgName": "828736.jpg",
        "imgSrc": "https://cdn0.woolworths.media/content/wowproductimages/medium/828736.jpg",
        "name": "Creative Kitchen Mini Flowers Cake Decorations 48pk",
        "price": 3.5,
        "unitPrice": "$0.07 / 1EA"
    },
    {
        "category": "pantry",
        "href": "https://www.woolworths.com.au/shop/productdetails/795512/kurrajong-kitchen-lavosh-crackers",
        "imgName": "795512.jpg",
        "imgSrc": "https://cdn0.woolworths.media/content/wowproductimages/medium/795512.jpg",
        "name": "Kurrajong Kitchen Lavosh Crackers  140g",
        "price": 4,
        "unitPrice": "$2.86 / 100G"
    },
    {
        "category": "pantry",
        "href": "https://www.woolworths.com.au/shop/productdetails/454008/dole-two-fruits-in-juice",
        "imgName": "454008.jpg",
        "imgSrc": "https://cdn0.woolworths.media/content/wowproductimages/medium/454008.jpg",
        "name": "Dole Two Fruits In Juice  810g",
        "price": 3,
        "unitPrice": "$3.70 / 1KG"
    },
    {
        "category": "pantry",
        "href": "https://www.woolworths.com.au/shop/productdetails/838682/ritz-cheese-snackz",
        "imgName": "838682.jpg",
        "imgSrc": "https://cdn0.woolworths.media/content/wowproductimages/medium/838682.jpg",
        "name": "Ritz Cheese Snackz 100g",
        "price": 2,
        "unitPrice": "$2.00 / 100G"
    },
    {
        "category": "pantry",
        "href": "https://www.woolworths.com.au/shop/productdetails/608176/nando-s-peri-peri-lemon-herb-sauce",
        "imgName": "608176.jpg",
        "imgSrc": "https://cdn0.woolworths.media/content/wowproductimages/medium/608176.jpg",
        "name": "Nando's Peri Peri Lemon & Herb Sauce 250g",
        "price": 5.8,
        "unitPrice": "$2.32 / 100G"
    },
    {
        "category": "pantry",
        "href": "https://www.woolworths.com.au/shop/productdetails/606056/kellogg-s-special-k-nourish-cashew-macadamia-coconut",
        "imgName": "606056.jpg",
        "imgSrc": "https://cdn0.woolworths.media/content/wowproductimages/medium/606056.jpg",
        "name": "Kellogg's Special K Nourish Cashew Macadamia & Coconut 390g",
        "price": 5.99,
        "unitPrice": "$1.54 / 100G"
    },
    {
        "category": "pantry",
        "href": "https://www.woolworths.com.au/shop/productdetails/575651/white-wings-cake-in-a-cup-vanilla-choc-chip",
        "imgName": "575651.jpg",
        "imgSrc": "https://cdn0.woolworths.media/content/wowproductimages/medium/575651.jpg",
        "name": "White Wings Cake In A Cup Vanilla Choc Chip 4pk 220g",
        "price": 5,
        "unitPrice": "$2.27 / 100G"
    },
    {
        "category": "pantry",
        "href": "https://www.woolworths.com.au/shop/productdetails/574752/gravox-bearnaise-sauce-finishing-sauce",
        "imgName": "574752.jpg",
        "imgSrc": "https://cdn0.woolworths.media/content/wowproductimages/medium/574752.jpg",
        "name": "Gravox Bearnaise Sauce Finishing Sauce 165g",
        "price": 2,
        "unitPrice": "$1.21 / 100G"
    },
    {
        "category": "pantry",
        "href": "https://www.woolworths.com.au/shop/productdetails/701332/twinings-chamomile-honey-vanilla-tea-bags",
        "imgName": "701332.jpg",
        "imgSrc": "https://cdn0.woolworths.media/content/wowproductimages/medium/701332.jpg",
        "name": "Twinings Chamomile Honey & Vanilla Tea Bags 10pk 15g",
        "price": 2.7,
        "unitPrice": "$18.00 / 100G"
    },
    {
        "category": "pantry",
        "href": "https://www.woolworths.com.au/shop/productdetails/733667/be-natural-pink-lady-apple-flame-raisin-cereal",
        "imgName": "733667.jpg",
        "imgSrc": "https://cdn0.woolworths.media/content/wowproductimages/medium/733667.jpg",
        "name": "Be Natural Pink Lady Apple & Flame Raisin Cereal 405g",
        "price": 5.29,
        "unitPrice": "$1.31 / 100G"
    },
    {
        "category": "pantry",
        "href": "https://www.woolworths.com.au/shop/productdetails/578627/peckish-rice-crackers-double-up-original",
        "imgName": "578627.jpg",
        "imgSrc": "https://cdn0.woolworths.media/content/wowproductimages/medium/578627.jpg",
        "name": "Peckish Rice Crackers Double Up Original 200g",
        "price": 3.5,
        "unitPrice": "$1.75 / 100G"
    },
    {
        "category": "pantry",
        "href": "https://www.woolworths.com.au/shop/productdetails/626884/ayam-seasoning-sauce",
        "imgName": "626884.jpg",
        "imgSrc": "https://cdn0.woolworths.media/content/wowproductimages/medium/626884.jpg",
        "name": "Ayam Seasoning Sauce  150ml",
        "price": 4,
        "unitPrice": "$2.67 / 100ML"
    },
    {
        "category": "pantry",
        "href": "https://www.woolworths.com.au/shop/productdetails/700635/macro-organic-vinegar-balsamic-4-leaf",
        "imgName": "700635.jpg",
        "imgSrc": "https://cdn0.woolworths.media/content/wowproductimages/medium/700635.jpg",
        "name": "Macro Organic Vinegar Balsamic 4 Leaf 250ml",
        "price": 6,
        "unitPrice": "$2.40 / 100ML"
    },
    {
        "category": "pantry",
        "href": "https://www.woolworths.com.au/shop/productdetails/661849/heilala-natural-vanilla-bean-paste",
        "imgName": "661849.jpg",
        "imgSrc": "https://cdn0.woolworths.media/content/wowproductimages/medium/661849.jpg",
        "name": "Heilala Natural Vanilla Bean Paste 65g",
        "price": 9,
        "unitPrice": "$13.85 / 100G"
    },
    {
        "category": "pantry",
        "href": "https://www.woolworths.com.au/shop/productdetails/454143/dr-oetker-edible-decorations-wafer-daisies",
        "imgName": "454143.jpg",
        "imgSrc": "https://cdn0.woolworths.media/content/wowproductimages/medium/454143.jpg",
        "name": "Dr Oetker Edible Decorations Wafer Daisies 2.8g",
        "price": 3.3,
        "unitPrice": "$117.86 / 100G"
    },
    {
        "category": "pantry",
        "href": "https://www.woolworths.com.au/shop/productdetails/657425/heinz-baked-beans-salt-reduced",
        "imgName": "657425.jpg",
        "imgSrc": "https://cdn0.woolworths.media/content/wowproductimages/medium/657425.jpg",
        "name": "Heinz Baked Beans Salt Reduced 555g",
        "price": 3,
        "unitPrice": "$0.54 / 100G"
    },
    {
        "category": "pantry",
        "href": "https://www.woolworths.com.au/shop/productdetails/717621/roses-south-african-cordial-passionfruit",
        "imgName": "717621.jpg",
        "imgSrc": "https://cdn0.woolworths.media/content/wowproductimages/medium/717621.jpg",
        "name": "Roses South African Cordial Passionfruit 750ml",
        "price": 7,
        "unitPrice": "$0.93 / 100ML"
    },
    {
        "category": "pantry",
        "href": "https://www.woolworths.com.au/shop/productdetails/757902/cholula-hot-sauce",
        "imgName": "757902.jpg",
        "imgSrc": "https://cdn0.woolworths.media/content/wowproductimages/medium/757902.jpg",
        "name": "Cholula Hot Sauce  150ml",
        "price": 5,
        "unitPrice": "$3.33 / 100ML"
    },
    {
        "category": "pantry",
        "href": "https://www.woolworths.com.au/shop/productdetails/491631/dollar-sweets-jurassic-bitz",
        "imgName": "491631.jpg",
        "imgSrc": "https://cdn0.woolworths.media/content/wowproductimages/medium/491631.jpg",
        "name": "Dollar Sweets Jurassic Bitz 125g",
        "price": 3.5,
        "unitPrice": "$2.80 / 100G"
    },
    {
        "category": "pantry",
        "href": "https://www.woolworths.com.au/shop/productdetails/34104/edgell-mixed-vegetables",
        "imgName": "034104.jpg",
        "imgSrc": "https://cdn0.woolworths.media/content/wowproductimages/medium/034104.jpg",
        "name": "Edgell Mixed Vegetables  420g",
        "price": 2.7,
        "unitPrice": "$6.43 / 1KG"
    },
    {
        "category": "pantry",
        "href": "https://www.woolworths.com.au/shop/productdetails/726351/woolworths-select-brazil-nuts",
        "imgName": "726351.jpg",
        "imgSrc": "https://cdn0.woolworths.media/content/wowproductimages/medium/726351.jpg",
        "name": "Woolworths Select Brazil Nuts  150g",
        "price": 5.6,
        "unitPrice": "$37.33 / 1KG"
    },
    {
        "category": "pantry",
        "href": "https://www.woolworths.com.au/shop/productdetails/717641/simba-south-african-salt-vinegar-chips",
        "imgName": "717641.jpg",
        "imgSrc": "https://cdn0.woolworths.media/content/wowproductimages/medium/717641.jpg",
        "name": "Simba South African Salt & Vinegar Chips 36g",
        "price": 1,
        "unitPrice": "$2.78 / 100G"
    },
    {
        "category": "pantry",
        "href": "https://www.woolworths.com.au/shop/productdetails/335919/mrs-balls-chutney-chili",
        "imgName": "335919.jpg",
        "imgSrc": "https://cdn0.woolworths.media/content/wowproductimages/medium/335919.jpg",
        "name": "Mrs. Balls Chutney Chili 470g",
        "price": 4,
        "unitPrice": "$8.51 / 1KG"
    },
    {
        "category": "pantry",
        "href": "https://www.woolworths.com.au/shop/productdetails/329230/sunbeam-sunflower-kernels",
        "imgName": "329230.jpg",
        "imgSrc": "https://cdn0.woolworths.media/content/wowproductimages/medium/329230.jpg",
        "name": "Sunbeam Sunflower Kernels 225g",
        "price": 2.4,
        "unitPrice": "$10.67 / 1KG"
    },
    {
        "category": "pantry",
        "href": "https://www.woolworths.com.au/shop/productdetails/57200/ayam-coconut-cream-light",
        "imgName": "057200.jpg",
        "imgSrc": "https://cdn0.woolworths.media/content/wowproductimages/medium/057200.jpg",
        "name": "Ayam Coconut Cream Light 270ml",
        "price": 2.4,
        "unitPrice": "$0.89 / 100ML"
    },
    {
        "category": "pantry",
        "href": "https://www.woolworths.com.au/shop/productdetails/505351/massel-liquid-stock-chicken-organic-salt-reduced",
        "imgName": "505351.jpg",
        "imgSrc": "https://cdn0.woolworths.media/content/wowproductimages/medium/505351.jpg",
        "name": "Massel Liquid Stock Chicken Organic Salt Reduced 1l",
        "price": 3.8,
        "unitPrice": "$0.38 / 100ML"
    },
    {
        "category": "pantry",
        "href": "https://www.woolworths.com.au/shop/productdetails/790386/lee-kum-kee-sauce-stir-fry-sichuan-and-chilli",
        "imgName": "790386.jpg",
        "imgSrc": "https://cdn0.woolworths.media/content/wowproductimages/medium/790386.jpg",
        "name": "Lee Kum Kee Sauce Stir Fry Sichuan And Chilli 225g",
        "price": 3.45,
        "unitPrice": "$1.53 / 100G"
    },
    {
        "category": "pantry",
        "href": "https://www.woolworths.com.au/shop/productdetails/701751/kellogg-s-crunchy-nut-corn-flakes",
        "imgName": "701751.jpg",
        "imgSrc": "https://cdn0.woolworths.media/content/wowproductimages/medium/701751.jpg",
        "name": "Kellogg's Crunchy Nut Corn Flakes 380g",
        "price": 4.65,
        "unitPrice": "$1.22 / 100G"
    },
    {
        "category": "pantry",
        "href": "https://www.woolworths.com.au/shop/productdetails/932575/maltesers-dark-chocolate",
        "imgName": "932575.jpg",
        "imgSrc": "https://cdn0.woolworths.media/content/wowproductimages/medium/932575.jpg",
        "name": "Maltesers Dark Chocolate  140g bag",
        "price": 4.25,
        "unitPrice": "$3.04 / 100G"
    },
    {
        "category": "pantry",
        "href": "https://www.woolworths.com.au/shop/productdetails/203988/koo-fruit-guava-halves",
        "imgName": "203988.jpg",
        "imgSrc": "https://cdn0.woolworths.media/content/wowproductimages/medium/203988.jpg",
        "name": "Koo Fruit Guava Halves 410g",
        "price": 4,
        "unitPrice": "$0.98 / 100G"
    },
    {
        "category": "pantry",
        "href": "https://www.woolworths.com.au/shop/productdetails/745385/macro-organic-cous-cous",
        "imgName": "745385.jpg",
        "imgSrc": "https://cdn0.woolworths.media/content/wowproductimages/medium/745385.jpg",
        "name": "Macro Organic Cous Cous  500g",
        "price": 4,
        "unitPrice": "$0.80 / 100G"
    },
    {
        "category": "pantry",
        "href": "https://www.woolworths.com.au/shop/productdetails/626821/five-tastes-stir-fry-shots-thai-basil-chilli",
        "imgName": "626821.jpg",
        "imgSrc": "https://cdn0.woolworths.media/content/wowproductimages/medium/626821.jpg",
        "name": "Five Tastes Stir Fry Shots Thai Basil & Chilli 4x45g",
        "price": 4,
        "unitPrice": "$2.22 / 100G"
    },
    {
        "category": "pantry",
        "href": "https://www.woolworths.com.au/shop/productdetails/610136/old-el-paso-seasoning-quesadilla",
        "imgName": "610136.jpg",
        "imgSrc": "https://cdn0.woolworths.media/content/wowproductimages/medium/610136.jpg",
        "name": "Old El Paso Seasoning Quesadilla 35g",
        "price": 2,
        "unitPrice": "$5.71 / 100G"
    },
    {
        "category": "pantry",
        "href": "https://www.woolworths.com.au/shop/productdetails/251055/sunbeam-almonds-flaked",
        "imgName": "251055.jpg",
        "imgSrc": "https://cdn0.woolworths.media/content/wowproductimages/medium/251055.jpg",
        "name": "Sunbeam Almonds Flaked 100g",
        "price": 5,
        "unitPrice": "$50.00 / 1KG"
    },
    {
        "category": "pantry",
        "href": "https://www.woolworths.com.au/shop/productdetails/90132/edgell-corn-kernels-no-added-salt",
        "imgName": "090132.jpg",
        "imgSrc": "https://cdn0.woolworths.media/content/wowproductimages/medium/090132.jpg",
        "name": "Edgell Corn Kernels No Added Salt 420g",
        "price": 1.77,
        "unitPrice": "$4.21 / 1KG"
    },
    {
        "category": "pantry",
        "href": "https://www.woolworths.com.au/shop/productdetails/259201/sunsweet-prunes-pitted",
        "imgName": "259201.jpg",
        "imgSrc": "https://cdn0.woolworths.media/content/wowproductimages/medium/259201.jpg",
        "name": "Sunsweet Prunes Pitted 200g",
        "price": 3.6,
        "unitPrice": "$18.00 / 1KG"
    },
    {
        "category": "pantry",
        "href": "https://www.woolworths.com.au/shop/productdetails/661258/sunbeam-almonds-flaked",
        "imgName": "661258.jpg",
        "imgSrc": "https://cdn0.woolworths.media/content/wowproductimages/medium/661258.jpg",
        "name": "Sunbeam Almonds Flaked 230g",
        "price": 10,
        "unitPrice": "$43.48 / 1KG"
    },
    {
        "category": "pantry",
        "href": "https://www.woolworths.com.au/shop/productdetails/36456/nestle-rolo",
        "imgName": "036456.jpg",
        "imgSrc": "https://cdn0.woolworths.media/content/wowproductimages/medium/036456.jpg",
        "name": "Nestle Rolo  50g",
        "price": 3,
        "unitPrice": "$5.77 / 100G"
    },
    {
        "category": "pantry",
        "href": "https://www.woolworths.com.au/shop/productdetails/90000251/ardmona-rich-thick-classic-finely-chopped-tomatoes-410g-x12-bundle",
        "imgName": "90000251.jpg",
        "imgSrc": "https://cdn0.woolworths.media/content/wowproductimages/medium/90000251.jpg",
        "name": "Ardmona Rich & Thick Classic Finely Chopped Tomatoes 410g X12 Bundle",
        "price": 18,
        "unitPrice": "$3.66 / 1KG"
    },
    {
        "category": "pantry",
        "href": "https://www.woolworths.com.au/shop/productdetails/744256/pandaroo-lite-coconut-cream",
        "imgName": "744256.jpg",
        "imgSrc": "https://cdn0.woolworths.media/content/wowproductimages/medium/744256.jpg",
        "name": "Pandaroo Lite Coconut Cream 400ml",
        "price": 1.65,
        "unitPrice": "$0.41 / 100ML"
    },
    {
        "category": "pantry",
        "href": "https://www.woolworths.com.au/shop/productdetails/789886/lighthouse-banana-base-mix-quick-bread",
        "imgName": "789886.jpg",
        "imgSrc": "https://cdn0.woolworths.media/content/wowproductimages/medium/789886.jpg",
        "name": "Lighthouse Banana Base Mix Quick Bread 500g",
        "price": 2.5,
        "unitPrice": "$5.00 / 1KG"
    },
    {
        "category": "pantry",
        "href": "https://www.woolworths.com.au/shop/productdetails/375190/continental-cook-in-bag-recipe-base-classic-roast-lamb-with-vegetables",
        "imgName": "375190.jpg",
        "imgSrc": "https://cdn0.woolworths.media/content/wowproductimages/medium/375190.jpg",
        "name": "Continental Cook In Bag Recipe Base Classic Roast Lamb With Vegetables 45g",
        "price": 2.5,
        "unitPrice": "$5.56 / 100G"
    },
    {
        "category": "pantry",
        "href": "https://www.woolworths.com.au/shop/productdetails/574878/cadbury-dairy-milk-marvellous-creations-jelly-popping-candy",
        "imgName": "574878.jpg",
        "imgSrc": "https://cdn0.woolworths.media/content/wowproductimages/medium/574878.jpg",
        "name": "Cadbury Dairy Milk Marvellous Creations Jelly Popping Candy 205g block",
        "price": 5,
        "unitPrice": "$2.44 / 100G"
    },
    {
        "category": "pantry",
        "href": "https://www.woolworths.com.au/shop/productdetails/663591/dorset-muesli-spelt",
        "imgName": "663591.jpg",
        "imgSrc": "https://cdn0.woolworths.media/content/wowproductimages/medium/663591.jpg",
        "name": "Dorset Muesli Spelt  540g",
        "price": 8.3,
        "unitPrice": "$1.54 / 100G"
    },
    {
        "category": "pantry",
        "href": "https://www.woolworths.com.au/shop/productdetails/574895/cadbury-dark-milk-caramelised-hazelnut",
        "imgName": "574895.jpg",
        "imgSrc": "https://cdn0.woolworths.media/content/wowproductimages/medium/574895.jpg",
        "name": "Cadbury Dark Milk Caramelised Hazelnut 160g block",
        "price": 5,
        "unitPrice": "$3.13 / 100G"
    },
    {
        "category": "pantry",
        "href": "https://www.woolworths.com.au/shop/productdetails/52183/batchelors-mushy-peas-canned-original",
        "imgName": "052183.jpg",
        "imgSrc": "https://cdn0.woolworths.media/content/wowproductimages/medium/052183.jpg",
        "name": "Batchelors Mushy Peas Canned Original 300g",
        "price": 2.5,
        "unitPrice": "$0.83 / 100G"
    },
    {
        "category": "pantry",
        "href": "https://www.woolworths.com.au/shop/productdetails/247242/nestle-nesquik-cereal",
        "imgName": "247242.jpg",
        "imgSrc": "https://cdn0.woolworths.media/content/wowproductimages/medium/247242.jpg",
        "name": "Nestle Nesquik Cereal 650g",
        "price": 6.99,
        "unitPrice": "$1.08 / 100G"
    },
    {
        "category": "pantry",
        "href": "https://www.woolworths.com.au/shop/productdetails/18206/dilmah-premium-quality-loose-leaf-tea",
        "imgName": "018206.jpg",
        "imgSrc": "https://cdn0.woolworths.media/content/wowproductimages/medium/018206.jpg",
        "name": "Dilmah Premium Quality Loose Leaf Tea 250g",
        "price": 4.6,
        "unitPrice": "$1.84 / 100G"
    },
    {
        "category": "pantry",
        "href": "https://www.woolworths.com.au/shop/productdetails/649154/nestle-kit-kat-dark-chocolate-bar",
        "imgName": "649154.jpg",
        "imgSrc": "https://cdn0.woolworths.media/content/wowproductimages/medium/649154.jpg",
        "name": "Nestle Kit Kat Dark Chocolate Bar 45g",
        "price": 2,
        "unitPrice": "$4.44 / 100G"
    },
    {
        "category": "pantry",
        "href": "https://www.woolworths.com.au/shop/productdetails/87040/lipton-black-tea-decaffeinated",
        "imgName": "087040.jpg",
        "imgSrc": "https://cdn0.woolworths.media/content/wowproductimages/medium/087040.jpg",
        "name": "Lipton Black Tea Decaffeinated 50pk 100g",
        "price": 5.2,
        "unitPrice": "$5.20 / 100G"
    },
    {
        "category": "pantry",
        "href": "https://www.woolworths.com.au/shop/productdetails/751321/woolworths-select-beetroot-sliced",
        "imgName": "751321.jpg",
        "imgSrc": "https://cdn0.woolworths.media/content/wowproductimages/medium/751321.jpg",
        "name": "Woolworths Select Beetroot Sliced 425g",
        "price": 1.3,
        "unitPrice": "$3.06 / 1KG"
    },
    {
        "category": "pantry",
        "href": "https://www.woolworths.com.au/shop/productdetails/41178/cornwells-lancashire-relish",
        "imgName": "041178.jpg",
        "imgSrc": "https://cdn0.woolworths.media/content/wowproductimages/medium/041178.jpg",
        "name": "Cornwells Lancashire Relish  500ml",
        "price": 5,
        "unitPrice": "$1.00 / 100ML"
    },
    {
        "category": "pantry",
        "href": "https://www.woolworths.com.au/shop/productdetails/453122/passage-to-india-keema-mince-curry-paste",
        "imgName": "453122.jpg",
        "imgSrc": "https://cdn0.woolworths.media/content/wowproductimages/medium/453122.jpg",
        "name": "Passage To India Keema Mince Curry Paste  375g",
        "price": 4.3,
        "unitPrice": "$1.15 / 100G"
    },
    {
        "category": "pantry",
        "href": "https://www.woolworths.com.au/shop/productdetails/446819/oreo-cookie-peanut-butter-choc-creme",
        "imgName": "446819.jpg",
        "imgSrc": "https://cdn0.woolworths.media/content/wowproductimages/medium/446819.jpg",
        "name": "Oreo Cookie Peanut Butter & Choc Creme 137g",
        "price": 2,
        "unitPrice": "$1.46 / 100G"
    },
    {
        "category": "pantry",
        "href": "https://www.woolworths.com.au/shop/productdetails/777836/spiral-rice-crackers-quinoa-black-sesame",
        "imgName": "777836.jpg",
        "imgSrc": "https://cdn0.woolworths.media/content/wowproductimages/medium/777836.jpg",
        "name": "Spiral Rice Crackers Quinoa Black Sesame 75g",
        "price": 4,
        "unitPrice": "$5.33 / 100G"
    },
    {
        "category": "pantry",
        "href": "https://www.woolworths.com.au/shop/productdetails/652667/one-night-in-mexico-lime-jalapeno-chicken-taco-kit",
        "imgName": "652667.jpg",
        "imgSrc": "https://cdn0.woolworths.media/content/wowproductimages/medium/652667.jpg",
        "name": "One Night In Mexico Lime & Jalapeno Chicken Taco Kit 435g",
        "price": 7,
        "unitPrice": "$1.61 / 100G"
    },
    {
        "category": "pantry",
        "href": "https://www.woolworths.com.au/shop/productdetails/50748/masterfoods-garlic-herb-salt",
        "imgName": "050748.jpg",
        "imgSrc": "https://cdn0.woolworths.media/content/wowproductimages/medium/050748.jpg",
        "name": "Masterfoods Garlic Herb Salt 62g",
        "price": 2.3,
        "unitPrice": "$0.37 / 10G"
    },
    {
        "category": "pantry",
        "href": "https://www.woolworths.com.au/shop/productdetails/560634/nestle-kit-kat-raspberry-cheesecake-block",
        "imgName": "560634.jpg",
        "imgSrc": "https://cdn0.woolworths.media/content/wowproductimages/medium/560634.jpg",
        "name": "Nestle Kit Kat Raspberry Cheesecake Block 170g",
        "price": 4.5,
        "unitPrice": "$2.65 / 100G"
    },
    {
        "category": "pantry",
        "href": "https://www.woolworths.com.au/shop/productdetails/343660/homebrand-traditional-muesli",
        "imgName": "343660.jpg",
        "imgSrc": "https://cdn0.woolworths.media/content/wowproductimages/medium/343660.jpg",
        "name": "Homebrand Traditional Muesli 900g",
        "price": 2.55,
        "unitPrice": "$0.28 / 100G"
    },
    {
        "category": "pantry",
        "href": "https://www.woolworths.com.au/shop/productdetails/694765/homebrand-white-rice-medium-grain",
        "imgName": "694765.jpg",
        "imgSrc": "https://cdn0.woolworths.media/content/wowproductimages/medium/694765.jpg",
        "name": "Homebrand White Rice Medium Grain 5kg",
        "price": 10,
        "unitPrice": "$0.20 / 100G"
    },
    {
        "category": "pantry",
        "href": "https://www.woolworths.com.au/shop/productdetails/791860/allowrie-mixed-blossom-honey",
        "imgName": "791860.jpg",
        "imgSrc": "https://cdn0.woolworths.media/content/wowproductimages/medium/791860.jpg",
        "name": "Allowrie Mixed Blossom Honey 600g",
        "price": 7,
        "unitPrice": "$1.17 / 100G"
    },
    {
        "category": "pantry",
        "href": "https://www.woolworths.com.au/shop/productdetails/701674/kellogg-s-corn-flakes",
        "imgName": "701674.jpg",
        "imgSrc": "https://cdn0.woolworths.media/content/wowproductimages/medium/701674.jpg",
        "name": "Kellogg's Corn Flakes  220g",
        "price": 2.49,
        "unitPrice": "$1.13 / 100G"
    },
    {
        "category": "pantry",
        "href": "https://www.woolworths.com.au/shop/productdetails/98418/wrigley-s-juicy-fruit-gum",
        "imgName": "098418.jpg",
        "imgSrc": "https://cdn0.woolworths.media/content/wowproductimages/medium/098418.jpg",
        "name": "Wrigley's Juicy Fruit Gum  5pk 70g",
        "price": 3.5,
        "unitPrice": "$5.00 / 100G"
    },
    {
        "category": "pantry",
        "href": "https://www.woolworths.com.au/shop/productdetails/727907/wrigley-s-eclipse-chewy-mints-spearmint",
        "imgName": "727907.jpg",
        "imgSrc": "https://cdn0.woolworths.media/content/wowproductimages/medium/727907.jpg",
        "name": "Wrigley's Eclipse Chewy Mints Spearmint 27g",
        "price": 1.5,
        "unitPrice": "$5.56 / 100G"
    },
    {
        "category": "pantry",
        "href": "https://www.woolworths.com.au/shop/productdetails/728574/cadbury-dairy-milk-bubbly-bubbly",
        "imgName": "728574.jpg",
        "imgSrc": "https://cdn0.woolworths.media/content/wowproductimages/medium/728574.jpg",
        "name": "Cadbury Dairy Milk Bubbly Bubbly 155g block",
        "price": 4,
        "unitPrice": "$2.58 / 100G"
    },
    {
        "category": "pantry",
        "href": "https://www.woolworths.com.au/shop/productdetails/753176/woolworths-apricot-halves-in-juice-australian",
        "imgName": "753176.jpg",
        "imgSrc": "https://cdn0.woolworths.media/content/wowproductimages/medium/753176.jpg",
        "name": "Woolworths Apricot Halves In Juice Australian 820g",
        "price": 2.8,
        "unitPrice": "$3.41 / 1KG"
    },
    {
        "category": "pantry",
        "href": "https://www.woolworths.com.au/shop/productdetails/779889/sanitarium-up-go-caramel-liquid-breakfast-fridge-pack",
        "imgName": "779889.jpg",
        "imgSrc": "https://cdn0.woolworths.media/content/wowproductimages/medium/779889.jpg",
        "name": "Sanitarium Up&go Caramel Liquid Breakfast Fridge Pack 12x250ml",
        "price": 13.6,
        "unitPrice": "$4.53 / 1L"
    },
    {
        "category": "pantry",
        "href": "https://www.woolworths.com.au/shop/productdetails/829164/cadbury-dairy-milk-freddo-frog-milky-top-sharepack",
        "imgName": "829164.jpg",
        "imgSrc": "https://cdn0.woolworths.media/content/wowproductimages/medium/829164.jpg",
        "name": "Cadbury Dairy Milk Freddo Frog Milky Top Sharepack 15pk 180g",
        "price": 4.6,
        "unitPrice": "$2.56 / 100G"
    },
    {
        "category": "pantry",
        "href": "https://www.woolworths.com.au/shop/productdetails/258947/lavazza-coffee-beans-il-perfetto-espresso",
        "imgName": "258947.jpg",
        "imgSrc": "https://cdn0.woolworths.media/content/wowproductimages/medium/258947.jpg",
        "name": "Lavazza Coffee Beans Il Perfetto Espresso 1kg",
        "price": 30,
        "unitPrice": "$3.00 / 100G"
    },
    {
        "category": "pantry",
        "href": "https://www.woolworths.com.au/shop/productdetails/37687/homebrand-table-salt",
        "imgName": "037687.jpg",
        "imgSrc": "https://cdn0.woolworths.media/content/wowproductimages/medium/037687.jpg",
        "name": "Homebrand Table Salt  1kg",
        "price": 0.9,
        "unitPrice": "$0.01 / 10G"
    },
    {
        "category": "pantry",
        "href": "https://www.woolworths.com.au/shop/productdetails/34057/heinz-spaghetti-tomato-cheese-sauce",
        "imgName": "034057.jpg",
        "imgSrc": "https://cdn0.woolworths.media/content/wowproductimages/medium/034057.jpg",
        "name": "Heinz Spaghetti Tomato & Cheese Sauce 220g",
        "price": 1.65,
        "special": 1.4,
        "unitPrice": "$0.64 / 100G"
    },
    {
        "category": "pantry",
        "href": "https://www.woolworths.com.au/shop/productdetails/369544/woolworths-honey-cashews",
        "imgName": "369544.jpg",
        "imgSrc": "https://cdn0.woolworths.media/content/wowproductimages/medium/369544.jpg",
        "name": "Woolworths Honey Cashews  180g",
        "price": 6,
        "unitPrice": "$33.33 / 1KG"
    },
    {
        "category": "pantry",
        "href": "https://www.woolworths.com.au/shop/productdetails/526257/woolworths-savoury-spice-mix",
        "imgName": "526257.jpg",
        "imgSrc": "https://cdn0.woolworths.media/content/wowproductimages/medium/526257.jpg",
        "name": "Woolworths Savoury Spice Mix  150g",
        "price": 6,
        "unitPrice": "$40.00 / 1KG"
    },
    {
        "category": "pantry",
        "href": "https://www.woolworths.com.au/shop/productdetails/526265/woolworths-smokey-mix",
        "imgName": "526265.jpg",
        "imgSrc": "https://cdn0.woolworths.media/content/wowproductimages/medium/526265.jpg",
        "name": "Woolworths Smokey Mix  200g",
        "price": 6,
        "unitPrice": "$30.00 / 1KG"
    },
    {
        "category": "pantry",
        "href": "https://www.woolworths.com.au/shop/productdetails/131901/maharajas-choice-ingredients-lentils-red",
        "imgName": "131901.jpg",
        "imgSrc": "https://cdn0.woolworths.media/content/wowproductimages/medium/131901.jpg",
        "name": "Maharajas Choice Ingredients Lentils Red 1kg",
        "price": 4.75,
        "unitPrice": "$0.48 / 100G"
    },
    {
        "category": "pantry",
        "href": "https://www.woolworths.com.au/shop/productdetails/333941/mission-ingredients-96-fat-free",
        "imgName": "333941.jpg",
        "imgSrc": "https://cdn0.woolworths.media/content/wowproductimages/medium/333941.jpg",
        "name": "Mission Ingredients 96% Fat Free 384g",
        "price": 3.8,
        "unitPrice": "$0.99 / 100G"
    },
    {
        "category": "pantry",
        "href": "https://www.woolworths.com.au/shop/productdetails/843402/grill-mates-brown-sugar-bbq-sauce",
        "imgName": "843402.jpg",
        "imgSrc": "https://cdn0.woolworths.media/content/wowproductimages/medium/843402.jpg",
        "name": "Grill Mates Brown Sugar Bbq Sauce 500ml",
        "price": 4.49,
        "unitPrice": "$0.90 / 100ML"
    },
    {
        "category": "pantry",
        "href": "https://www.woolworths.com.au/shop/productdetails/443394/white-wings-cake-in-a-cup-salted-caramel-choc-chip",
        "imgName": "443394.jpg",
        "imgSrc": "https://cdn0.woolworths.media/content/wowproductimages/medium/443394.jpg",
        "name": "White Wings Cake In A Cup Salted Caramel & Choc Chip 220g",
        "price": 5,
        "unitPrice": "$2.27 / 100G"
    },
    {
        "category": "pantry",
        "href": "https://www.woolworths.com.au/shop/productdetails/482811/mama-jumbo-noodles-pork",
        "imgName": "482811.jpg",
        "imgSrc": "https://cdn0.woolworths.media/content/wowproductimages/medium/482811.jpg",
        "name": "Mama Jumbo Noodles Pork 90g",
        "price": 1.25,
        "unitPrice": "$1.39 / 100G"
    },
    {
        "category": "pantry",
        "href": "https://www.woolworths.com.au/shop/productdetails/111520/queen-essences-rosewater-flavour-natural",
        "imgName": "111520.jpg",
        "imgSrc": "https://cdn0.woolworths.media/content/wowproductimages/medium/111520.jpg",
        "name": "Queen Essences Rosewater Flavour Natural 50ml",
        "price": 1.1,
        "unitPrice": "$0.22 / 10ML"
    },
    {
        "category": "pantry",
        "href": "https://www.woolworths.com.au/shop/productdetails/30644/leggo-s-stir-through-sundried-tomato-garlic",
        "imgName": "030644.jpg",
        "imgSrc": "https://cdn0.woolworths.media/content/wowproductimages/medium/030644.jpg",
        "name": "Leggo's Stir Through Sundried Tomato & Garlic 350g",
        "price": 3.99,
        "unitPrice": "$1.14 / 100G"
    },
    {
        "category": "pantry",
        "href": "https://www.woolworths.com.au/shop/productdetails/451131/woolworths-chocolate-brownie-tray-bake-kit",
        "imgName": "451131.jpg",
        "imgSrc": "https://cdn0.woolworths.media/content/wowproductimages/medium/451131.jpg",
        "name": "Woolworths Chocolate Brownie Tray Bake Kit 535g",
        "price": 3.5,
        "unitPrice": "$0.65 / 100G"
    },
    {
        "category": "pantry",
        "href": "https://www.woolworths.com.au/shop/productdetails/724090/jamie-oliver-pesto-italian-herb",
        "imgName": "724090.jpg",
        "imgSrc": "https://cdn0.woolworths.media/content/wowproductimages/medium/724090.jpg",
        "name": "Jamie Oliver Pesto Italian Herb 190g",
        "price": 5.3,
        "unitPrice": "$2.79 / 100G"
    },
    {
        "category": "pantry",
        "href": "https://www.woolworths.com.au/shop/productdetails/847101/woolworths-essentials-peanut-butter-smooth",
        "imgName": "847101.jpg",
        "imgSrc": "https://cdn0.woolworths.media/content/wowproductimages/medium/847101.jpg",
        "name": "Woolworths Essentials Peanut Butter Smooth 500g",
        "price": 2.4,
        "unitPrice": "$0.48 / 100G"
    },
    {
        "category": "pantry",
        "href": "https://www.woolworths.com.au/shop/productdetails/166239/continental-cup-a-soup-creamy-mushroom-with-croutons",
        "imgName": "166239.jpg",
        "imgSrc": "https://cdn0.woolworths.media/content/wowproductimages/medium/166239.jpg",
        "name": "Continental Cup A Soup Creamy Mushroom With Croutons 2pk 50g",
        "price": 2,
        "unitPrice": "$4.00 / 100G"
    },
    {
        "category": "pantry",
        "href": "https://www.woolworths.com.au/shop/productdetails/250310/jeenys-ingredients-puree-tamarind",
        "imgName": "250310.jpg",
        "imgSrc": "https://cdn0.woolworths.media/content/wowproductimages/medium/250310.jpg",
        "name": "Jeenys Ingredients Puree Tamarind 220g",
        "price": 5.35,
        "unitPrice": "$2.43 / 100G"
    },
    {
        "category": "pantry",
        "href": "https://www.woolworths.com.au/shop/productdetails/634875/frey-hazelnut-dark-chocolate",
        "imgName": "634875.jpg",
        "imgSrc": "https://cdn0.woolworths.media/content/wowproductimages/medium/634875.jpg",
        "name": "Frey Hazelnut Dark Chocolate 180g block",
        "price": 3.5,
        "unitPrice": "$1.94 / 100G"
    },
    {
        "category": "pantry",
        "href": "https://www.woolworths.com.au/shop/productdetails/294880/john-west-tuna-to-go-plain",
        "imgName": "294880.jpg",
        "imgSrc": "https://cdn0.woolworths.media/content/wowproductimages/medium/294880.jpg",
        "name": "John West Tuna To Go Plain 244g",
        "price": 5.95,
        "unitPrice": "$24.39 / 1KG"
    },
    {
        "category": "pantry",
        "href": "https://www.woolworths.com.au/shop/productdetails/608245/old-el-paso-tortilla-chips-cheese-flavoured",
        "imgName": "608245.jpg",
        "imgSrc": "https://cdn0.woolworths.media/content/wowproductimages/medium/608245.jpg",
        "name": "Old El Paso Tortilla Chips Cheese Flavoured 200g",
        "price": 3.5,
        "unitPrice": "$1.75 / 100G"
    },
    {
        "category": "pantry",
        "href": "https://www.woolworths.com.au/shop/productdetails/829338/fehlbergs-jalapenos-pickled",
        "imgName": "829338.jpg",
        "imgSrc": "https://cdn0.woolworths.media/content/wowproductimages/medium/829338.jpg",
        "name": "Fehlbergs Jalapenos Pickled 470g",
        "price": 3.39,
        "unitPrice": "$7.21 / 1KG"
    },
    {
        "category": "pantry",
        "href": "https://www.woolworths.com.au/shop/productdetails/9015/zafarelli-bucatini-pasta-no-6",
        "imgName": "009015.jpg",
        "imgSrc": "https://cdn0.woolworths.media/content/wowproductimages/medium/009015.jpg",
        "name": "Zafarelli Bucatini Pasta No 6 500g",
        "price": 1.94,
        "unitPrice": "$0.39 / 100G"
    },
    {
        "category": "pantry",
        "href": "https://www.woolworths.com.au/shop/productdetails/250994/woolworths-select-chilli-flakes",
        "imgName": "250994.jpg",
        "imgSrc": "https://cdn0.woolworths.media/content/wowproductimages/medium/250994.jpg",
        "name": "Woolworths Select Chilli Flakes 23g",
        "price": 1.8,
        "unitPrice": "$0.78 / 10G"
    },
    {
        "category": "pantry",
        "href": "https://www.woolworths.com.au/shop/productdetails/459723/walkers-highland-oatcakes",
        "imgName": "459723.jpg",
        "imgSrc": "https://cdn0.woolworths.media/content/wowproductimages/medium/459723.jpg",
        "name": "Walkers Highland Oatcakes 280g",
        "price": 6,
        "unitPrice": "$2.14 / 100G"
    },
    {
        "category": "pantry",
        "href": "https://www.woolworths.com.au/shop/productdetails/792476/tilda-heat-serve-brown-basmati-quinoa",
        "imgName": "792476.jpg",
        "imgSrc": "https://cdn0.woolworths.media/content/wowproductimages/medium/792476.jpg",
        "name": "Tilda Heat & Serve Brown Basmati & Quinoa 250g",
        "price": 3.4,
        "unitPrice": "$1.36 / 100G"
    },
    {
        "category": "pantry",
        "href": "https://www.woolworths.com.au/shop/productdetails/320302/continental-cup-a-soup-hearty-pea-ham",
        "imgName": "320302.jpg",
        "imgSrc": "https://cdn0.woolworths.media/content/wowproductimages/medium/320302.jpg",
        "name": "Continental Cup A Soup Hearty Pea & Ham  2pk 52g",
        "price": 2,
        "unitPrice": "$3.85 / 100G"
    },
    {
        "category": "pantry",
        "href": "https://www.woolworths.com.au/shop/productdetails/720060/woolworths-cous-cous",
        "imgName": "720060.jpg",
        "imgSrc": "https://cdn0.woolworths.media/content/wowproductimages/medium/720060.jpg",
        "name": "Woolworths Cous Cous  500g",
        "price": 1.75,
        "unitPrice": "$0.35 / 100G"
    },
    {
        "category": "pantry",
        "href": "https://www.woolworths.com.au/shop/productdetails/260275/wokka-roasted-peanut-honey-soy-sauce-noodle-box",
        "imgName": "260275.jpg",
        "imgSrc": "https://cdn0.woolworths.media/content/wowproductimages/medium/260275.jpg",
        "name": "Wokka Roasted Peanut & Honey Soy Sauce Noodle Box 350g",
        "price": 4,
        "unitPrice": "$1.14 / 100G"
    },
    {
        "category": "pantry",
        "href": "https://www.woolworths.com.au/shop/productdetails/44782/masterfoods-chilli-flakes",
        "imgName": "044782.jpg",
        "imgSrc": "https://cdn0.woolworths.media/content/wowproductimages/medium/044782.jpg",
        "name": "Masterfoods Chilli Flakes 18g",
        "price": 2.9,
        "unitPrice": "$1.61 / 10G"
    },
    {
        "category": "pantry",
        "href": "https://www.woolworths.com.au/shop/productdetails/210710/hakubuku-organic-japanese-somen-noodles-98-fat-free",
        "imgName": "210710.jpg",
        "imgSrc": "https://cdn0.woolworths.media/content/wowproductimages/medium/210710.jpg",
        "name": "Hakubuku Organic Japanese Somen Noodles 98% Fat Free 270g",
        "price": 3.7,
        "unitPrice": "$1.37 / 100G"
    },
    {
        "category": "pantry",
        "href": "https://www.woolworths.com.au/shop/productdetails/441878/hart-soul-green-curry-soup-kit",
        "imgName": "441878.jpg",
        "imgSrc": "https://cdn0.woolworths.media/content/wowproductimages/medium/441878.jpg",
        "name": "Hart & Soul Green Curry Soup Kit  281g",
        "price": 5,
        "unitPrice": "$1.78 / 100G"
    },
    {
        "category": "pantry",
        "href": "https://www.woolworths.com.au/shop/productdetails/781409/arnolds-farm-muesli-toasted-clusters-with-fruit",
        "imgName": "781409.jpg",
        "imgSrc": "https://cdn0.woolworths.media/content/wowproductimages/medium/781409.jpg",
        "name": "Arnolds Farm Muesli Toasted Clusters With Fruit 1kg",
        "price": 6,
        "unitPrice": "$0.60 / 100G"
    },
    {
        "category": "pantry",
        "href": "https://www.woolworths.com.au/shop/productdetails/147568/pataks-pappadums-cook-to-eat-assorted",
        "imgName": "147568.jpg",
        "imgSrc": "https://cdn0.woolworths.media/content/wowproductimages/medium/147568.jpg",
        "name": "Pataks Pappadums Cook To Eat Assorted 100g",
        "price": 3,
        "unitPrice": "$3.00 / 100G"
    },
    {
        "category": "pantry",
        "href": "https://www.woolworths.com.au/shop/productdetails/490086/queen-food-colour-gel-black",
        "imgName": "490086.jpg",
        "imgSrc": "https://cdn0.woolworths.media/content/wowproductimages/medium/490086.jpg",
        "name": "Queen Food Colour Gel Black 15g",
        "price": 2.5,
        "unitPrice": "$16.67 / 100G"
    },
    {
        "category": "pantry",
        "href": "https://www.woolworths.com.au/shop/productdetails/827585/bega-natural-peanut-butter-smooth",
        "imgName": "827585.jpg",
        "imgSrc": "https://cdn0.woolworths.media/content/wowproductimages/medium/827585.jpg",
        "name": "Bega Natural Peanut Butter Smooth 325g",
        "price": 4.6,
        "unitPrice": "$1.42 / 100G"
    },
    {
        "category": "pantry",
        "href": "https://www.woolworths.com.au/shop/productdetails/829581/twinings-decaffeinated-english-breakfast-tea",
        "imgName": "829581.jpg",
        "imgSrc": "https://cdn0.woolworths.media/content/wowproductimages/medium/829581.jpg",
        "name": "Twinings Decaffeinated English Breakfast Tea 40pk",
        "price": 7,
        "unitPrice": "$0.18 / 1EA"
    },
    {
        "category": "pantry",
        "href": "https://www.woolworths.com.au/shop/productdetails/490101/paradise-lemon-madeira-mix",
        "imgName": "490101.jpg",
        "imgSrc": "https://cdn0.woolworths.media/content/wowproductimages/medium/490101.jpg",
        "name": "Paradise Lemon Madeira Mix  340g",
        "price": 1.8,
        "unitPrice": "$0.53 / 100G"
    },
    {
        "category": "pantry",
        "href": "https://www.woolworths.com.au/shop/productdetails/59309/st-dalfour-raspberry-spread-no-added-sugar",
        "imgName": "059309.jpg",
        "imgSrc": "https://cdn0.woolworths.media/content/wowproductimages/medium/059309.jpg",
        "name": "St Dalfour Raspberry Spread No Added Sugar 284g",
        "price": 4.2,
        "unitPrice": "$1.48 / 100G"
    },
    {
        "category": "pantry",
        "href": "https://www.woolworths.com.au/shop/productdetails/490111/paradise-banana-bread-mix",
        "imgName": "490111.jpg",
        "imgSrc": "https://cdn0.woolworths.media/content/wowproductimages/medium/490111.jpg",
        "name": "Paradise Banana Bread Mix  400g",
        "price": 1.8,
        "unitPrice": "$0.45 / 100G"
    },
    {
        "category": "pantry",
        "href": "https://www.woolworths.com.au/shop/productdetails/57252/erawan-rice-stick-large",
        "imgName": "057252.jpg",
        "imgSrc": "https://cdn0.woolworths.media/content/wowproductimages/medium/057252.jpg",
        "name": "Erawan Rice Stick Large 375g",
        "price": 2.2,
        "unitPrice": "$0.59 / 100G"
    },
    {
        "category": "pantry",
        "href": "https://www.woolworths.com.au/shop/productdetails/785587/tasti-protein-bar-salted-caramel",
        "imgName": "785587.jpg",
        "imgSrc": "https://cdn0.woolworths.media/content/wowproductimages/medium/785587.jpg",
        "name": "Tasti Protein Bar Salted Caramel 200g",
        "price": 4.8,
        "unitPrice": "$2.40 / 100G"
    },
    {
        "category": "pantry",
        "href": "https://www.woolworths.com.au/shop/productdetails/17340/st-dalfour-strawberry-spread",
        "imgName": "017340.jpg",
        "imgSrc": "https://cdn0.woolworths.media/content/wowproductimages/medium/017340.jpg",
        "name": "St Dalfour Strawberry Spread 284g",
        "price": 4.2,
        "unitPrice": "$1.48 / 100G"
    },
    {
        "category": "pantry",
        "href": "https://www.woolworths.com.au/shop/productdetails/94614/hoyts-paprika-hot",
        "imgName": "094614.jpg",
        "imgSrc": "https://cdn0.woolworths.media/content/wowproductimages/medium/094614.jpg",
        "name": "Hoyts Paprika Hot 50g",
        "price": 1.47,
        "unitPrice": "$0.29 / 10G"
    },
    {
        "category": "pantry",
        "href": "https://www.woolworths.com.au/shop/productdetails/491435/multix-large-patty-pan-polka-dot",
        "imgName": "491435.jpg",
        "imgSrc": "https://cdn0.woolworths.media/content/wowproductimages/medium/491435.jpg",
        "name": "Multix Large Patty Pan Polka Dot 24ea",
        "price": 3,
        "unitPrice": "$3.00 / 100EA"
    },
    {
        "category": "pantry",
        "href": "https://www.woolworths.com.au/shop/productdetails/370455/kikkoman-soy-sauce-gluten-free-soy",
        "imgName": "370455.jpg",
        "imgSrc": "https://cdn0.woolworths.media/content/wowproductimages/medium/370455.jpg",
        "name": "Kikkoman Soy Sauce Gluten Free Soy 250ml",
        "price": 5,
        "unitPrice": "$2.00 / 100ML"
    },
    {
        "category": "pantry",
        "href": "https://www.woolworths.com.au/shop/productdetails/52070/mckenzie-s-pepper-black-coarse-milled",
        "imgName": "052070.jpg",
        "imgSrc": "https://cdn0.woolworths.media/content/wowproductimages/medium/052070.jpg",
        "name": "Mckenzie's Pepper Black Coarse Milled 100g",
        "price": 3.75,
        "unitPrice": "$0.38 / 10G"
    },
    {
        "category": "pantry",
        "href": "https://www.woolworths.com.au/shop/productdetails/251313/woolworths-select-oregano-leaves",
        "imgName": "251313.jpg",
        "imgSrc": "https://cdn0.woolworths.media/content/wowproductimages/medium/251313.jpg",
        "name": "Woolworths Select Oregano Leaves 27g",
        "price": 4.9,
        "unitPrice": "$1.81 / 10G"
    },
    {
        "category": "pantry",
        "href": "https://www.woolworths.com.au/shop/productdetails/35546/masterfoods-chinese-5-spice",
        "imgName": "035546.jpg",
        "imgSrc": "https://cdn0.woolworths.media/content/wowproductimages/medium/035546.jpg",
        "name": "Masterfoods Chinese 5 Spice 30g",
        "price": 2.8,
        "unitPrice": "$0.93 / 10G"
    },
    {
        "category": "pantry",
        "href": "https://www.woolworths.com.au/shop/productdetails/35398/masterfoods-oregano-leaves",
        "imgName": "035398.jpg",
        "imgSrc": "https://cdn0.woolworths.media/content/wowproductimages/medium/035398.jpg",
        "name": "Masterfoods Oregano Leaves 5g",
        "price": 2.3,
        "unitPrice": "$4.60 / 10G"
    },
    {
        "category": "pantry",
        "href": "https://www.woolworths.com.au/shop/productdetails/36791/edgell-diced-capsicum-diced",
        "imgName": "036791.jpg",
        "imgSrc": "https://cdn0.woolworths.media/content/wowproductimages/medium/036791.jpg",
        "name": "Edgell Diced Capsicum Diced 125g",
        "price": 1.4,
        "unitPrice": "$11.20 / 1KG"
    },
    {
        "category": "pantry",
        "href": "https://www.woolworths.com.au/shop/productdetails/33276/masterfoods-garam-masala",
        "imgName": "033276.jpg",
        "imgSrc": "https://cdn0.woolworths.media/content/wowproductimages/medium/033276.jpg",
        "name": "Masterfoods Garam Masala  30g",
        "price": 2.8,
        "unitPrice": "$0.93 / 10G"
    },
    {
        "category": "pantry",
        "href": "https://www.woolworths.com.au/shop/productdetails/230464/healtheries-kidscare-rice-snacks-wheels-chicken",
        "imgName": "230464.jpg",
        "imgSrc": "https://cdn0.woolworths.media/content/wowproductimages/medium/230464.jpg",
        "name": "Healtheries Kidscare Rice Snacks Wheels Chicken 10pk 180g",
        "price": 5.39,
        "unitPrice": "$2.99 / 100G"
    },
    {
        "category": "pantry",
        "href": "https://www.woolworths.com.au/shop/productdetails/438569/hart-soul-green-curry-soup-cup",
        "imgName": "438569.jpg",
        "imgSrc": "https://cdn0.woolworths.media/content/wowproductimages/medium/438569.jpg",
        "name": "Hart & Soul Green Curry Soup Cup  85g",
        "price": 2,
        "unitPrice": "$2.35 / 100G"
    },
    {
        "category": "pantry",
        "href": "https://www.woolworths.com.au/shop/productdetails/53448/uncle-tobys-bran-plus",
        "imgName": "053448.jpg",
        "imgSrc": "https://cdn0.woolworths.media/content/wowproductimages/medium/053448.jpg",
        "name": "Uncle Tobys Bran Plus  525g",
        "price": 4.99,
        "unitPrice": "$0.95 / 100G"
    },
    {
        "category": "pantry",
        "href": "https://www.woolworths.com.au/shop/productdetails/701725/kellogg-s-all-bran-wheat-flakes",
        "imgName": "701725.jpg",
        "imgSrc": "https://cdn0.woolworths.media/content/wowproductimages/medium/701725.jpg",
        "name": "Kellogg's All Bran Wheat Flakes 330g",
        "price": 4.25,
        "unitPrice": "$1.29 / 100G"
    },
    {
        "category": "pantry",
        "href": "https://www.woolworths.com.au/shop/productdetails/798707/espressotoria-chicco-d-oro-espresso-coffee-capsules",
        "imgName": "798707.jpg",
        "imgSrc": "https://cdn0.woolworths.media/content/wowproductimages/medium/798707.jpg",
        "name": "Espressotoria Chicco D'oro Espresso Coffee Capsules 12pk",
        "price": 4.5,
        "unitPrice": "$0.38 / 1EA"
    },
    {
        "category": "pantry",
        "href": "https://www.woolworths.com.au/shop/productdetails/750089/mama-bowl-noodles-pho-bo-beef",
        "imgName": "750089.jpg",
        "imgSrc": "https://cdn0.woolworths.media/content/wowproductimages/medium/750089.jpg",
        "name": "Mama Bowl Noodles Pho Bo Beef",
        "price": 3.5,
        "unitPrice": "$5.38 / 100G"
    },
    {
        "category": "pantry",
        "href": "https://www.woolworths.com.au/shop/productdetails/462720/maggi-fusian-premium-laksa",
        "imgName": "462720.jpg",
        "imgSrc": "https://cdn0.woolworths.media/content/wowproductimages/medium/462720.jpg",
        "name": "Maggi Fusian Premium Laksa  3pk 354g",
        "price": 5.49,
        "unitPrice": "$1.55 / 100G"
    },
    {
        "category": "pantry",
        "href": "https://www.woolworths.com.au/shop/productdetails/792784/sunsol-muesli-almond-cashew-macadamia-walnut",
        "imgName": "792784.jpg",
        "imgSrc": "https://cdn0.woolworths.media/content/wowproductimages/medium/792784.jpg",
        "name": "Sunsol Muesli Almond Cashew Macadamia Walnut 500g",
        "price": 6,
        "unitPrice": "$1.20 / 100G"
    },
    {
        "category": "pantry",
        "href": "https://www.woolworths.com.au/shop/productdetails/307476/passage-to-thailand-sauce-stir-fry-pad-thai",
        "imgName": "307476.jpg",
        "imgSrc": "https://cdn0.woolworths.media/content/wowproductimages/medium/307476.jpg",
        "name": "Passage To Thailand Sauce Stir Fry Pad Thai 200g",
        "price": 2.5,
        "unitPrice": "$1.25 / 100G"
    },
    {
        "category": "pantry",
        "href": "https://www.woolworths.com.au/shop/productdetails/698763/macro-organic-coconut-water",
        "imgName": "698763.jpg",
        "imgSrc": "https://cdn0.woolworths.media/content/wowproductimages/medium/698763.jpg",
        "name": "Macro Organic Coconut Water 330ml",
        "price": 2,
        "unitPrice": "$6.06 / 1L"
    },
    {
        "category": "pantry",
        "href": "https://www.woolworths.com.au/shop/productdetails/33893/bonox-beef-stock-paste-extract",
        "imgName": "033893.jpg",
        "imgSrc": "https://cdn0.woolworths.media/content/wowproductimages/medium/033893.jpg",
        "name": "Bonox Beef Stock Paste Extract 230g",
        "price": 5.5,
        "unitPrice": "$0.24 / 10G"
    },
    {
        "category": "pantry",
        "href": "https://www.woolworths.com.au/shop/productdetails/717628/willard-flings-south-african",
        "imgName": "717628.jpg",
        "imgSrc": "https://cdn0.woolworths.media/content/wowproductimages/medium/717628.jpg",
        "name": "Willard Flings South African  150g",
        "price": 4
    },
    {
        "category": "pantry",
        "href": "https://www.woolworths.com.au/shop/productdetails/255257/mckenzie-s-baking-aids-gelatine",
        "imgName": "255257.jpg",
        "imgSrc": "https://cdn0.woolworths.media/content/wowproductimages/medium/255257.jpg",
        "name": "Mckenzie\u2019s Baking Aids Gelatine 100g",
        "price": 3.7,
        "unitPrice": "$3.70 / 100G"
    },
    {
        "category": "pantry",
        "href": "https://www.woolworths.com.au/shop/productdetails/230952/healthy-baker-self-raising-flour-easy-store",
        "imgName": "230952.jpg",
        "imgSrc": "https://cdn0.woolworths.media/content/wowproductimages/medium/230952.jpg",
        "name": "Healthy Baker Self Raising Flour Easy Store 1kg",
        "price": 3,
        "unitPrice": "$3.00 / 1KG"
    },
    {
        "category": "pantry",
        "href": "https://www.woolworths.com.au/shop/productdetails/32465/oxo-beef-stock-cubes",
        "imgName": "032465.jpg",
        "imgSrc": "https://cdn0.woolworths.media/content/wowproductimages/medium/032465.jpg",
        "name": "Oxo Beef Stock Cubes 71g",
        "price": 2.2,
        "unitPrice": "$0.31 / 10G"
    },
    {
        "category": "pantry",
        "href": "https://www.woolworths.com.au/shop/productdetails/2863/golden-circle-pineapple-crushed-in-natural-juice",
        "imgName": "002863.jpg",
        "imgSrc": "https://cdn0.woolworths.media/content/wowproductimages/medium/002863.jpg",
        "name": "Golden Circle Pineapple Crushed In Natural Juice 440g",
        "price": 3.25,
        "unitPrice": "$7.39 / 1KG"
    },
    {
        "category": "pantry",
        "href": "https://www.woolworths.com.au/shop/productdetails/923385/nestle-milo-protein-clusters",
        "imgName": "923385.jpg",
        "imgSrc": "https://cdn0.woolworths.media/content/wowproductimages/medium/923385.jpg",
        "name": "Nestle Milo Protein Clusters 500g",
        "price": 5.99,
        "unitPrice": "$1.20 / 100G"
    },
    {
        "category": "pantry",
        "href": "https://www.woolworths.com.au/shop/productdetails/472257/buderim-enrobed-ginger-dark-chocolate",
        "imgName": "472257.jpg",
        "imgSrc": "https://cdn0.woolworths.media/content/wowproductimages/medium/472257.jpg",
        "name": "Buderim Enrobed Ginger Dark Chocolate 50g",
        "price": 2,
        "unitPrice": "$40.00 / 1KG"
    },
    {
        "category": "pantry",
        "href": "https://www.woolworths.com.au/shop/productdetails/90000728/bushells-blue-label-black-tea-180g-100pk-x2-bundle",
        "imgName": "90000728.jpg",
        "imgSrc": "https://cdn0.woolworths.media/content/wowproductimages/medium/90000728.jpg",
        "name": "Bushells Blue Label Black Tea 180g 100pk X2 Bundle",
        "price": 6,
        "unitPrice": "$1.67 / 100G"
    },
    {
        "category": "pantry",
        "href": "https://www.woolworths.com.au/shop/productdetails/90000735/continental-side-dish-creamy-pasta-flavours-x4-bundle",
        "imgName": "90000735.jpg",
        "imgSrc": "https://cdn0.woolworths.media/content/wowproductimages/medium/90000735.jpg",
        "name": "Continental Side Dish Creamy Pasta Flavours X4 Bundle",
        "price": 6
    },
    {
        "category": "pantry",
        "href": "https://www.woolworths.com.au/shop/productdetails/90000838/smiths-crinkle-salt-vinegar-60g-x-12-bundle",
        "imgName": "90000838.jpg",
        "imgSrc": "https://cdn0.woolworths.media/content/wowproductimages/medium/90000838.jpg",
        "name": "Smiths Crinkle Salt & Vinegar 60g X 12 Bundle",
        "price": 12,
        "unitPrice": "$1.67 / G"
    },
    {
        "category": "pantry",
        "href": "https://www.woolworths.com.au/shop/productdetails/94632/hoyts-cinnamon-dutch-ground",
        "imgName": "094632.jpg",
        "imgSrc": "https://cdn0.woolworths.media/content/wowproductimages/medium/094632.jpg",
        "name": "Hoyts Cinnamon Dutch Ground 25g",
        "price": 1.5,
        "unitPrice": "$0.60 / 10G"
    },
    {
        "category": "pantry",
        "href": "https://www.woolworths.com.au/shop/productdetails/35858/wilds-marinade-ezy-sauce-recipe-mix",
        "imgName": "035858.jpg",
        "imgSrc": "https://cdn0.woolworths.media/content/wowproductimages/medium/035858.jpg",
        "name": "Wilds Marinade Ezy Sauce Recipe Mix 375ml",
        "price": 4.15,
        "unitPrice": "$1.11 / 100ML"
    },
    {
        "category": "pantry",
        "href": "https://www.woolworths.com.au/shop/productdetails/445815/just-foods-crushed-ginger-organic",
        "imgName": "445815.jpg",
        "imgSrc": "https://cdn0.woolworths.media/content/wowproductimages/medium/445815.jpg",
        "name": "Just Foods Crushed Ginger Organic 185g",
        "price": 2.99,
        "unitPrice": "$0.16 / 10G"
    },
    {
        "category": "pantry",
        "href": "https://www.woolworths.com.au/shop/productdetails/47302/mrs-balls-chutney-peach",
        "imgName": "047302.jpg",
        "imgSrc": "https://cdn0.woolworths.media/content/wowproductimages/medium/047302.jpg",
        "name": "Mrs. Balls Chutney Peach 470g",
        "price": 4,
        "unitPrice": "$8.51 / 1KG"
    },
    {
        "category": "pantry",
        "href": "https://www.woolworths.com.au/shop/productdetails/57056/hoyts-paprika-sweet",
        "imgName": "057056.jpg",
        "imgSrc": "https://cdn0.woolworths.media/content/wowproductimages/medium/057056.jpg",
        "name": "Hoyts Paprika Sweet 190g",
        "price": 3.8,
        "unitPrice": "$0.20 / 10G"
    },
    {
        "category": "pantry",
        "href": "https://www.woolworths.com.au/shop/productdetails/481200/obento-marinade-teriyaki",
        "imgName": "481200.jpg",
        "imgSrc": "https://cdn0.woolworths.media/content/wowproductimages/medium/481200.jpg",
        "name": "Obento Marinade Teriyaki 250ml",
        "price": 3,
        "unitPrice": "$1.20 / 100ML"
    },
    {
        "category": "pantry",
        "href": "https://www.woolworths.com.au/shop/productdetails/572734/la-zuppa-just-add-water-minestrone",
        "imgName": "572734.jpg",
        "imgSrc": "https://cdn0.woolworths.media/content/wowproductimages/medium/572734.jpg",
        "name": "La Zuppa Just Add Water Minestrone 100g",
        "price": 1.6,
        "unitPrice": "$1.60 / 100G"
    },
    {
        "category": "pantry",
        "href": "https://www.woolworths.com.au/shop/productdetails/206535/obento-japanese-sushi-kit",
        "imgName": "206535.jpg",
        "imgSrc": "https://cdn0.woolworths.media/content/wowproductimages/medium/206535.jpg",
        "name": "Obento Japanese Sushi Kit 540g",
        "price": 11.6,
        "unitPrice": "$2.15 / 100G"
    },
    {
        "category": "pantry",
        "href": "https://www.woolworths.com.au/shop/productdetails/233922/woolworths-smooth-peanut-butter",
        "imgName": "233922.jpg",
        "imgSrc": "https://cdn0.woolworths.media/content/wowproductimages/medium/233922.jpg",
        "name": "Woolworths Smooth Peanut Butter 500g",
        "price": 4,
        "unitPrice": "$0.80 / 100G"
    },
    {
        "category": "pantry",
        "href": "https://www.woolworths.com.au/shop/productdetails/251009/woolworths-dill",
        "imgName": "251009.jpg",
        "imgSrc": "https://cdn0.woolworths.media/content/wowproductimages/medium/251009.jpg",
        "name": "Woolworths Dill  10g",
        "price": 2,
        "unitPrice": "$2.00 / 10G"
    },
    {
        "category": "pantry",
        "href": "https://www.woolworths.com.au/shop/productdetails/471339/dole-fruit-jelly-fruit-mix",
        "imgName": "471339.jpg",
        "imgSrc": "https://cdn0.woolworths.media/content/wowproductimages/medium/471339.jpg",
        "name": "Dole Fruit & Jelly Fruit Mix 2x123g",
        "price": 1.5,
        "unitPrice": "$6.10 / 1KG"
    },
    {
        "category": "pantry",
        "href": "https://www.woolworths.com.au/shop/productdetails/223725/maharajas-choice-ingredients-ghee-pure",
        "imgName": "223725.jpg",
        "imgSrc": "https://cdn0.woolworths.media/content/wowproductimages/medium/223725.jpg",
        "name": "Maharajas Choice Ingredients Ghee Pure 300ml",
        "price": 5.75,
        "unitPrice": "$1.92 / 100ML"
    },
    {
        "category": "pantry",
        "href": "https://www.woolworths.com.au/shop/productdetails/497090/sanitarium-weet-bix-go-breakfast-biscuits-banana-honey",
        "imgName": "497090.jpg",
        "imgSrc": "https://cdn0.woolworths.media/content/wowproductimages/medium/497090.jpg",
        "name": "Sanitarium Weet-bix Go Breakfast Biscuits Banana Honey 250g",
        "price": 4.49,
        "unitPrice": "$1.80 / 100G"
    },
    {
        "category": "pantry",
        "href": "https://www.woolworths.com.au/shop/productdetails/245580/campbell-s-chunky-canned-soup-potato-bacon",
        "imgName": "245580.jpg",
        "imgSrc": "https://cdn0.woolworths.media/content/wowproductimages/medium/245580.jpg",
        "name": "Campbell's Chunky Canned Soup Potato & Bacon 505g",
        "price": 3.29,
        "unitPrice": "$0.65 / 100G"
    },
    {
        "category": "pantry",
        "href": "https://www.woolworths.com.au/shop/productdetails/371816/masterfoods-dried-spices-harissa-middle-eastern-blend",
        "imgName": "371816.jpg",
        "imgSrc": "https://cdn0.woolworths.media/content/wowproductimages/medium/371816.jpg",
        "name": "Masterfoods Dried Spices Harissa Middle Eastern Blend 37g",
        "price": 3.4,
        "unitPrice": "$0.92 / 10G"
    },
    {
        "category": "pantry",
        "href": "https://www.woolworths.com.au/shop/productdetails/378737/go-natural-bars-macadamia-dream",
        "imgName": "378737.jpg",
        "imgSrc": "https://cdn0.woolworths.media/content/wowproductimages/medium/378737.jpg",
        "name": "Go Natural Bars Macadamia Dream 50g",
        "price": 2.6,
        "unitPrice": "$5.20 / 100G"
    },
    {
        "category": "pantry",
        "href": "https://www.woolworths.com.au/shop/productdetails/256880/woolworths-select-vinegar-red-wine",
        "imgName": "256880.jpg",
        "imgSrc": "https://cdn0.woolworths.media/content/wowproductimages/medium/256880.jpg",
        "name": "Woolworths Select Vinegar Red Wine 500ml",
        "price": 3,
        "unitPrice": "$0.60 / 100ML"
    },
    {
        "category": "pantry",
        "href": "https://www.woolworths.com.au/shop/productdetails/370576/passage-to-india-simmer-sauce-mango-chicken",
        "imgName": "370576.jpg",
        "imgSrc": "https://cdn0.woolworths.media/content/wowproductimages/medium/370576.jpg",
        "name": "Passage To India Simmer Sauce Mango Chicken 375g",
        "price": 4.3,
        "unitPrice": "$1.15 / 100G"
    },
    {
        "category": "pantry",
        "href": "https://www.woolworths.com.au/shop/productdetails/802008/capilano-australian-honey-twist-squeeze",
        "imgName": "802008.jpg",
        "imgSrc": "https://cdn0.woolworths.media/content/wowproductimages/medium/802008.jpg",
        "name": "Capilano Australian Honey Twist & Squeeze 220g",
        "price": 4,
        "unitPrice": "$1.82 / 100G"
    },
    {
        "category": "pantry",
        "href": "https://www.woolworths.com.au/shop/productdetails/799388/woolworths-select-four-cheeses-pasta",
        "imgName": "799388.jpg",
        "imgSrc": "https://cdn0.woolworths.media/content/wowproductimages/medium/799388.jpg",
        "name": "Woolworths Select Four Cheeses Pasta 125g",
        "price": 1,
        "unitPrice": "$0.80 / 100G"
    },
    {
        "category": "pantry",
        "href": "https://www.woolworths.com.au/shop/productdetails/23030/masterfoods-seasoning-spaghetti-bolognese",
        "imgName": "023030.jpg",
        "imgSrc": "https://cdn0.woolworths.media/content/wowproductimages/medium/023030.jpg",
        "name": "Masterfoods Seasoning Spaghetti Bolognese 40g",
        "price": 6,
        "unitPrice": "$1.50 / 10G"
    },
    {
        "category": "pantry",
        "href": "https://www.woolworths.com.au/shop/productdetails/35389/masterfoods-onion-powder",
        "imgName": "035389.jpg",
        "imgSrc": "https://cdn0.woolworths.media/content/wowproductimages/medium/035389.jpg",
        "name": "Masterfoods Onion Powder 40g",
        "price": 2.95,
        "unitPrice": "$0.74 / 10G"
    },
    {
        "category": "pantry",
        "href": "https://www.woolworths.com.au/shop/productdetails/199689/dilmah-extra-strength-tea-bags",
        "imgName": "199689.jpg",
        "imgSrc": "https://cdn0.woolworths.media/content/wowproductimages/medium/199689.jpg",
        "name": "Dilmah Extra Strength Tea Bags 50pk 120g",
        "price": 3.2,
        "unitPrice": "$2.67 / 100G"
    },
    {
        "category": "pantry",
        "href": "https://www.woolworths.com.au/shop/productdetails/314409/homebrand-breakfast-marmalade",
        "imgName": "314409.jpg",
        "imgSrc": "https://cdn0.woolworths.media/content/wowproductimages/medium/314409.jpg",
        "name": "Homebrand Breakfast Marmalade 500g",
        "price": 1.4,
        "unitPrice": "$0.28 / 100G"
    },
    {
        "category": "pantry",
        "href": "https://www.woolworths.com.au/shop/productdetails/847102/woolworths-essentials-peanut-butter-crunchy",
        "imgName": "847102.jpg",
        "imgSrc": "https://cdn0.woolworths.media/content/wowproductimages/medium/847102.jpg",
        "name": "Woolworths Essentials Peanut Butter Crunchy 500g",
        "price": 2.4,
        "unitPrice": "$0.48 / 100G"
    },
    {
        "category": "pantry",
        "href": "https://www.woolworths.com.au/shop/productdetails/30015/clive-of-india-curry-powder",
        "imgName": "030015.jpg",
        "imgSrc": "https://cdn0.woolworths.media/content/wowproductimages/medium/030015.jpg",
        "name": "Clive Of India Curry Powder  100g",
        "price": 3.5,
        "unitPrice": "$0.35 / 10G"
    },
    {
        "category": "pantry",
        "href": "https://www.woolworths.com.au/shop/productdetails/335572/multix-patty-pans-cup-cake-cases-printed-plain",
        "imgName": "335572.jpg",
        "imgSrc": "https://cdn0.woolworths.media/content/wowproductimages/medium/335572.jpg",
        "name": "Multix Patty Pans Cup Cake Cases Printed & Plain 100pk",
        "price": 3,
        "unitPrice": "$3.00 / 100EA"
    },
    {
        "category": "pantry",
        "href": "https://www.woolworths.com.au/shop/productdetails/551910/lavazza-armonico-espresso-coffee-capsules",
        "imgName": "551910.jpg",
        "imgSrc": "https://cdn0.woolworths.media/content/wowproductimages/medium/551910.jpg",
        "name": "Lavazza Armonico Espresso Coffee Capsules 10pk",
        "price": 7,
        "unitPrice": "$0.70 / 1EA"
    },
    {
        "category": "pantry",
        "href": "https://www.woolworths.com.au/shop/productdetails/24333/six-fortune-snacks-rice-crackers",
        "imgName": "024333.jpg",
        "imgSrc": "https://cdn0.woolworths.media/content/wowproductimages/medium/024333.jpg",
        "name": "Six Fortune Snacks Rice Crackers 112g",
        "price": 3.6,
        "unitPrice": "$3.21 / 100G"
    },
    {
        "category": "pantry",
        "href": "https://www.woolworths.com.au/shop/productdetails/948512/hersheys-strawberry-syrup",
        "imgName": "948512.jpg",
        "imgSrc": "https://cdn0.woolworths.media/content/wowproductimages/medium/948512.jpg",
        "name": "Hersheys Strawberry Syrup  623g",
        "price": 5,
        "unitPrice": "$0.80 / 100G"
    },
    {
        "category": "pantry",
        "href": "https://www.woolworths.com.au/shop/productdetails/931854/macro-muesli-maple-almond",
        "imgName": "931854.jpg",
        "imgSrc": "https://cdn0.woolworths.media/content/wowproductimages/medium/931854.jpg",
        "name": "Macro Muesli Maple Almond 750g",
        "price": 7,
        "unitPrice": "$0.93 / 100G"
    },
    {
        "category": "pantry",
        "href": "https://www.woolworths.com.au/shop/productdetails/36126/paradise-fancies-sweet-jam",
        "imgName": "036126.jpg",
        "imgSrc": "https://cdn0.woolworths.media/content/wowproductimages/medium/036126.jpg",
        "name": "Paradise Fancies Sweet Jam 250g",
        "price": 2.85,
        "unitPrice": "$1.14 / 100G"
    },
    {
        "category": "pantry",
        "href": "https://www.woolworths.com.au/shop/productdetails/254169/uncle-tobys-muesli-bars-chewy-white-choc-chip",
        "imgName": "254169.jpg",
        "imgSrc": "https://cdn0.woolworths.media/content/wowproductimages/medium/254169.jpg",
        "name": "Uncle Tobys Muesli Bars Chewy White Choc Chip 6pk 185g",
        "price": 4,
        "unitPrice": "$2.16 / 100G"
    },
    {
        "category": "pantry",
        "href": "https://www.woolworths.com.au/shop/productdetails/90000860/uncle-tobys-chewy-white-choc-chip-185g-x-2-bundle",
        "imgName": "90000860.jpg",
        "imgSrc": "https://cdn0.woolworths.media/content/wowproductimages/medium/90000860.jpg",
        "name": "Uncle Tobys Chewy White Choc Chip 185g X 2 Bundle",
        "price": 10,
        "unitPrice": "$2.86 / G"
    },
    {
        "category": "pantry",
        "href": "https://www.woolworths.com.au/shop/productdetails/90000638/sunrice-microwave-jasmine-rice-250g-x6-bundle",
        "imgName": "90000638.jpg",
        "imgSrc": "https://cdn0.woolworths.media/content/wowproductimages/medium/90000638.jpg",
        "name": "Sunrice Microwave Jasmine Rice 250g X6 Bundle",
        "price": 11,
        "unitPrice": "$0.73 / 100G"
    },
    {
        "category": "pantry",
        "href": "https://www.woolworths.com.au/shop/productdetails/90000736/continental-cup-a-soup-creamy-chicken-flavours-60g-x8-bundle",
        "imgName": "90000736.jpg",
        "imgSrc": "https://cdn0.woolworths.media/content/wowproductimages/medium/90000736.jpg",
        "name": "Continental Cup A Soup Creamy Chicken Flavours 60g X8 Bundle",
        "price": 10
    },
    {
        "category": "pantry",
        "href": "https://www.woolworths.com.au/shop/productdetails/90000829/poppin-microwave-popcorn-triple-butter-flavour100g-x-3-bundle",
        "imgName": "90000829.jpg",
        "imgSrc": "https://cdn0.woolworths.media/content/wowproductimages/medium/90000829.jpg",
        "name": "Poppin Microwave Popcorn Triple Butter Flavour100g X 3 Bundle",
        "price": 3,
        "unitPrice": "$1.00 / G"
    },
    {
        "category": "pantry",
        "href": "https://www.woolworths.com.au/shop/productdetails/263796/vege-chips-salt-vinegar",
        "imgName": "263796.jpg",
        "imgSrc": "https://cdn0.woolworths.media/content/wowproductimages/medium/263796.jpg",
        "name": "Vege Chips Salt & Vinegar 100g",
        "price": 3.39,
        "unitPrice": "$3.39 / 100G"
    },
    {
        "category": "pantry",
        "href": "https://www.woolworths.com.au/shop/productdetails/248362/sunrice-rice-cakes-sea-salt-balsamic-vinegar",
        "imgName": "248362.jpg",
        "imgSrc": "https://cdn0.woolworths.media/content/wowproductimages/medium/248362.jpg",
        "name": "Sunrice Rice Cakes Sea Salt & Balsamic Vinegar 195g",
        "price": 2.7,
        "unitPrice": "$1.38 / 100G"
    },
    {
        "category": "pantry",
        "href": "https://www.woolworths.com.au/shop/productdetails/723948/nestle-plaistowe-cocoa-premium",
        "imgName": "723948.jpg",
        "imgSrc": "https://cdn0.woolworths.media/content/wowproductimages/medium/723948.jpg",
        "name": "Nestle Plaistowe Cocoa Premium 180g",
        "price": 6,
        "unitPrice": "$3.33 / 100G"
    },
    {
        "category": "pantry",
        "href": "https://www.woolworths.com.au/shop/productdetails/98778/old-el-paso-mexican-burrito-spice-mix",
        "imgName": "098778.jpg",
        "imgSrc": "https://cdn0.woolworths.media/content/wowproductimages/medium/098778.jpg",
        "name": "Old El Paso Mexican Burrito Spice Mix 40g",
        "price": 2,
        "unitPrice": "$5.00 / 100G"
    },
    {
        "category": "pantry",
        "href": "https://www.woolworths.com.au/shop/productdetails/222325/sharwoods-simmer-sauce-butter-chicken",
        "imgName": "222325.jpg",
        "imgSrc": "https://cdn0.woolworths.media/content/wowproductimages/medium/222325.jpg",
        "name": "Sharwoods Simmer Sauce Butter Chicken 420g",
        "price": 4,
        "unitPrice": "$0.95 / 100G"
    },
    {
        "category": "pantry",
        "href": "https://www.woolworths.com.au/shop/productdetails/476618/i-quit-sugar-cookie-mix-cacao-coco",
        "imgName": "476618.jpg",
        "imgSrc": "https://cdn0.woolworths.media/content/wowproductimages/medium/476618.jpg",
        "name": "I Quit Sugar Cookie Mix Cacao & Coco 300g",
        "price": 7.99,
        "unitPrice": "$2.66 / 100G"
    },
    {
        "category": "pantry",
        "href": "https://www.woolworths.com.au/shop/productdetails/931802/macro-aussie-muesli",
        "imgName": "931802.jpg",
        "imgSrc": "https://cdn0.woolworths.media/content/wowproductimages/medium/931802.jpg",
        "name": "Macro Aussie Muesli  750g",
        "price": 6.99,
        "unitPrice": "$0.93 / 100G"
    },
    {
        "category": "pantry",
        "href": "https://www.woolworths.com.au/shop/productdetails/705037/carman-s-dark-choc-blueberry-superfood-bars",
        "imgName": "705037.jpg",
        "imgSrc": "https://cdn0.woolworths.media/content/wowproductimages/medium/705037.jpg",
        "name": "Carman's Dark Choc Blueberry Superfood Bars 6pk 210g",
        "price": 5.6,
        "unitPrice": "$2.67 / 100G"
    },
    {
        "category": "pantry",
        "href": "https://www.woolworths.com.au/shop/productdetails/318949/passage-to-india-simmer-sauce-curry-balti",
        "imgName": "318949.jpg",
        "imgSrc": "https://cdn0.woolworths.media/content/wowproductimages/medium/318949.jpg",
        "name": "Passage To India Simmer Sauce Curry Balti 375g",
        "price": 4.3,
        "unitPrice": "$1.15 / 100G"
    },
    {
        "category": "pantry",
        "href": "https://www.woolworths.com.au/shop/productdetails/780363/uncle-tobys-quick-oats-sachets-berry-variety",
        "imgName": "780363.jpg",
        "imgSrc": "https://cdn0.woolworths.media/content/wowproductimages/medium/780363.jpg",
        "name": "Uncle Tobys Quick Oats Sachets Berry Variety 12pk 420g",
        "price": 5.5,
        "unitPrice": "$1.31 / 100G"
    },
    {
        "category": "pantry",
        "href": "https://www.woolworths.com.au/shop/productdetails/798251/guzzi-pasta-fettuccine",
        "imgName": "798251.jpg",
        "imgSrc": "https://cdn0.woolworths.media/content/wowproductimages/medium/798251.jpg",
        "name": "Guzzi Pasta Fettuccine  375g",
        "price": 4.5,
        "unitPrice": "$1.20 / 100G"
    },
    {
        "category": "pantry",
        "href": "https://www.woolworths.com.au/shop/productdetails/895992/mazzetti-apple-cider-vinegar-with-mother",
        "imgName": "895992.jpg",
        "imgSrc": "https://cdn0.woolworths.media/content/wowproductimages/medium/895992.jpg",
        "name": "Mazzetti Apple Cider Vinegar With Mother 500ml",
        "price": 5.15,
        "unitPrice": "$1.03 / 100ML"
    },
    {
        "category": "pantry",
        "href": "https://www.woolworths.com.au/shop/productdetails/828451/continental-cup-a-soup-pepper-steak-mushroom-with-croutons",
        "imgName": "828451.jpg",
        "imgSrc": "https://cdn0.woolworths.media/content/wowproductimages/medium/828451.jpg",
        "name": "Continental Cup A Soup Pepper Steak & Mushroom With Croutons 52g",
        "price": 2,
        "unitPrice": "$3.85 / 100G"
    },
    {
        "category": "pantry",
        "href": "https://www.woolworths.com.au/shop/productdetails/829549/twinings-extra-strong-english-breakfast-tea-bags",
        "imgName": "829549.jpg",
        "imgSrc": "https://cdn0.woolworths.media/content/wowproductimages/medium/829549.jpg",
        "name": "Twinings Extra Strong English Breakfast Tea Bags 10pk",
        "price": 2.7,
        "unitPrice": "$0.27 / 1EA"
    },
    {
        "category": "pantry",
        "href": "https://www.woolworths.com.au/shop/productdetails/35781/campbells-canned-soup-vegetable-beef",
        "imgName": "035781.jpg",
        "imgSrc": "https://cdn0.woolworths.media/content/wowproductimages/medium/035781.jpg",
        "name": "Campbells Canned Soup Vegetable & Beef 420g",
        "price": 1.86,
        "unitPrice": "$0.44 / 100G"
    },
    {
        "category": "pantry",
        "href": "https://www.woolworths.com.au/shop/productdetails/53371/hoyts-vanilla-beans",
        "imgName": "053371.jpg",
        "imgSrc": "https://cdn0.woolworths.media/content/wowproductimages/medium/053371.jpg",
        "name": "Hoyts Vanilla Beans 1pk",
        "price": 6.3
    },
    {
        "category": "pantry",
        "href": "https://www.woolworths.com.au/shop/productdetails/82126/valcom-paste-thai-red-curry",
        "imgName": "082126.jpg",
        "imgSrc": "https://cdn0.woolworths.media/content/wowproductimages/medium/082126.jpg",
        "name": "Valcom Paste Thai Red Curry 210g",
        "price": 4,
        "unitPrice": "$1.90 / 100G"
    },
    {
        "category": "pantry",
        "href": "https://www.woolworths.com.au/shop/productdetails/70288/hoyts-garlic-granules",
        "imgName": "070288.jpg",
        "imgSrc": "https://cdn0.woolworths.media/content/wowproductimages/medium/070288.jpg",
        "name": "Hoyts Garlic Granules 40g",
        "price": 1.8,
        "unitPrice": "$0.45 / 10G"
    },
    {
        "category": "pantry",
        "href": "https://www.woolworths.com.au/shop/productdetails/186117/passage-to-india-simmer-sauce-rogan-josh",
        "imgName": "186117.jpg",
        "imgSrc": "https://cdn0.woolworths.media/content/wowproductimages/medium/186117.jpg",
        "name": "Passage To India Simmer Sauce Rogan Josh 375g",
        "price": 4.3,
        "unitPrice": "$1.15 / 100G"
    },
    {
        "category": "pantry",
        "href": "https://www.woolworths.com.au/shop/productdetails/315578/barilla-pasta-sauce-bolognaise",
        "imgName": "315578.jpg",
        "imgSrc": "https://cdn0.woolworths.media/content/wowproductimages/medium/315578.jpg",
        "name": "Barilla Pasta Sauce Bolognaise 400g",
        "price": 3.75,
        "unitPrice": "$0.94 / 100G"
    },
    {
        "category": "pantry",
        "href": "https://www.woolworths.com.au/shop/productdetails/329004/john-west-tuna-beans-capsicum-corn-chilli",
        "imgName": "329004.jpg",
        "imgSrc": "https://cdn0.woolworths.media/content/wowproductimages/medium/329004.jpg",
        "name": "John West Tuna Beans Capsicum Corn & Chilli 185g",
        "price": 3.6,
        "unitPrice": "$19.46 / 1KG"
    },
    {
        "category": "pantry",
        "href": "https://www.woolworths.com.au/shop/productdetails/345113/obento-japanese-noodles-ramen",
        "imgName": "345113.jpg",
        "imgSrc": "https://cdn0.woolworths.media/content/wowproductimages/medium/345113.jpg",
        "name": "Obento Japanese Noodles Ramen 150g",
        "price": 1.4,
        "unitPrice": "$0.93 / 100G"
    },
    {
        "category": "pantry",
        "href": "https://www.woolworths.com.au/shop/productdetails/700564/mother-earth-oaty-slice-almond-grain",
        "imgName": "700564.jpg",
        "imgSrc": "https://cdn0.woolworths.media/content/wowproductimages/medium/700564.jpg",
        "name": "Mother Earth Oaty Slice Almond Grain 240g",
        "price": 4,
        "unitPrice": "$1.67 / 100G"
    },
    {
        "category": "pantry",
        "href": "https://www.woolworths.com.au/shop/productdetails/703559/passage-to-indonesia-sauce-chicken-satay",
        "imgName": "703559.jpg",
        "imgSrc": "https://cdn0.woolworths.media/content/wowproductimages/medium/703559.jpg",
        "name": "Passage To Indonesia Sauce Chicken Satay 200g",
        "price": 2.5,
        "unitPrice": "$1.25 / 100G"
    },
    {
        "category": "pantry",
        "href": "https://www.woolworths.com.au/shop/productdetails/782031/melrose-coconut-oil",
        "imgName": "782031.jpg",
        "imgSrc": "https://cdn0.woolworths.media/content/wowproductimages/medium/782031.jpg",
        "name": "Melrose Coconut Oil  300g",
        "price": 8,
        "unitPrice": "$2.67 / 100G"
    },
    {
        "category": "pantry",
        "href": "https://www.woolworths.com.au/shop/productdetails/256909/san-remo-cous-cous",
        "imgName": "256909.jpg",
        "imgSrc": "https://cdn0.woolworths.media/content/wowproductimages/medium/256909.jpg",
        "name": "San Remo Cous Cous  1kg",
        "price": 5.2,
        "unitPrice": "$0.52 / 100G"
    },
    {
        "category": "pantry",
        "href": "https://www.woolworths.com.au/shop/productdetails/181193/kez-s-kitchen-baked-mini-moments",
        "imgName": "181193.jpg",
        "imgSrc": "https://cdn0.woolworths.media/content/wowproductimages/medium/181193.jpg",
        "name": "Kez's Kitchen Baked Mini Moments  190g",
        "price": 5,
        "unitPrice": "$2.63 / 100G"
    },
    {
        "category": "pantry",
        "href": "https://www.woolworths.com.au/shop/productdetails/186118/passage-to-india-simmer-sauce-vindaloo-hot",
        "imgName": "186118.jpg",
        "imgSrc": "https://cdn0.woolworths.media/content/wowproductimages/medium/186118.jpg",
        "name": "Passage To India Simmer Sauce Vindaloo Hot 375g",
        "price": 4.3,
        "unitPrice": "$1.15 / 100G"
    },
    {
        "category": "pantry",
        "href": "https://www.woolworths.com.au/shop/productdetails/433427/continental-cup-a-soup-homestyle-chicken",
        "imgName": "433427.jpg",
        "imgSrc": "https://cdn0.woolworths.media/content/wowproductimages/medium/433427.jpg",
        "name": "Continental Cup A Soup Homestyle Chicken 40g",
        "price": 2,
        "unitPrice": "$5.00 / 100G"
    },
    {
        "category": "pantry",
        "href": "https://www.woolworths.com.au/shop/productdetails/583399/wriggley-s-extra-strawberry-gum-bottle",
        "imgName": "583399.jpg",
        "imgSrc": "https://cdn0.woolworths.media/content/wowproductimages/medium/583399.jpg",
        "name": "Wriggley's Extra Strawberry Gum Bottle 64g",
        "price": 4,
        "unitPrice": "$6.25 / 100G"
    },
    {
        "category": "pantry",
        "href": "https://www.woolworths.com.au/shop/productdetails/479088/cafe-royal-coffee-capsules-doppio-espresso",
        "imgName": "479088.jpg",
        "imgSrc": "https://cdn0.woolworths.media/content/wowproductimages/medium/479088.jpg",
        "name": "Cafe Royal Coffee Capsules Doppio Espresso 6pk",
        "price": 6.5,
        "unitPrice": "$1.08 / 1EA"
    },
    {
        "category": "pantry",
        "href": "https://www.woolworths.com.au/shop/productdetails/789336/ayam-coconut-water",
        "imgName": "789336.jpg",
        "imgSrc": "https://cdn0.woolworths.media/content/wowproductimages/medium/789336.jpg",
        "name": "Ayam Coconut Water 330ml",
        "price": 1.65,
        "unitPrice": "$5.00 / 1L"
    },
    {
        "category": "pantry",
        "href": "https://www.woolworths.com.au/shop/productdetails/195754/golden-days-bars-snaps-sesame-mini",
        "imgName": "195754.jpg",
        "imgSrc": "https://cdn0.woolworths.media/content/wowproductimages/medium/195754.jpg",
        "name": "Golden Days Bars Snaps Sesame Mini 200g",
        "price": 4.88,
        "unitPrice": "$2.44 / 100G"
    },
    {
        "category": "pantry",
        "href": "https://www.woolworths.com.au/shop/productdetails/796726/don-antonio-napoletana-sauce",
        "imgName": "796726.jpg",
        "imgSrc": "https://cdn0.woolworths.media/content/wowproductimages/medium/796726.jpg",
        "name": "Don Antonio Napoletana Sauce  500ml",
        "price": 5.99,
        "unitPrice": "$1.20 / 100ML"
    },
    {
        "category": "pantry",
        "href": "https://www.woolworths.com.au/shop/productdetails/70728/old-el-paso-medium-salsa-thick-chunky",
        "imgName": "070728.jpg",
        "imgSrc": "https://cdn0.woolworths.media/content/wowproductimages/medium/070728.jpg",
        "name": "Old El Paso Medium Salsa Thick & Chunky 375g",
        "price": 4.45,
        "unitPrice": "$1.19 / 100G"
    },
    {
        "category": "pantry",
        "href": "https://www.woolworths.com.au/shop/productdetails/113797/real-foods-corn-thins-sesame",
        "imgName": "113797.jpg",
        "imgSrc": "https://cdn0.woolworths.media/content/wowproductimages/medium/113797.jpg",
        "name": "Real Foods Corn Thins Sesame 150g",
        "price": 2,
        "unitPrice": "$1.33 / 100G"
    },
    {
        "category": "pantry",
        "href": "https://www.woolworths.com.au/shop/productdetails/187333/old-el-paso-refried-beans",
        "imgName": "187333.jpg",
        "imgSrc": "https://cdn0.woolworths.media/content/wowproductimages/medium/187333.jpg",
        "name": "Old El Paso Refried Beans  435g",
        "price": 3,
        "unitPrice": "$0.69 / 100G"
    },
    {
        "category": "pantry",
        "href": "https://www.woolworths.com.au/shop/productdetails/314407/homebrand-strawberry-jam",
        "imgName": "314407.jpg",
        "imgSrc": "https://cdn0.woolworths.media/content/wowproductimages/medium/314407.jpg",
        "name": "Homebrand Strawberry Jam 500g",
        "price": 1.4,
        "unitPrice": "$0.28 / 100G"
    },
    {
        "category": "pantry",
        "href": "https://www.woolworths.com.au/shop/productdetails/511955/old-el-paso-mini-taco-shell-shell",
        "imgName": "511955.jpg",
        "imgSrc": "https://cdn0.woolworths.media/content/wowproductimages/medium/511955.jpg",
        "name": "Old El Paso Mini Taco Shell Shell 12pk 120g",
        "price": 4.3,
        "unitPrice": "$3.58 / 100G"
    },
    {
        "category": "pantry",
        "href": "https://www.woolworths.com.au/shop/productdetails/528154/galaxy-minstrels",
        "imgName": "528154.jpg",
        "imgSrc": "https://cdn0.woolworths.media/content/wowproductimages/medium/528154.jpg",
        "name": "Galaxy Minstrels  130g",
        "price": 5.2,
        "unitPrice": "$4.00 / 100G"
    },
    {
        "category": "pantry",
        "href": "https://www.woolworths.com.au/shop/productdetails/34392/continental-simmer-soup-dutch-curry-rice",
        "imgName": "034392.jpg",
        "imgSrc": "https://cdn0.woolworths.media/content/wowproductimages/medium/034392.jpg",
        "name": "Continental Simmer Soup Dutch Curry & Rice 70g",
        "price": 1.4,
        "special": 1,
        "unitPrice": "$1.43 / 100G"
    },
    {
        "category": "pantry",
        "href": "https://www.woolworths.com.au/shop/productdetails/248802/homebrand-crispbread-cheese-french-onion-dip",
        "imgName": "248802.jpg",
        "imgSrc": "https://cdn0.woolworths.media/content/wowproductimages/medium/248802.jpg",
        "name": "Homebrand Crispbread & Cheese French Onion Dip 12pk 300g",
        "price": 4,
        "unitPrice": "$1.33 / 100G"
    },
    {
        "category": "pantry",
        "href": "https://www.woolworths.com.au/shop/productdetails/302155/sirena-tuna-with-beans",
        "imgName": "302155.jpg",
        "imgSrc": "https://cdn0.woolworths.media/content/wowproductimages/medium/302155.jpg",
        "name": "Sirena Tuna With Beans 185g",
        "price": 4,
        "unitPrice": "$21.62 / 1KG"
    },
    {
        "category": "pantry",
        "href": "https://www.woolworths.com.au/shop/productdetails/185443/colonial-lamb-corned-mutton-halal",
        "imgName": "185443.jpg",
        "imgSrc": "https://cdn0.woolworths.media/content/wowproductimages/medium/185443.jpg",
        "name": "Colonial Lamb Corned Mutton Halal 340g",
        "price": 5.7,
        "unitPrice": "$16.76 / 1KG"
    },
    {
        "category": "pantry",
        "href": "https://www.woolworths.com.au/shop/productdetails/757970/woolworths-mango-slices-in-syrup",
        "imgName": "757970.jpg",
        "imgSrc": "https://cdn0.woolworths.media/content/wowproductimages/medium/757970.jpg",
        "name": "Woolworths Mango Slices In Syrup 425g",
        "price": 1.55,
        "unitPrice": "$3.65 / 1KG"
    },
    {
        "category": "pantry",
        "href": "https://www.woolworths.com.au/shop/productdetails/34517/reese-s-peanut-butter-cup-milk-chocolate",
        "imgName": "034517.jpg",
        "imgSrc": "https://cdn0.woolworths.media/content/wowproductimages/medium/034517.jpg",
        "name": "Reese's Peanut Butter Cup Milk Chocolate 42g bar",
        "price": 1.7,
        "unitPrice": "$4.05 / 100G"
    },
    {
        "category": "pantry",
        "href": "https://www.woolworths.com.au/shop/productdetails/4412/beerenberg-chutney-tomato-hot",
        "imgName": "004412.jpg",
        "imgSrc": "https://cdn0.woolworths.media/content/wowproductimages/medium/004412.jpg",
        "name": "Beerenberg Chutney Tomato Hot 260g",
        "price": 5.4,
        "unitPrice": "$20.77 / 1KG"
    },
    {
        "category": "pantry",
        "href": "https://www.woolworths.com.au/shop/productdetails/3158/cadbury-dairy-milk-chocolate",
        "imgName": "003158.jpg",
        "imgSrc": "https://cdn0.woolworths.media/content/wowproductimages/medium/003158.jpg",
        "name": "Cadbury Dairy Milk Chocolate  55g roll",
        "price": 2,
        "unitPrice": "$3.64 / 100G"
    },
    {
        "category": "pantry",
        "href": "https://www.woolworths.com.au/shop/productdetails/16485/vittoria-coffee-decaffeinated-ground-coffee-espresso-deccaffeinated",
        "imgName": "016485.jpg",
        "imgSrc": "https://cdn0.woolworths.media/content/wowproductimages/medium/016485.jpg",
        "name": "Vittoria Coffee Decaffeinated Ground Coffee Espresso Deccaffeinated 200g",
        "price": 10,
        "unitPrice": "$5.00 / 100G"
    },
    {
        "category": "pantry",
        "href": "https://www.woolworths.com.au/shop/productdetails/32924/continental-cup-a-soup-chicken-with-lots-of-noodles",
        "imgName": "032924.jpg",
        "imgSrc": "https://cdn0.woolworths.media/content/wowproductimages/medium/032924.jpg",
        "name": "Continental Cup A Soup Chicken With Lots Of Noodles 2pk 60g",
        "price": 2,
        "unitPrice": "$3.33 / 100G"
    },
    {
        "category": "pantry",
        "href": "https://www.woolworths.com.au/shop/productdetails/12326/mitani-chicken-salt",
        "imgName": "012326.jpg",
        "imgSrc": "https://cdn0.woolworths.media/content/wowproductimages/medium/012326.jpg",
        "name": "Mitani Chicken Salt  100g",
        "price": 1.99,
        "unitPrice": "$0.20 / 10G"
    },
    {
        "category": "pantry",
        "href": "https://www.woolworths.com.au/shop/productdetails/32471/aristocrat-onions-cocktail-red",
        "imgName": "032471.jpg",
        "imgSrc": "https://cdn0.woolworths.media/content/wowproductimages/medium/032471.jpg",
        "name": "Aristocrat Onions Cocktail Red 150g",
        "price": 2,
        "unitPrice": "$13.33 / 1KG"
    },
    {
        "category": "pantry",
        "href": "https://www.woolworths.com.au/shop/productdetails/78934/barilla-pasta-sauce-arrabbiata-chilli",
        "imgName": "078934.jpg",
        "imgSrc": "https://cdn0.woolworths.media/content/wowproductimages/medium/078934.jpg",
        "name": "Barilla Pasta Sauce Arrabbiata Chilli 400g",
        "price": 3.75,
        "unitPrice": "$0.94 / 100G"
    },
    {
        "category": "pantry",
        "href": "https://www.woolworths.com.au/shop/productdetails/97737/nestle-mint-patti",
        "imgName": "097737.jpg",
        "imgSrc": "https://cdn0.woolworths.media/content/wowproductimages/medium/097737.jpg",
        "name": "Nestle Mint Patti  20g bar",
        "price": 1,
        "unitPrice": "$5.00 / 100G"
    },
    {
        "category": "pantry",
        "href": "https://www.woolworths.com.au/shop/productdetails/65084/old-el-paso-mexican-mild-nachos-topping",
        "imgName": "065084.jpg",
        "imgSrc": "https://cdn0.woolworths.media/content/wowproductimages/medium/065084.jpg",
        "name": "Old El Paso Mexican Mild Nachos Topping 390g",
        "price": 3.85,
        "unitPrice": "$0.99 / 100G"
    },
    {
        "category": "pantry",
        "href": "https://www.woolworths.com.au/shop/productdetails/253433/praise-whole-egg-mayonnaise-mayonnaise",
        "imgName": "253433.jpg",
        "imgSrc": "https://cdn0.woolworths.media/content/wowproductimages/medium/253433.jpg",
        "name": "Praise Whole Egg Mayonnaise Mayonnaise 335g",
        "price": 5,
        "unitPrice": "$1.49 / 100G"
    },
    {
        "category": "pantry",
        "href": "https://www.woolworths.com.au/shop/productdetails/214717/carman-s-original-fruit-free-muesli-bars",
        "imgName": "214717.jpg",
        "imgSrc": "https://cdn0.woolworths.media/content/wowproductimages/medium/214717.jpg",
        "name": "Carman's Original Fruit Free Muesli Bars 6pk 270g",
        "price": 5.6,
        "unitPrice": "$2.07 / 100G"
    },
    {
        "category": "pantry",
        "href": "https://www.woolworths.com.au/shop/productdetails/348023/werther-s-original-toffee-eclairs",
        "imgName": "348023.jpg",
        "imgSrc": "https://cdn0.woolworths.media/content/wowproductimages/medium/348023.jpg",
        "name": "Werther's Original Toffee Eclairs  100g",
        "price": 3.5,
        "unitPrice": "$3.50 / 100G"
    },
    {
        "category": "pantry",
        "href": "https://www.woolworths.com.au/shop/productdetails/294329/macro-cereal-lsa",
        "imgName": "294329.jpg",
        "imgSrc": "https://cdn0.woolworths.media/content/wowproductimages/medium/294329.jpg",
        "name": "Macro Cereal Lsa 250g",
        "price": 3.3,
        "unitPrice": "$1.32 / 100G"
    },
    {
        "category": "pantry",
        "href": "https://www.woolworths.com.au/shop/productdetails/305529/indomie-satay",
        "imgName": "305529.jpg",
        "imgSrc": "https://cdn0.woolworths.media/content/wowproductimages/medium/305529.jpg",
        "name": "Indomie Satay  5pk 400g",
        "price": 2.75,
        "unitPrice": "$0.69 / 100G"
    },
    {
        "category": "pantry",
        "href": "https://www.woolworths.com.au/shop/productdetails/379925/emma-tom-life-bars-cacao-orange",
        "imgName": "379925.jpg",
        "imgSrc": "https://cdn0.woolworths.media/content/wowproductimages/medium/379925.jpg",
        "name": "Emma & Tom Life Bars Cacao & Orange 40g",
        "price": 2.99,
        "unitPrice": "$7.48 / 100G"
    },
    {
        "category": "pantry",
        "href": "https://www.woolworths.com.au/shop/productdetails/435286/carmans-almond-coconut-chia-gourmet-porridge-sachets",
        "imgName": "435286.jpg",
        "imgSrc": "https://cdn0.woolworths.media/content/wowproductimages/medium/435286.jpg",
        "name": "Carmans Almond, Coconut & Chia Gourmet Porridge Sachets 320g",
        "price": 5.7,
        "unitPrice": "$1.78 / 100G"
    },
    {
        "category": "pantry",
        "href": "https://www.woolworths.com.au/shop/productdetails/257637/continental-cup-a-soup-chinese-chicken-corn",
        "imgName": "257637.jpg",
        "imgSrc": "https://cdn0.woolworths.media/content/wowproductimages/medium/257637.jpg",
        "name": "Continental Cup A Soup Chinese Chicken & Corn 60g",
        "price": 2,
        "unitPrice": "$3.33 / 100G"
    },
    {
        "category": "pantry",
        "href": "https://www.woolworths.com.au/shop/productdetails/425922/wrigley-s-eclipse-chewy-mints-lemon-lime",
        "imgName": "425922.jpg",
        "imgSrc": "https://cdn0.woolworths.media/content/wowproductimages/medium/425922.jpg",
        "name": "Wrigley's Eclipse Chewy Mints Lemon Lime 27g",
        "price": 1.5,
        "unitPrice": "$5.56 / 100G"
    },
    {
        "category": "pantry",
        "href": "https://www.woolworths.com.au/shop/productdetails/430462/sanitarium-weet-bix-go-breakfast-biscuits-vanilla-macadamia-blend",
        "imgName": "430462.jpg",
        "imgSrc": "https://cdn0.woolworths.media/content/wowproductimages/medium/430462.jpg",
        "name": "Sanitarium Weet-bix Go Breakfast Biscuits Vanilla & Macadamia Blend 250g",
        "price": 4.49,
        "unitPrice": "$1.80 / 100G"
    },
    {
        "category": "pantry",
        "href": "https://www.woolworths.com.au/shop/productdetails/629207/watties-spaghetti-in-tomato-sauce",
        "imgName": "629207.jpg",
        "imgSrc": "https://cdn0.woolworths.media/content/wowproductimages/medium/629207.jpg",
        "name": "Watties Spaghetti In Tomato Sauce 420g",
        "price": 1.55,
        "unitPrice": "$0.37 / 100G"
    },
    {
        "category": "pantry",
        "href": "https://www.woolworths.com.au/shop/productdetails/758316/dolmio-extra-salt-reduced-pasta-sauce-tomato-onion-roast-garlic",
        "imgName": "758316.jpg",
        "imgSrc": "https://cdn0.woolworths.media/content/wowproductimages/medium/758316.jpg",
        "name": "Dolmio Extra Salt Reduced Pasta Sauce Tomato Onion & Roast Garlic 500g",
        "price": 3.29,
        "unitPrice": "$0.66 / 100G"
    },
    {
        "category": "pantry",
        "href": "https://www.woolworths.com.au/shop/productdetails/785119/betty-crocker-white-chocolate-fudge-brownie-mix",
        "imgName": "785119.jpg",
        "imgSrc": "https://cdn0.woolworths.media/content/wowproductimages/medium/785119.jpg",
        "name": "Betty Crocker White Chocolate Fudge Brownie Mix 500g",
        "price": 5.2,
        "unitPrice": "$1.04 / 100G"
    },
    {
        "category": "pantry",
        "href": "https://www.woolworths.com.au/shop/productdetails/841672/mamee-chef-tom-yam-cup",
        "imgName": "841672.jpg",
        "imgSrc": "https://cdn0.woolworths.media/content/wowproductimages/medium/841672.jpg",
        "name": "Mamee Chef Tom Yam Cup 72g",
        "price": 2.3,
        "unitPrice": "$3.19 / 100G"
    },
    {
        "category": "pantry",
        "href": "https://www.woolworths.com.au/shop/productdetails/292780/carman-s-deluxe-gluten-free-muesli",
        "imgName": "292780.jpg",
        "imgSrc": "https://cdn0.woolworths.media/content/wowproductimages/medium/292780.jpg",
        "name": "Carman's Deluxe Gluten Free Muesli 400g",
        "price": 6.5,
        "unitPrice": "$1.63 / 100G"
    },
    {
        "category": "pantry",
        "href": "https://www.woolworths.com.au/shop/productdetails/721626/kettle-natural-chilli-chips",
        "imgName": "721626.jpg",
        "imgSrc": "https://cdn0.woolworths.media/content/wowproductimages/medium/721626.jpg",
        "name": "Kettle Natural Chilli Chips  90g",
        "price": 2.5,
        "unitPrice": "$2.78 / 100G"
    },
    {
        "category": "pantry",
        "href": "https://www.woolworths.com.au/shop/productdetails/41049/sandhurst-chillies-jalapeno-medium-hot",
        "imgName": "041049.jpg",
        "imgSrc": "https://cdn0.woolworths.media/content/wowproductimages/medium/041049.jpg",
        "name": "Sandhurst Chillies Jalapeno Medium Hot 270g",
        "price": 3.5,
        "unitPrice": "$12.96 / 1KG"
    },
    {
        "category": "pantry",
        "href": "https://www.woolworths.com.au/shop/productdetails/15105/old-el-paso-mexican-green-jalapenos",
        "imgName": "015105.jpg",
        "imgSrc": "https://cdn0.woolworths.media/content/wowproductimages/medium/015105.jpg",
        "name": "Old El Paso Mexican Green Jalapenos 250g",
        "price": 4.45,
        "unitPrice": "$1.78 / 100G"
    },
    {
        "category": "pantry",
        "href": "https://www.woolworths.com.au/shop/productdetails/27570/john-west-tempters-tuna-lemon-cracked-pepper",
        "imgName": "027570.jpg",
        "imgSrc": "https://cdn0.woolworths.media/content/wowproductimages/medium/027570.jpg",
        "name": "John West Tempters Tuna Lemon & Cracked Pepper 95g",
        "price": 2,
        "unitPrice": "$21.05 / 1KG"
    },
    {
        "category": "pantry",
        "href": "https://www.woolworths.com.au/shop/productdetails/26649/continental-cup-a-soup-creamy-chicken-with-lots-of-noodles",
        "imgName": "026649.jpg",
        "imgSrc": "https://cdn0.woolworths.media/content/wowproductimages/medium/026649.jpg",
        "name": "Continental Cup A Soup Creamy Chicken With Lots Of Noodles 2pk 60g",
        "price": 2,
        "unitPrice": "$3.33 / 100G"
    },
    {
        "category": "pantry",
        "href": "https://www.woolworths.com.au/shop/productdetails/38339/yeo-s-satay-sauce-satay-bbq",
        "imgName": "038339.jpg",
        "imgSrc": "https://cdn0.woolworths.media/content/wowproductimages/medium/038339.jpg",
        "name": "Yeo's Satay Sauce Satay Bbq 250ml",
        "price": 4.4,
        "unitPrice": "$1.76 / 100ML"
    },
    {
        "category": "pantry",
        "href": "https://www.woolworths.com.au/shop/productdetails/32857/masterfoods-seasoning-all-purpose",
        "imgName": "032857.jpg",
        "imgSrc": "https://cdn0.woolworths.media/content/wowproductimages/medium/032857.jpg",
        "name": "Masterfoods Seasoning All Purpose 65g",
        "price": 2.35,
        "unitPrice": "$0.36 / 10G"
    },
    {
        "category": "pantry",
        "href": "https://www.woolworths.com.au/shop/productdetails/32599/masterfoods-coriander-ground",
        "imgName": "032599.jpg",
        "imgSrc": "https://cdn0.woolworths.media/content/wowproductimages/medium/032599.jpg",
        "name": "Masterfoods Coriander Ground 25g",
        "price": 2.3,
        "unitPrice": "$0.92 / 10G"
    },
    {
        "category": "pantry",
        "href": "https://www.woolworths.com.au/shop/productdetails/16892/double-phoenix-vermicelli-green-bean",
        "imgName": "016892.jpg",
        "imgSrc": "https://cdn0.woolworths.media/content/wowproductimages/medium/016892.jpg",
        "name": "Double Phoenix Vermicelli Green Bean 100g",
        "price": 0.7,
        "unitPrice": "$0.70 / 100G"
    },
    {
        "category": "pantry",
        "href": "https://www.woolworths.com.au/shop/productdetails/44429/sanitarium-vegetarian-foods-casserole-mince",
        "imgName": "044429.jpg",
        "imgSrc": "https://cdn0.woolworths.media/content/wowproductimages/medium/044429.jpg",
        "name": "Sanitarium Vegetarian Foods Casserole Mince 415g",
        "price": 4.2,
        "unitPrice": "$1.01 / 100G"
    },
    {
        "category": "pantry",
        "href": "https://www.woolworths.com.au/shop/productdetails/59823/bonvit-roasted-dandelion-tea-bags",
        "imgName": "059823.jpg",
        "imgSrc": "https://cdn0.woolworths.media/content/wowproductimages/medium/059823.jpg",
        "name": "Bonvit Roasted Dandelion Tea Bags 32pk 90g",
        "price": 8,
        "unitPrice": "$8.89 / 100G"
    },
    {
        "category": "pantry",
        "href": "https://www.woolworths.com.au/shop/productdetails/55855/greens-pudding-butterscotch-sponge",
        "imgName": "055855.jpg",
        "imgSrc": "https://cdn0.woolworths.media/content/wowproductimages/medium/055855.jpg",
        "name": "Greens Pudding Butterscotch Sponge 260g",
        "price": 2.8,
        "unitPrice": "$1.08 / 100G"
    },
    {
        "category": "pantry",
        "href": "https://www.woolworths.com.au/shop/productdetails/98811/wrigley-s-pk-gum-blue",
        "imgName": "098811.jpg",
        "imgSrc": "https://cdn0.woolworths.media/content/wowproductimages/medium/098811.jpg",
        "name": "Wrigley's Pk Gum Blue 5pk 70g",
        "price": 3.5,
        "unitPrice": "$5.00 / 100G"
    },
    {
        "category": "pantry",
        "href": "https://www.woolworths.com.au/shop/productdetails/205334/essentials-peas-green",
        "imgName": "205334.jpg",
        "imgSrc": "https://cdn0.woolworths.media/content/wowproductimages/medium/205334.jpg",
        "name": "Essentials Peas Green 400g",
        "price": 0.8,
        "unitPrice": "$2.00 / 1KG"
    },
    {
        "category": "pantry",
        "href": "https://www.woolworths.com.au/shop/productdetails/202399/woolworths-cashews-roasted-unsalted",
        "imgName": "202399.jpg",
        "imgSrc": "https://cdn0.woolworths.media/content/wowproductimages/medium/202399.jpg",
        "name": "Woolworths Cashews Roasted & Unsalted 750g pack",
        "price": 17,
        "unitPrice": "$22.67 / 1KG"
    },
    {
        "category": "pantry",
        "href": "https://www.woolworths.com.au/shop/productdetails/199947/altimate-ice-cream-wafer-cups",
        "imgName": "199947.jpg",
        "imgSrc": "https://cdn0.woolworths.media/content/wowproductimages/medium/199947.jpg",
        "name": "Altimate Ice Cream Wafer Cups 24pk",
        "price": 3.1,
        "unitPrice": "$3.60 / 100G"
    },
    {
        "category": "pantry",
        "href": "https://www.woolworths.com.au/shop/productdetails/248679/old-el-paso-fajita-spice-mix",
        "imgName": "248679.jpg",
        "imgSrc": "https://cdn0.woolworths.media/content/wowproductimages/medium/248679.jpg",
        "name": "Old El Paso Fajita Spice Mix 40g",
        "price": 2,
        "unitPrice": "$5.00 / 100G"
    },
    {
        "category": "pantry",
        "href": "https://www.woolworths.com.au/shop/productdetails/180492/the-grove-gourmet-avocado-cold-pressed-oil",
        "imgName": "180492.jpg",
        "imgSrc": "https://cdn0.woolworths.media/content/wowproductimages/medium/180492.jpg",
        "name": "The Grove Gourmet Avocado Cold Pressed Oil 250ml",
        "price": 10.5,
        "unitPrice": "$4.20 / 100ML"
    },
    {
        "category": "pantry",
        "href": "https://www.woolworths.com.au/shop/productdetails/254486/jarrah-coffee-bavarian-hazelnut-98-fat-free",
        "imgName": "254486.jpg",
        "imgSrc": "https://cdn0.woolworths.media/content/wowproductimages/medium/254486.jpg",
        "name": "Jarrah Coffee Bavarian Hazelnut 98% Fat Free 250g",
        "price": 6,
        "unitPrice": "$2.40 / 100G"
    },
    {
        "category": "pantry",
        "href": "https://www.woolworths.com.au/shop/productdetails/247304/spc-baked-beans-ham-sauce",
        "imgName": "247304.jpg",
        "imgSrc": "https://cdn0.woolworths.media/content/wowproductimages/medium/247304.jpg",
        "name": "Spc Baked Beans Ham Sauce 4x220g",
        "price": 4.2,
        "unitPrice": "$0.48 / 100G"
    },
    {
        "category": "pantry",
        "href": "https://www.woolworths.com.au/shop/productdetails/245169/sanitarium-weet-bix-blends-multi-grain-",
        "imgName": "245169.jpg",
        "imgSrc": "https://cdn0.woolworths.media/content/wowproductimages/medium/245169.jpg",
        "name": "Sanitarium Weet-bix Blends Multi-grain + 575g",
        "price": 4.99,
        "unitPrice": "$0.87 / 100G"
    },
    {
        "category": "pantry",
        "href": "https://www.woolworths.com.au/shop/productdetails/218869/woolworths-select-beans-green-sliced",
        "imgName": "218869.jpg",
        "imgSrc": "https://cdn0.woolworths.media/content/wowproductimages/medium/218869.jpg",
        "name": "Woolworths Select Beans Green Sliced 410g",
        "price": 1.1,
        "unitPrice": "$2.68 / 1KG"
    },
    {
        "category": "pantry",
        "href": "https://www.woolworths.com.au/shop/productdetails/307724/valcom-paste-yellow-curry",
        "imgName": "307724.jpg",
        "imgSrc": "https://cdn0.woolworths.media/content/wowproductimages/medium/307724.jpg",
        "name": "Valcom Paste Yellow Curry 230g",
        "price": 4,
        "unitPrice": "$1.74 / 100G"
    },
    {
        "category": "pantry",
        "href": "https://www.woolworths.com.au/shop/productdetails/319428/sanitarium-weet-bix-bites-wildberry",
        "imgName": "319428.jpg",
        "imgSrc": "https://cdn0.woolworths.media/content/wowproductimages/medium/319428.jpg",
        "name": "Sanitarium Weet-bix Bites Wildberry 500g",
        "price": 4.46,
        "unitPrice": "$0.89 / 100G"
    },
    {
        "category": "pantry",
        "href": "https://www.woolworths.com.au/shop/productdetails/343898/maggi-beef-2-minute-noodles-99-fat-free",
        "imgName": "343898.jpg",
        "imgSrc": "https://cdn0.woolworths.media/content/wowproductimages/medium/343898.jpg",
        "name": "Maggi Beef 2 Minute Noodles 99% Fat Free 5pk x 74g",
        "price": 3.95,
        "unitPrice": "$1.07 / 100G"
    },
    {
        "category": "pantry",
        "href": "https://www.woolworths.com.au/shop/productdetails/361582/woolworths-select-mini-waffle-ice-cream-cone",
        "imgName": "361582.jpg",
        "imgSrc": "https://cdn0.woolworths.media/content/wowproductimages/medium/361582.jpg",
        "name": "Woolworths Select Mini Waffle Ice Cream Cone 170g",
        "price": 3.5,
        "unitPrice": "$2.06 / 100G"
    },
    {
        "category": "pantry",
        "href": "https://www.woolworths.com.au/shop/productdetails/437425/campbells-gourmet-ravioli-pumpkin",
        "imgName": "437425.jpg",
        "imgSrc": "https://cdn0.woolworths.media/content/wowproductimages/medium/437425.jpg",
        "name": "Campbells Gourmet Ravioli Pumpkin 435g",
        "price": 3.99,
        "unitPrice": "$0.92 / 100G"
    },
    {
        "category": "pantry",
        "href": "https://www.woolworths.com.au/shop/productdetails/441892/hart-soul-laksa-soup-kit",
        "imgName": "441892.jpg",
        "imgSrc": "https://cdn0.woolworths.media/content/wowproductimages/medium/441892.jpg",
        "name": "Hart & Soul Laksa Soup Kit  316g",
        "price": 5,
        "unitPrice": "$1.58 / 100G"
    },
    {
        "category": "pantry",
        "href": "https://www.woolworths.com.au/shop/productdetails/611560/continental-pasta-sauce-bacon-carbonara",
        "imgName": "611560.jpg",
        "imgSrc": "https://cdn0.woolworths.media/content/wowproductimages/medium/611560.jpg",
        "name": "Continental Pasta & Sauce Bacon Carbonara 4pk 220g",
        "price": 5,
        "unitPrice": "$2.27 / 100G"
    },
    {
        "category": "pantry",
        "href": "https://www.woolworths.com.au/shop/productdetails/617101/essentials-black-tea-bags",
        "imgName": "617101.jpg",
        "imgSrc": "https://cdn0.woolworths.media/content/wowproductimages/medium/617101.jpg",
        "name": "Essentials Black Tea Bags 100pk",
        "price": 1.9,
        "unitPrice": "$1.90 / 100G"
    },
    {
        "category": "pantry",
        "href": "https://www.woolworths.com.au/shop/productdetails/592113/woolworths-milk-bottles",
        "imgName": "592113.jpg",
        "imgSrc": "https://cdn0.woolworths.media/content/wowproductimages/medium/592113.jpg",
        "name": "Woolworths Milk Bottles  200g",
        "price": 2,
        "unitPrice": "$1.00 / 100G"
    },
    {
        "category": "pantry",
        "href": "https://www.woolworths.com.au/shop/productdetails/632957/peanuts-roasted-in-shell",
        "imgName": "632957.jpg",
        "imgSrc": "https://cdn0.woolworths.media/content/wowproductimages/medium/632957.jpg",
        "name": "Peanuts Roasted In Shell  500g",
        "price": 6,
        "unitPrice": "$12.00 / 1KG"
    },
    {
        "category": "pantry",
        "href": "https://www.woolworths.com.au/shop/productdetails/701255/twinings-raspberry-strawberry-loganberry-tea-bags",
        "imgName": "701255.jpg",
        "imgSrc": "https://cdn0.woolworths.media/content/wowproductimages/medium/701255.jpg",
        "name": "Twinings Raspberry Strawberry & Loganberry Tea Bags 10pk 15g",
        "price": 2.7,
        "unitPrice": "$13.50 / 100G"
    },
    {
        "category": "pantry",
        "href": "https://www.woolworths.com.au/shop/productdetails/694862/macro-organic-cornflour",
        "imgName": "694862.jpg",
        "imgSrc": "https://cdn0.woolworths.media/content/wowproductimages/medium/694862.jpg",
        "name": "Macro Organic Cornflour  300g",
        "price": 3,
        "unitPrice": "$10.00 / 1KG"
    },
    {
        "category": "pantry",
        "href": "https://www.woolworths.com.au/shop/productdetails/592099/woolworths-fruit-drops",
        "imgName": "592099.jpg",
        "imgSrc": "https://cdn0.woolworths.media/content/wowproductimages/medium/592099.jpg",
        "name": "Woolworths Fruit Drops  225g",
        "price": 2,
        "unitPrice": "$0.89 / 100G"
    },
    {
        "category": "pantry",
        "href": "https://www.woolworths.com.au/shop/productdetails/754498/aeroplane-ready-to-eat-jelly-strawberry",
        "imgName": "754498.jpg",
        "imgSrc": "https://cdn0.woolworths.media/content/wowproductimages/medium/754498.jpg",
        "name": "Aeroplane Ready To Eat Jelly Strawberry 120g",
        "price": 1.45,
        "unitPrice": "$1.21 / 100G"
    },
    {
        "category": "pantry",
        "href": "https://www.woolworths.com.au/shop/productdetails/758350/dolmio-lasagne-pasta-sauce-bechamel",
        "imgName": "758350.jpg",
        "imgSrc": "https://cdn0.woolworths.media/content/wowproductimages/medium/758350.jpg",
        "name": "Dolmio Lasagne Pasta Sauce Bechamel 490g",
        "price": 3.79,
        "unitPrice": "$0.77 / 100G"
    },
    {
        "category": "pantry",
        "href": "https://www.woolworths.com.au/shop/productdetails/781921/ritz-snackz-sour-cream-onion",
        "imgName": "781921.jpg",
        "imgSrc": "https://cdn0.woolworths.media/content/wowproductimages/medium/781921.jpg",
        "name": "Ritz Snackz Sour Cream & Onion 100g",
        "price": 2,
        "unitPrice": "$2.00 / 100G"
    },
    {
        "category": "pantry",
        "href": "https://www.woolworths.com.au/shop/productdetails/778308/health-attack-crispyfruits-strawberry",
        "imgName": "778308.jpg",
        "imgSrc": "https://cdn0.woolworths.media/content/wowproductimages/medium/778308.jpg",
        "name": "Health Attack Crispyfruits Strawberry 10g",
        "price": 1.5,
        "unitPrice": "$150.00 / 1KG"
    },
    {
        "category": "pantry",
        "href": "https://www.woolworths.com.au/shop/productdetails/781976/wrigley-s-extra-gum-peppermint",
        "imgName": "781976.jpg",
        "imgSrc": "https://cdn0.woolworths.media/content/wowproductimages/medium/781976.jpg",
        "name": "Wrigley's Extra Gum Peppermint 46pce bottle",
        "price": 4,
        "unitPrice": "$6.25 / 100G"
    },
    {
        "category": "pantry",
        "href": "https://www.woolworths.com.au/shop/productdetails/887995/select-sea-salt-grinder",
        "imgName": "887995.jpg",
        "imgSrc": "https://cdn0.woolworths.media/content/wowproductimages/medium/887995.jpg",
        "name": "Select Sea Salt Grinder  110g",
        "price": 3,
        "unitPrice": "$0.27 / 10G"
    },
    {
        "category": "pantry",
        "href": "https://www.woolworths.com.au/shop/productdetails/246967/sanitarium-weet-bix-organic",
        "imgName": "246967.jpg",
        "imgSrc": "https://cdn0.woolworths.media/content/wowproductimages/medium/246967.jpg",
        "name": "Sanitarium Weet-bix Organic 750g",
        "price": 5.33,
        "unitPrice": "$0.71 / 100G"
    },
    {
        "category": "pantry",
        "href": "https://www.woolworths.com.au/shop/productdetails/55377/hoyts-ginger-ground",
        "imgName": "055377.jpg",
        "imgSrc": "https://cdn0.woolworths.media/content/wowproductimages/medium/055377.jpg",
        "name": "Hoyts Ginger Ground 50g",
        "price": 3,
        "unitPrice": "$0.60 / 10G"
    },
    {
        "category": "pantry",
        "href": "https://www.woolworths.com.au/shop/productdetails/632127/birch-waite-japanese-dressing",
        "imgName": "632127.jpg",
        "imgSrc": "https://cdn0.woolworths.media/content/wowproductimages/medium/632127.jpg",
        "name": "Birch & Waite Japanese Dressing  250ml",
        "price": 5,
        "unitPrice": "$2.00 / 100ML"
    },
    {
        "category": "pantry",
        "href": "https://www.woolworths.com.au/shop/productdetails/710194/birch-waite-creamy-caesar-dressing",
        "imgName": "710194.jpg",
        "imgSrc": "https://cdn0.woolworths.media/content/wowproductimages/medium/710194.jpg",
        "name": "Birch & Waite Creamy Caesar Dressing 250ml",
        "price": 5,
        "unitPrice": "$2.00 / 100ML"
    },
    {
        "category": "pantry",
        "href": "https://www.woolworths.com.au/shop/productdetails/36668/campbell-s-canned-soup-cream-of-asparagus",
        "imgName": "036668.jpg",
        "imgSrc": "https://cdn0.woolworths.media/content/wowproductimages/medium/036668.jpg",
        "name": "Campbell's Canned Soup Cream Of Asparagus 420g",
        "price": 1.86,
        "unitPrice": "$0.44 / 100G"
    },
    {
        "category": "pantry",
        "href": "https://www.woolworths.com.au/shop/productdetails/68405/freedom-foods-cereal-muesli-gluten-and-wheat-free",
        "imgName": "068405.jpg",
        "imgSrc": "https://cdn0.woolworths.media/content/wowproductimages/medium/068405.jpg",
        "name": "Freedom Foods Cereal Muesli Gluten And Wheat Free 500g",
        "price": 6.49,
        "unitPrice": "$1.30 / 100G"
    },
    {
        "category": "pantry",
        "href": "https://www.woolworths.com.au/shop/productdetails/46643/darrell-lea-licorice-bullets-raspberry-milk-chocolate",
        "imgName": "046643.jpg",
        "imgSrc": "https://cdn0.woolworths.media/content/wowproductimages/medium/046643.jpg",
        "name": "Darrell Lea Licorice Bullets Raspberry Milk Chocolate 200g bag",
        "price": 3.2,
        "unitPrice": "$1.60 / 100G"
    },
    {
        "category": "pantry",
        "href": "https://www.woolworths.com.au/shop/productdetails/4432/fisherman-s-friend-mints-fresh-sugar-free",
        "imgName": "004432.jpg",
        "imgSrc": "https://cdn0.woolworths.media/content/wowproductimages/medium/004432.jpg",
        "name": "Fisherman's Friend Mints Fresh Sugar Free 25g pack",
        "price": 2.3,
        "unitPrice": "$9.20 / 100G"
    },
    {
        "category": "pantry",
        "href": "https://www.woolworths.com.au/shop/productdetails/16119/riviana-basmati-rice-pakistan-long-grain",
        "imgName": "016119.jpg",
        "imgSrc": "https://cdn0.woolworths.media/content/wowproductimages/medium/016119.jpg",
        "name": "Riviana Basmati Rice Pakistan Long Grain 5kg",
        "price": 18,
        "unitPrice": "$0.36 / 100G"
    },
    {
        "category": "pantry",
        "href": "https://www.woolworths.com.au/shop/productdetails/34102/hershey-s-cookies-n-creme-white-chocolate",
        "imgName": "034102.jpg",
        "imgSrc": "https://cdn0.woolworths.media/content/wowproductimages/medium/034102.jpg",
        "name": "Hershey's Cookies 'n' Creme White Chocolate 43g bar",
        "price": 1.7,
        "unitPrice": "$3.95 / 100G"
    },
    {
        "category": "pantry",
        "href": "https://www.woolworths.com.au/shop/productdetails/35051/chicco-d-oro-delta-ground-coffee-chicco-doro",
        "imgName": "035051.jpg",
        "imgSrc": "https://cdn0.woolworths.media/content/wowproductimages/medium/035051.jpg",
        "name": "Chicco D'oro Delta Ground Coffee Chicco Doro 200g",
        "price": 3,
        "unitPrice": "$1.50 / 100G"
    },
    {
        "category": "pantry",
        "href": "https://www.woolworths.com.au/shop/productdetails/94633/hoyts-cinnamon-sticks",
        "imgName": "094633.jpg",
        "imgSrc": "https://cdn0.woolworths.media/content/wowproductimages/medium/094633.jpg",
        "name": "Hoyts Cinnamon Sticks 15g",
        "price": 3,
        "unitPrice": "$2.00 / 10G"
    },
    {
        "category": "pantry",
        "href": "https://www.woolworths.com.au/shop/productdetails/37675/edgell-tomatoes-supreme",
        "imgName": "037675.jpg",
        "imgSrc": "https://cdn0.woolworths.media/content/wowproductimages/medium/037675.jpg",
        "name": "Edgell Tomatoes Supreme 300g",
        "price": 1.4,
        "unitPrice": "$4.67 / 1KG"
    },
    {
        "category": "pantry",
        "href": "https://www.woolworths.com.au/shop/productdetails/47680/homebrand-nut-mix-granulated-nuts",
        "imgName": "047680.jpg",
        "imgSrc": "https://cdn0.woolworths.media/content/wowproductimages/medium/047680.jpg",
        "name": "Homebrand Nut Mix Granulated Nuts 200g",
        "price": 1.29,
        "unitPrice": "$6.45 / 1KG"
    },
    {
        "category": "pantry",
        "href": "https://www.woolworths.com.au/shop/productdetails/141016/kan-tong-inspirations-noodles-hokkien",
        "imgName": "141016.jpg",
        "imgSrc": "https://cdn0.woolworths.media/content/wowproductimages/medium/141016.jpg",
        "name": "Kan Tong Inspirations Noodles Hokkien 2pk 440g",
        "price": 3.1,
        "unitPrice": "$0.70 / 100G"
    },
    {
        "category": "pantry",
        "href": "https://www.woolworths.com.au/shop/productdetails/78921/barilla-pasta-sauce-basilico-tomato-basil",
        "imgName": "078921.jpg",
        "imgSrc": "https://cdn0.woolworths.media/content/wowproductimages/medium/078921.jpg",
        "name": "Barilla Pasta Sauce Basilico Tomato Basil 400g",
        "price": 3.75,
        "unitPrice": "$0.94 / 100G"
    },
    {
        "category": "pantry",
        "href": "https://www.woolworths.com.au/shop/productdetails/76008/harrington-chocolate-mint-cream-thins",
        "imgName": "076008.jpg",
        "imgSrc": "https://cdn0.woolworths.media/content/wowproductimages/medium/076008.jpg",
        "name": "Harrington Chocolate Mint Cream Thins 150g gift box",
        "price": 3,
        "unitPrice": "$2.00 / 100G"
    },
    {
        "category": "pantry",
        "href": "https://www.woolworths.com.au/shop/productdetails/94489/masterfoods-garlic-powder",
        "imgName": "094489.jpg",
        "imgSrc": "https://cdn0.woolworths.media/content/wowproductimages/medium/094489.jpg",
        "name": "Masterfoods Garlic Powder 155g",
        "price": 5.8,
        "unitPrice": "$0.37 / 10G"
    },
    {
        "category": "pantry",
        "href": "https://www.woolworths.com.au/shop/productdetails/197121/natural-black-peppercorn-ceramic-grinder",
        "imgName": "197121.jpg",
        "imgSrc": "https://cdn0.woolworths.media/content/wowproductimages/medium/197121.jpg",
        "name": "Natural Black Peppercorn Ceramic Grinder 50g",
        "price": 5,
        "unitPrice": "$1.00 / 10G"
    },
    {
        "category": "pantry",
        "href": "https://www.woolworths.com.au/shop/productdetails/186170/continental-cup-a-soup-classic-cream-of-mushroom",
        "imgName": "186170.jpg",
        "imgSrc": "https://cdn0.woolworths.media/content/wowproductimages/medium/186170.jpg",
        "name": "Continental Cup A Soup Classic Cream Of Mushroom 70g",
        "price": 2,
        "unitPrice": "$2.86 / 100G"
    },
    {
        "category": "pantry",
        "href": "https://www.woolworths.com.au/shop/productdetails/186446/masterfoods-recipe-base-curried-sausages",
        "imgName": "186446.jpg",
        "imgSrc": "https://cdn0.woolworths.media/content/wowproductimages/medium/186446.jpg",
        "name": "Masterfoods Recipe Base Curried Sausages 175g",
        "price": 2.19,
        "unitPrice": "$1.25 / 100G"
    },
    {
        "category": "pantry",
        "href": "https://www.woolworths.com.au/shop/productdetails/260739/woolworths-select-extra-virgin-olive-oil-australian-spray",
        "imgName": "260739.jpg",
        "imgSrc": "https://cdn0.woolworths.media/content/wowproductimages/medium/260739.jpg",
        "name": "Woolworths Select Extra Virgin Olive Oil Australian Spray 150g",
        "price": 2.3,
        "unitPrice": "$1.53 / 100G"
    },
    {
        "category": "pantry",
        "href": "https://www.woolworths.com.au/shop/productdetails/251002/woolworths-cloves-ground",
        "imgName": "251002.jpg",
        "imgSrc": "https://cdn0.woolworths.media/content/wowproductimages/medium/251002.jpg",
        "name": "Woolworths Cloves Ground 30g",
        "price": 3.2,
        "unitPrice": "$1.07 / 10G"
    },
    {
        "category": "pantry",
        "href": "https://www.woolworths.com.au/shop/productdetails/279806/hoyts-nutmeg-whole",
        "imgName": "279806.jpg",
        "imgSrc": "https://cdn0.woolworths.media/content/wowproductimages/medium/279806.jpg",
        "name": "Hoyts Nutmeg Whole 30g",
        "price": 2.6,
        "unitPrice": "$0.87 / 10G"
    },
    {
        "category": "pantry",
        "href": "https://www.woolworths.com.au/shop/productdetails/196943/homebrand-creamed-rice",
        "imgName": "196943.jpg",
        "imgSrc": "https://cdn0.woolworths.media/content/wowproductimages/medium/196943.jpg",
        "name": "Homebrand Creamed Rice  420g",
        "price": 1,
        "unitPrice": "$0.24 / 100G"
    },
    {
        "category": "pantry",
        "href": "https://www.woolworths.com.au/shop/productdetails/275128/maeploy-salad-dressing-thai-style",
        "imgName": "275128.jpg",
        "imgSrc": "https://cdn0.woolworths.media/content/wowproductimages/medium/275128.jpg",
        "name": "Maeploy Salad Dressing Thai Style 285ml",
        "price": 2.2,
        "unitPrice": "$0.77 / 100ML"
    },
    {
        "category": "pantry",
        "href": "https://www.woolworths.com.au/shop/productdetails/257225/twinings-ceylon-orange-pekoe-tea-bags",
        "imgName": "257225.jpg",
        "imgSrc": "https://cdn0.woolworths.media/content/wowproductimages/medium/257225.jpg",
        "name": "Twinings Ceylon Orange Pekoe Tea Bags 50pk 100g",
        "price": 7,
        "unitPrice": "$7.00 / 100G"
    },
    {
        "category": "pantry",
        "href": "https://www.woolworths.com.au/shop/productdetails/362694/mission-corn-chips-extreme-cheese",
        "imgName": "362694.jpg",
        "imgSrc": "https://cdn0.woolworths.media/content/wowproductimages/medium/362694.jpg",
        "name": "Mission Corn Chips Extreme Cheese 230g",
        "price": 3.1,
        "unitPrice": "$1.35 / 100G"
    },
    {
        "category": "pantry",
        "href": "https://www.woolworths.com.au/shop/productdetails/380388/kettle-sea-salt-chips",
        "imgName": "380388.jpg",
        "imgSrc": "https://cdn0.woolworths.media/content/wowproductimages/medium/380388.jpg",
        "name": "Kettle Sea Salt Chips  90g",
        "price": 2.5,
        "unitPrice": "$2.78 / 100G"
    },
    {
        "category": "pantry",
        "href": "https://www.woolworths.com.au/shop/productdetails/428308/kelloggs-corn-flakes-gluten-free",
        "imgName": "428308.jpg",
        "imgSrc": "https://cdn0.woolworths.media/content/wowproductimages/medium/428308.jpg",
        "name": "Kelloggs Corn Flakes Gluten Free 270g",
        "price": 3.99,
        "unitPrice": "$1.48 / 100G"
    },
    {
        "category": "pantry",
        "href": "https://www.woolworths.com.au/shop/productdetails/321599/cobram-estate-extra-virgin-olive-oil-lemon-infused",
        "imgName": "321599.jpg",
        "imgSrc": "https://cdn0.woolworths.media/content/wowproductimages/medium/321599.jpg",
        "name": "Cobram Estate Extra Virgin Olive Oil Lemon Infused 250ml",
        "price": 5.5,
        "unitPrice": "$2.20 / 100ML"
    },
    {
        "category": "pantry",
        "href": "https://www.woolworths.com.au/shop/productdetails/476626/i-quit-sugar-brown-rice-malt-syrup",
        "imgName": "476626.jpg",
        "imgSrc": "https://cdn0.woolworths.media/content/wowproductimages/medium/476626.jpg",
        "name": "I Quit Sugar Brown Rice Malt Syrup  500g",
        "price": 5.49,
        "unitPrice": "$1.10 / 100G"
    },
    {
        "category": "pantry",
        "href": "https://www.woolworths.com.au/shop/productdetails/431062/sanitarium-weet-bix-blends-multi-grain-",
        "imgName": "431062.jpg",
        "imgSrc": "https://cdn0.woolworths.media/content/wowproductimages/medium/431062.jpg",
        "name": "Sanitarium Weet-bix Blends Multi-grain + 860g",
        "price": 7,
        "unitPrice": "$0.81 / 100G"
    },
    {
        "category": "pantry",
        "href": "https://www.woolworths.com.au/shop/productdetails/259348/wrigley-s-extra-white-gum-peppermint",
        "imgName": "259348.jpg",
        "imgSrc": "https://cdn0.woolworths.media/content/wowproductimages/medium/259348.jpg",
        "name": "Wrigley's Extra White Gum Peppermint 64g bottle",
        "price": 4,
        "unitPrice": "$6.25 / 100G"
    },
    {
        "category": "pantry",
        "href": "https://www.woolworths.com.au/shop/productdetails/494324/la-costena-chipotle-in-adobo-sauce",
        "imgName": "494324.jpg",
        "imgSrc": "https://cdn0.woolworths.media/content/wowproductimages/medium/494324.jpg",
        "name": "La Costena Chipotle In Adobo Sauce  230g",
        "price": 4.5,
        "unitPrice": "$1.96 / 100G"
    },
    {
        "category": "pantry",
        "href": "https://www.woolworths.com.au/shop/productdetails/700642/macro-organic-tomatoes-diced-no-added-salt",
        "imgName": "700642.jpg",
        "imgSrc": "https://cdn0.woolworths.media/content/wowproductimages/medium/700642.jpg",
        "name": "Macro Organic Tomatoes Diced No Added Salt 400g",
        "price": 1.1,
        "unitPrice": "$2.75 / 1KG"
    },
    {
        "category": "pantry",
        "href": "https://www.woolworths.com.au/shop/productdetails/701760/kellogg-s-sultana-bran-extra-with-crunchy-oat-clusters",
        "imgName": "701760.jpg",
        "imgSrc": "https://cdn0.woolworths.media/content/wowproductimages/medium/701760.jpg",
        "name": "Kellogg's Sultana Bran Extra With Crunchy Oat Clusters 500g",
        "price": 5.5,
        "unitPrice": "$1.10 / 100G"
    },
    {
        "category": "pantry",
        "href": "https://www.woolworths.com.au/shop/productdetails/291156/macro-nuts-brazil-nuts",
        "imgName": "291156.jpg",
        "imgSrc": "https://cdn0.woolworths.media/content/wowproductimages/medium/291156.jpg",
        "name": "Macro Nuts Brazil Nuts 250g",
        "price": 9,
        "unitPrice": "$36.00 / 1KG"
    },
    {
        "category": "pantry",
        "href": "https://www.woolworths.com.au/shop/productdetails/739954/wallaby-chocolate-bites-orange-almond-coconut",
        "imgName": "739954.jpg",
        "imgSrc": "https://cdn0.woolworths.media/content/wowproductimages/medium/739954.jpg",
        "name": "Wallaby Chocolate Bites Orange Almond & Coconut 150g",
        "price": 4.99,
        "unitPrice": "$3.33 / 100G"
    },
    {
        "category": "pantry",
        "href": "https://www.woolworths.com.au/shop/productdetails/765396/tetley-camomile-pyramid-tea",
        "imgName": "765396.jpg",
        "imgSrc": "https://cdn0.woolworths.media/content/wowproductimages/medium/765396.jpg",
        "name": "Tetley Camomile Pyramid Tea 18pk 27g",
        "price": 3,
        "unitPrice": "$11.11 / 100G"
    },
    {
        "category": "pantry",
        "href": "https://www.woolworths.com.au/shop/productdetails/473598/yoodles-brown-rice-noodles-beef",
        "imgName": "473598.jpg",
        "imgSrc": "https://cdn0.woolworths.media/content/wowproductimages/medium/473598.jpg",
        "name": "Yoodles Brown Rice Noodles Beef 70g",
        "price": 2,
        "unitPrice": "$2.86 / 100G"
    },
    {
        "category": "pantry",
        "href": "https://www.woolworths.com.au/shop/productdetails/790026/laucke-gluten-free-bread-mix",
        "imgName": "790026.jpg",
        "imgSrc": "https://cdn0.woolworths.media/content/wowproductimages/medium/790026.jpg",
        "name": "Laucke Gluten Free Bread Mix  500g",
        "price": 4.3,
        "unitPrice": "$8.60 / 1KG"
    },
    {
        "category": "pantry",
        "href": "https://www.woolworths.com.au/shop/productdetails/791202/monster-sports-muesli",
        "imgName": "791202.jpg",
        "imgSrc": "https://cdn0.woolworths.media/content/wowproductimages/medium/791202.jpg",
        "name": "Monster Sports Muesli 700g",
        "price": 6.95,
        "unitPrice": "$0.99 / 100G"
    },
    {
        "category": "pantry",
        "href": "https://www.woolworths.com.au/shop/productdetails/767528/jamie-oliver-pasta-sauce-italian-red-wine",
        "imgName": "767528.jpg",
        "imgSrc": "https://cdn0.woolworths.media/content/wowproductimages/medium/767528.jpg",
        "name": "Jamie Oliver Pasta Sauce Italian Red  Wine 400g",
        "price": 4.3,
        "unitPrice": "$1.08 / 100G"
    },
    {
        "category": "pantry",
        "href": "https://www.woolworths.com.au/shop/productdetails/732206/edgell-baby-peas",
        "imgName": "732206.jpg",
        "imgSrc": "https://cdn0.woolworths.media/content/wowproductimages/medium/732206.jpg",
        "name": "Edgell Baby Peas  420g",
        "price": 2,
        "unitPrice": "$4.76 / 1KG"
    },
    {
        "category": "pantry",
        "href": "https://www.woolworths.com.au/shop/productdetails/348277/maille-mustard-horseradish",
        "imgName": "348277.jpg",
        "imgSrc": "https://cdn0.woolworths.media/content/wowproductimages/medium/348277.jpg",
        "name": "Maille Mustard Horseradish 200ml",
        "price": 4,
        "unitPrice": "$1.95 / 100G"
    },
    {
        "category": "pantry",
        "href": "https://www.woolworths.com.au/shop/productdetails/720092/maggi-so-crispy-classic-chicken-recipe-base",
        "imgName": "720092.jpg",
        "imgSrc": "https://cdn0.woolworths.media/content/wowproductimages/medium/720092.jpg",
        "name": "Maggi So Crispy Classic Chicken Recipe Base 85g",
        "price": 2.29,
        "unitPrice": "$2.69 / 100G"
    },
    {
        "category": "pantry",
        "href": "https://www.woolworths.com.au/shop/productdetails/715968/dick-smith-s-ozenuts-smooth-peanut-butter",
        "imgName": "715968.jpg",
        "imgSrc": "https://cdn0.woolworths.media/content/wowproductimages/medium/715968.jpg",
        "name": "Dick Smith's Ozenuts Smooth Peanut Butter 375g",
        "price": 4.8,
        "unitPrice": "$1.28 / 100G"
    },
    {
        "category": "pantry",
        "href": "https://www.woolworths.com.au/shop/productdetails/959446/riviana-baby-prawns",
        "imgName": "959446.jpg",
        "imgSrc": "https://cdn0.woolworths.media/content/wowproductimages/medium/959446.jpg",
        "name": "Riviana Baby Prawns  200g",
        "price": 3.45,
        "unitPrice": "$17.25 / 1KG"
    },
    {
        "category": "pantry",
        "href": "https://www.woolworths.com.au/shop/productdetails/754295/nescafe-dolce-gusto-coffee-capsules-cafe-au-lait",
        "imgName": "754295.jpg",
        "imgSrc": "https://cdn0.woolworths.media/content/wowproductimages/medium/754295.jpg",
        "name": "Nescafe Dolce Gusto Coffee Capsules Cafe Au Lait 16pk",
        "price": 8.5,
        "unitPrice": "$0.53 / 1EA"
    },
    {
        "category": "pantry",
        "href": "https://www.woolworths.com.au/shop/productdetails/957961/twinings-earl-grey-tea-london-strand",
        "imgName": "957961.jpg",
        "imgSrc": "https://cdn0.woolworths.media/content/wowproductimages/medium/957961.jpg",
        "name": "Twinings Earl Grey Tea London Strand 15pk",
        "price": 5,
        "unitPrice": "$0.33 / 1EA"
    },
    {
        "category": "pantry",
        "href": "https://www.woolworths.com.au/shop/productdetails/592110/woolworths-glazed-mints",
        "imgName": "592110.jpg",
        "imgSrc": "https://cdn0.woolworths.media/content/wowproductimages/medium/592110.jpg",
        "name": "Woolworths Glazed Mints  170g",
        "price": 2,
        "unitPrice": "$1.18 / 100G"
    },
    {
        "category": "pantry",
        "href": "https://www.woolworths.com.au/shop/productdetails/825179/double-d-marshmallows-sugar-free",
        "imgName": "825179.jpg",
        "imgSrc": "https://cdn0.woolworths.media/content/wowproductimages/medium/825179.jpg",
        "name": "Double D Marshmallows Sugar Free 70g bag",
        "price": 2.9,
        "unitPrice": "$4.14 / 100G"
    },
    {
        "category": "pantry",
        "href": "https://www.woolworths.com.au/shop/productdetails/751025/continental-cup-a-soup-spicy-asian-laksa",
        "imgName": "751025.jpg",
        "imgSrc": "https://cdn0.woolworths.media/content/wowproductimages/medium/751025.jpg",
        "name": "Continental Cup A Soup Spicy Asian Laksa 65g",
        "price": 2,
        "unitPrice": "$3.08 / 100G"
    },
    {
        "category": "pantry",
        "href": "https://www.woolworths.com.au/shop/productdetails/872592/woolworths-brisling-sardines-in-oil",
        "imgName": "872592.jpg",
        "imgSrc": "https://cdn0.woolworths.media/content/wowproductimages/medium/872592.jpg",
        "name": "Woolworths Brisling Sardines In Oil 110g",
        "price": 1.4,
        "unitPrice": "$12.73 / 1KG"
    },
    {
        "category": "pantry",
        "href": "https://www.woolworths.com.au/shop/productdetails/873019/woolworths-smoked-oysters-in-springwater",
        "imgName": "873019.jpg",
        "imgSrc": "https://cdn0.woolworths.media/content/wowproductimages/medium/873019.jpg",
        "name": "Woolworths Smoked Oysters In Springwater  85g",
        "price": 1.4,
        "unitPrice": "$16.47 / 1KG"
    },
    {
        "category": "pantry",
        "href": "https://www.woolworths.com.au/shop/productdetails/825514/masterfoods-simmer-sauce-curried-sausages",
        "imgName": "825514.jpg",
        "imgSrc": "https://cdn0.woolworths.media/content/wowproductimages/medium/825514.jpg",
        "name": "Masterfoods Simmer Sauce Curried Sausages 500g",
        "price": 3.69,
        "unitPrice": "$0.74 / 100G"
    },
    {
        "category": "pantry",
        "href": "https://www.woolworths.com.au/shop/productdetails/167443/continental-cup-a-soup-asian-thai-red-curry",
        "imgName": "167443.jpg",
        "imgSrc": "https://cdn0.woolworths.media/content/wowproductimages/medium/167443.jpg",
        "name": "Continental Cup A Soup Asian Thai Red Curry 60g",
        "price": 2,
        "unitPrice": "$3.33 / 100G"
    },
    {
        "category": "pantry",
        "href": "https://www.woolworths.com.au/shop/productdetails/438610/hart-soul-hot-korean-soup-cup",
        "imgName": "438610.jpg",
        "imgSrc": "https://cdn0.woolworths.media/content/wowproductimages/medium/438610.jpg",
        "name": "Hart & Soul Hot Korean Soup Cup  85g",
        "price": 2,
        "unitPrice": "$2.35 / 100G"
    },
    {
        "category": "pantry",
        "href": "https://www.woolworths.com.au/shop/productdetails/787277/old-el-paso-black-beans",
        "imgName": "787277.jpg",
        "imgSrc": "https://cdn0.woolworths.media/content/wowproductimages/medium/787277.jpg",
        "name": "Old El Paso Black Beans  425g",
        "price": 3,
        "unitPrice": "$0.71 / 100G"
    },
    {
        "category": "pantry",
        "href": "https://www.woolworths.com.au/shop/productdetails/96479/fisherman-s-friend-mints-extra-strong",
        "imgName": "096479.jpg",
        "imgSrc": "https://cdn0.woolworths.media/content/wowproductimages/medium/096479.jpg",
        "name": "Fisherman's Friend Mints Extra Strong 25g pack",
        "price": 2.3,
        "unitPrice": "$9.20 / 100G"
    },
    {
        "category": "pantry",
        "href": "https://www.woolworths.com.au/shop/productdetails/3151/beerenberg-chutney-tomato",
        "imgName": "003151.jpg",
        "imgSrc": "https://cdn0.woolworths.media/content/wowproductimages/medium/003151.jpg",
        "name": "Beerenberg Chutney Tomato 260g",
        "price": 5.4,
        "unitPrice": "$20.77 / 1KG"
    },
    {
        "category": "pantry",
        "href": "https://www.woolworths.com.au/shop/productdetails/33982/masterfoods-turmeric-ground",
        "imgName": "033982.jpg",
        "imgSrc": "https://cdn0.woolworths.media/content/wowproductimages/medium/033982.jpg",
        "name": "Masterfoods Turmeric Ground 28g",
        "price": 2.4,
        "unitPrice": "$0.86 / 10G"
    },
    {
        "category": "pantry",
        "href": "https://www.woolworths.com.au/shop/productdetails/4897/essentials-raw-sugar",
        "imgName": "004897.jpg",
        "imgSrc": "https://cdn0.woolworths.media/content/wowproductimages/medium/004897.jpg",
        "name": "Essentials Raw Sugar 3kg",
        "price": 3.09,
        "unitPrice": "$0.10 / 100G"
    },
    {
        "category": "pantry",
        "href": "https://www.woolworths.com.au/shop/productdetails/8229/harvest-beef-braised-steak-onion",
        "imgName": "008229.jpg",
        "imgSrc": "https://cdn0.woolworths.media/content/wowproductimages/medium/008229.jpg",
        "name": "Harvest Beef Braised Steak & Onion 425g",
        "price": 4,
        "unitPrice": "$9.41 / 1KG"
    },
    {
        "category": "pantry",
        "href": "https://www.woolworths.com.au/shop/productdetails/326/essentials-chunky-pasta-sauce",
        "imgName": "000326.jpg",
        "imgSrc": "https://cdn0.woolworths.media/content/wowproductimages/medium/000326.jpg",
        "name": "Essentials Chunky Pasta Sauce 700g",
        "price": 1.99,
        "unitPrice": "$0.28 / 100G"
    },
    {
        "category": "pantry",
        "href": "https://www.woolworths.com.au/shop/productdetails/11988/masterfoods-seasoning-chicken",
        "imgName": "011988.jpg",
        "imgSrc": "https://cdn0.woolworths.media/content/wowproductimages/medium/011988.jpg",
        "name": "Masterfoods Seasoning Chicken 49g",
        "price": 2.4,
        "unitPrice": "$0.49 / 10G"
    },
    {
        "category": "pantry",
        "href": "https://www.woolworths.com.au/shop/productdetails/19977/old-el-paso-mexican-mild-enchilada-sauce",
        "imgName": "019977.jpg",
        "imgSrc": "https://cdn0.woolworths.media/content/wowproductimages/medium/019977.jpg",
        "name": "Old El Paso Mexican Mild Enchilada Sauce 375g",
        "price": 4.2,
        "unitPrice": "$1.12 / 100G"
    },
    {
        "category": "pantry",
        "href": "https://www.woolworths.com.au/shop/productdetails/65085/old-el-paso-mexican-chunky-tomato-salsa-dip-medium",
        "imgName": "065085.jpg",
        "imgSrc": "https://cdn0.woolworths.media/content/wowproductimages/medium/065085.jpg",
        "name": "Old El Paso Mexican Chunky Tomato Salsa Dip Medium 300g",
        "price": 2.55,
        "unitPrice": "$0.85 / 100G"
    },
    {
        "category": "pantry",
        "href": "https://www.woolworths.com.au/shop/productdetails/52427/poonsin-canned-stir-fry-vegetables-mixed",
        "imgName": "052427.jpg",
        "imgSrc": "https://cdn0.woolworths.media/content/wowproductimages/medium/052427.jpg",
        "name": "Poonsin Canned Stir Fry Vegetables Mixed 425g",
        "price": 2.35,
        "unitPrice": "$5.53 / 1KG"
    },
    {
        "category": "pantry",
        "href": "https://www.woolworths.com.au/shop/productdetails/57199/ayam-coconut-cream",
        "imgName": "057199.jpg",
        "imgSrc": "https://cdn0.woolworths.media/content/wowproductimages/medium/057199.jpg",
        "name": "Ayam Coconut Cream 270ml",
        "price": 2.4,
        "unitPrice": "$0.89 / 100ML"
    },
    {
        "category": "pantry",
        "href": "https://www.woolworths.com.au/shop/productdetails/59025/pataks-paste-curry-rogan-josh",
        "imgName": "059025.jpg",
        "imgSrc": "https://cdn0.woolworths.media/content/wowproductimages/medium/059025.jpg",
        "name": "Pataks Paste Curry Rogan Josh 283g",
        "price": 5.5,
        "unitPrice": "$1.94 / 100G"
    },
    {
        "category": "pantry",
        "href": "https://www.woolworths.com.au/shop/productdetails/53629/king-oscar-sardines-olive-oil-double-layer",
        "imgName": "053629.jpg",
        "imgSrc": "https://cdn0.woolworths.media/content/wowproductimages/medium/053629.jpg",
        "name": "King Oscar Sardines Olive Oil Double Layer 105g",
        "price": 3.3,
        "unitPrice": "$31.43 / 1KG"
    },
    {
        "category": "pantry",
        "href": "https://www.woolworths.com.au/shop/productdetails/57055/hoyts-oregano",
        "imgName": "057055.jpg",
        "imgSrc": "https://cdn0.woolworths.media/content/wowproductimages/medium/057055.jpg",
        "name": "Hoyts Oregano  60g",
        "price": 2.73,
        "unitPrice": "$0.46 / 10G"
    },
    {
        "category": "pantry",
        "href": "https://www.woolworths.com.au/shop/productdetails/53672/lowan-cereal-cocoa-bombs",
        "imgName": "053672.jpg",
        "imgSrc": "https://cdn0.woolworths.media/content/wowproductimages/medium/053672.jpg",
        "name": "Lowan Cereal Cocoa Bombs 350g",
        "price": 3.99,
        "unitPrice": "$1.14 / 100G"
    },
    {
        "category": "pantry",
        "href": "https://www.woolworths.com.au/shop/productdetails/39319/yeos-ingredients-sesame-oil",
        "imgName": "039319.jpg",
        "imgSrc": "https://cdn0.woolworths.media/content/wowproductimages/medium/039319.jpg",
        "name": "Yeos Ingredients Sesame Oil 150ml",
        "price": 3.15,
        "unitPrice": "$2.10 / 100ML"
    },
    {
        "category": "pantry",
        "href": "https://www.woolworths.com.au/shop/productdetails/85155/chupa-chups-lollipop",
        "imgName": "085155.jpg",
        "imgSrc": "https://cdn0.woolworths.media/content/wowproductimages/medium/085155.jpg",
        "name": "Chupa Chups Lollipop  12g single",
        "price": 0.5,
        "unitPrice": "$4.17 / 100G"
    },
    {
        "category": "pantry",
        "href": "https://www.woolworths.com.au/shop/productdetails/98473/anticol-throaties-throat-lozenge-soft",
        "imgName": "098473.jpg",
        "imgSrc": "https://cdn0.woolworths.media/content/wowproductimages/medium/098473.jpg",
        "name": "Anticol Throaties Throat Lozenge Soft 23pk",
        "price": 2.1,
        "unitPrice": "$0.09 / 1EA"
    },
    {
        "category": "pantry",
        "href": "https://www.woolworths.com.au/shop/productdetails/114407/just-rooibos-african-tea-bags",
        "imgName": "114407.jpg",
        "imgSrc": "https://cdn0.woolworths.media/content/wowproductimages/medium/114407.jpg",
        "name": "Just Rooibos African Tea Bags 40pk 100g",
        "price": 5.5,
        "unitPrice": "$5.50 / 100G"
    },
    {
        "category": "pantry",
        "href": "https://www.woolworths.com.au/shop/productdetails/94484/masterfoods-oregano-leaves",
        "imgName": "094484.jpg",
        "imgSrc": "https://cdn0.woolworths.media/content/wowproductimages/medium/094484.jpg",
        "name": "Masterfoods Oregano Leaves 18g",
        "price": 4.6,
        "unitPrice": "$2.56 / 10G"
    },
    {
        "category": "pantry",
        "href": "https://www.woolworths.com.au/shop/productdetails/75412/trident-singapore-soft-noodles",
        "imgName": "075412.jpg",
        "imgSrc": "https://cdn0.woolworths.media/content/wowproductimages/medium/075412.jpg",
        "name": "Trident Singapore Soft Noodles 85g",
        "price": 0.95,
        "unitPrice": "$1.12 / 100G"
    },
    {
        "category": "pantry",
        "href": "https://www.woolworths.com.au/shop/productdetails/89482/masterfoods-saffron",
        "imgName": "089482.jpg",
        "imgSrc": "https://cdn0.woolworths.media/content/wowproductimages/medium/089482.jpg",
        "name": "Masterfoods Saffron  0.5g",
        "price": 7.1,
        "unitPrice": "$142.00 / 10G"
    },
    {
        "category": "pantry",
        "href": "https://www.woolworths.com.au/shop/productdetails/93442/old-el-paso-mild-taco-sauce",
        "imgName": "093442.jpg",
        "imgSrc": "https://cdn0.woolworths.media/content/wowproductimages/medium/093442.jpg",
        "name": "Old El Paso Mild Taco Sauce 200g",
        "price": 3.2,
        "unitPrice": "$1.60 / 100G"
    },
    {
        "category": "pantry",
        "href": "https://www.woolworths.com.au/shop/productdetails/97730/valcom-canned-bamboo-shoots-sliced",
        "imgName": "097730.jpg",
        "imgSrc": "https://cdn0.woolworths.media/content/wowproductimages/medium/097730.jpg",
        "name": "Valcom Canned Bamboo Shoots Sliced 225g",
        "price": 1.1,
        "unitPrice": "$4.89 / 1KG"
    },
    {
        "category": "pantry",
        "href": "https://www.woolworths.com.au/shop/productdetails/113891/poppin-microwave-popcorn-lite-butter-flavour",
        "imgName": "113891.jpg",
        "imgSrc": "https://cdn0.woolworths.media/content/wowproductimages/medium/113891.jpg",
        "name": "Poppin Microwave Popcorn Lite Butter Flavour 85g",
        "price": 1.8,
        "unitPrice": "$2.12 / 100G"
    },
    {
        "category": "pantry",
        "href": "https://www.woolworths.com.au/shop/productdetails/193885/woolworths-dates",
        "imgName": "193885.jpg",
        "imgSrc": "https://cdn0.woolworths.media/content/wowproductimages/medium/193885.jpg",
        "name": "Woolworths Dates  per kg",
        "price": 20,
        "unitPrice": "$20.00 / 1KG"
    },
    {
        "category": "pantry",
        "href": "https://www.woolworths.com.au/shop/productdetails/185221/woolworths-peanuts-roasted-salted",
        "imgName": "185221.jpg",
        "imgSrc": "https://cdn0.woolworths.media/content/wowproductimages/medium/185221.jpg",
        "name": "Woolworths Peanuts Roasted & Salted 750g pack",
        "price": 7,
        "unitPrice": "$9.33 / 1KG"
    },
    {
        "category": "pantry",
        "href": "https://www.woolworths.com.au/shop/productdetails/147810/always-fresh-olives-spanish-stuffed",
        "imgName": "147810.jpg",
        "imgSrc": "https://cdn0.woolworths.media/content/wowproductimages/medium/147810.jpg",
        "name": "Always Fresh Olives Spanish Stuffed 700g",
        "price": 4.5,
        "unitPrice": "$6.43 / 1KG"
    },
    {
        "category": "pantry",
        "href": "https://www.woolworths.com.au/shop/productdetails/223995/sunrice-jasmine-rice-thai",
        "imgName": "223995.jpg",
        "imgSrc": "https://cdn0.woolworths.media/content/wowproductimages/medium/223995.jpg",
        "name": "Sunrice Jasmine Rice Thai 5kg",
        "price": 13.5,
        "unitPrice": "$0.27 / 100G"
    },
    {
        "category": "pantry",
        "href": "https://www.woolworths.com.au/shop/productdetails/210621/hoty-s-black-pepper-whole",
        "imgName": "210621.jpg",
        "imgSrc": "https://cdn0.woolworths.media/content/wowproductimages/medium/210621.jpg",
        "name": "Hoty's Black Pepper Whole 190g",
        "price": 5.5,
        "unitPrice": "$0.29 / 10G"
    },
    {
        "category": "pantry",
        "href": "https://www.woolworths.com.au/shop/productdetails/222301/sharwoods-simmer-sauce-tikka-masala",
        "imgName": "222301.jpg",
        "imgSrc": "https://cdn0.woolworths.media/content/wowproductimages/medium/222301.jpg",
        "name": "Sharwoods Simmer Sauce Tikka Masala 420g",
        "price": 4,
        "unitPrice": "$0.95 / 100G"
    },
    {
        "category": "pantry",
        "href": "https://www.woolworths.com.au/shop/productdetails/251075/woolworths-select-italian-dried-herbs",
        "imgName": "251075.jpg",
        "imgSrc": "https://cdn0.woolworths.media/content/wowproductimages/medium/251075.jpg",
        "name": "Woolworths Select Italian Dried Herbs 10g",
        "price": 2,
        "unitPrice": "$2.00 / 10G"
    },
    {
        "category": "pantry",
        "href": "https://www.woolworths.com.au/shop/productdetails/262434/tetley-decaffeinated-green-tea-bags",
        "imgName": "262434.jpg",
        "imgSrc": "https://cdn0.woolworths.media/content/wowproductimages/medium/262434.jpg",
        "name": "Tetley Decaffeinated Green Tea Bags 50pk 88g",
        "price": 4.2,
        "unitPrice": "$4.80 / 100G"
    },
    {
        "category": "pantry",
        "href": "https://www.woolworths.com.au/shop/productdetails/262823/woolworths-select-natural-plain-waffle-cones",
        "imgName": "262823.jpg",
        "imgSrc": "https://cdn0.woolworths.media/content/wowproductimages/medium/262823.jpg",
        "name": "Woolworths Select Natural Plain Waffle Cones 12pk",
        "price": 3.5,
        "unitPrice": "$2.06 / 100G"
    },
    {
        "category": "pantry",
        "href": "https://www.woolworths.com.au/shop/productdetails/305383/hellmans-ingredients-real-mayonnaise",
        "imgName": "305383.jpg",
        "imgSrc": "https://cdn0.woolworths.media/content/wowproductimages/medium/305383.jpg",
        "name": "Hellmans Ingredients Real Mayonnaise 400g",
        "price": 6.2,
        "unitPrice": "$1.55 / 100G"
    },
    {
        "category": "pantry",
        "href": "https://www.woolworths.com.au/shop/productdetails/235896/angas-park-apple",
        "imgName": "235896.jpg",
        "imgSrc": "https://cdn0.woolworths.media/content/wowproductimages/medium/235896.jpg",
        "name": "Angas Park Apple  200g",
        "price": 4.2,
        "unitPrice": "$21.00 / 1KG"
    },
    {
        "category": "pantry",
        "href": "https://www.woolworths.com.au/shop/productdetails/254422/globus-cucumbers-polish-dill",
        "imgName": "254422.jpg",
        "imgSrc": "https://cdn0.woolworths.media/content/wowproductimages/medium/254422.jpg",
        "name": "Globus Cucumbers Polish Dill 1.95kg",
        "price": 7.5,
        "unitPrice": "$3.85 / 1KG"
    },
    {
        "category": "pantry",
        "href": "https://www.woolworths.com.au/shop/productdetails/249551/masterfoods-seasoning-moroccan",
        "imgName": "249551.jpg",
        "imgSrc": "https://cdn0.woolworths.media/content/wowproductimages/medium/249551.jpg",
        "name": "Masterfoods Seasoning Moroccan 160g",
        "price": 6.5,
        "unitPrice": "$0.41 / 10G"
    },
    {
        "category": "pantry",
        "href": "https://www.woolworths.com.au/shop/productdetails/256933/pataks-ingredients-pickle-eggplant",
        "imgName": "256933.jpg",
        "imgSrc": "https://cdn0.woolworths.media/content/wowproductimages/medium/256933.jpg",
        "name": "Pataks Ingredients Pickle Eggplant 312g",
        "price": 6.4,
        "unitPrice": "$2.05 / 100G"
    },
    {
        "category": "pantry",
        "href": "https://www.woolworths.com.au/shop/productdetails/254645/yoosh-aloe-vera-drinks",
        "imgName": "254645.jpg",
        "imgSrc": "https://cdn0.woolworths.media/content/wowproductimages/medium/254645.jpg",
        "name": "Yoosh Aloe Vera Drinks  1.5l",
        "price": 4.85,
        "unitPrice": "$3.23 / 1L"
    },
    {
        "category": "pantry",
        "href": "https://www.woolworths.com.au/shop/productdetails/310805/go-natural-nut-snacks-nut-delight-chopped",
        "imgName": "310805.jpg",
        "imgSrc": "https://cdn0.woolworths.media/content/wowproductimages/medium/310805.jpg",
        "name": "Go Natural Nut Snacks Nut Delight Chopped 175g",
        "price": 5.2,
        "unitPrice": "$2.97 / 100G"
    },
    {
        "category": "pantry",
        "href": "https://www.woolworths.com.au/shop/productdetails/313632/erawan-rice-noodles-stick-pad-thai",
        "imgName": "313632.jpg",
        "imgSrc": "https://cdn0.woolworths.media/content/wowproductimages/medium/313632.jpg",
        "name": "Erawan Rice Noodles Stick Pad Thai 200g",
        "price": 1.5,
        "unitPrice": "$0.75 / 100G"
    },
    {
        "category": "pantry",
        "href": "https://www.woolworths.com.au/shop/productdetails/307786/betty-crocker-brownie-mix-frosted-chocolate",
        "imgName": "307786.jpg",
        "imgSrc": "https://cdn0.woolworths.media/content/wowproductimages/medium/307786.jpg",
        "name": "Betty Crocker Brownie Mix Frosted Chocolate 500g",
        "price": 5.2,
        "unitPrice": "$1.04 / 100G"
    },
    {
        "category": "pantry",
        "href": "https://www.woolworths.com.au/shop/productdetails/310572/beerenberg-relish-caramalised-onion",
        "imgName": "310572.jpg",
        "imgSrc": "https://cdn0.woolworths.media/content/wowproductimages/medium/310572.jpg",
        "name": "Beerenberg Relish Caramalised Onion 280g",
        "price": 5,
        "unitPrice": "$17.86 / 1KG"
    },
    {
        "category": "pantry",
        "href": "https://www.woolworths.com.au/shop/productdetails/251319/woolworths-select-parsley-flakes",
        "imgName": "251319.jpg",
        "imgSrc": "https://cdn0.woolworths.media/content/wowproductimages/medium/251319.jpg",
        "name": "Woolworths Select Parsley Flakes 15g",
        "price": 2.25,
        "unitPrice": "$1.50 / 10G"
    },
    {
        "category": "pantry",
        "href": "https://www.woolworths.com.au/shop/productdetails/251326/woolworths-select-seasoning-steak-spice",
        "imgName": "251326.jpg",
        "imgSrc": "https://cdn0.woolworths.media/content/wowproductimages/medium/251326.jpg",
        "name": "Woolworths Select Seasoning Steak Spice 175g",
        "price": 3.86,
        "unitPrice": "$0.22 / 10G"
    },
    {
        "category": "pantry",
        "href": "https://www.woolworths.com.au/shop/productdetails/326183/frys-chocolate-bar-peppermint-cream",
        "imgName": "326183.jpg",
        "imgSrc": "https://cdn0.woolworths.media/content/wowproductimages/medium/326183.jpg",
        "name": "Frys Chocolate Bar Peppermint Cream 49g",
        "price": 2.55,
        "unitPrice": "$5.20 / 100G"
    },
    {
        "category": "pantry",
        "href": "https://www.woolworths.com.au/shop/productdetails/320103/europe-summer-roll",
        "imgName": "320103.jpg",
        "imgSrc": "https://cdn0.woolworths.media/content/wowproductimages/medium/320103.jpg",
        "name": "Europe Summer Roll  40g bar",
        "price": 2,
        "unitPrice": "$5.00 / 100G"
    },
    {
        "category": "pantry",
        "href": "https://www.woolworths.com.au/shop/productdetails/438576/hart-soul-tom-yum-soup-cup",
        "imgName": "438576.jpg",
        "imgSrc": "https://cdn0.woolworths.media/content/wowproductimages/medium/438576.jpg",
        "name": "Hart & Soul Tom Yum Soup Cup  85g",
        "price": 2,
        "unitPrice": "$2.35 / 100G"
    },
    {
        "category": "pantry",
        "href": "https://www.woolworths.com.au/shop/productdetails/426427/tetley-pyramid-infused-passionfruit",
        "imgName": "426427.jpg",
        "imgSrc": "https://cdn0.woolworths.media/content/wowproductimages/medium/426427.jpg",
        "name": "Tetley Pyramid Infused Passionfruit 18pk",
        "price": 3,
        "unitPrice": "$8.33 / 100G"
    },
    {
        "category": "pantry",
        "href": "https://www.woolworths.com.au/shop/productdetails/378069/woolworths-multigrain-brown-rice-crackers",
        "imgName": "378069.jpg",
        "imgSrc": "https://cdn0.woolworths.media/content/wowproductimages/medium/378069.jpg",
        "name": "Woolworths Multigrain Brown Rice Crackers 100g",
        "price": 1.45,
        "unitPrice": "$1.45 / 100G"
    },
    {
        "category": "pantry",
        "href": "https://www.woolworths.com.au/shop/productdetails/445340/masterfoods-recipe-base-savoury-mince",
        "imgName": "445340.jpg",
        "imgSrc": "https://cdn0.woolworths.media/content/wowproductimages/medium/445340.jpg",
        "name": "Masterfoods Recipe Base Savoury Mince 175g",
        "price": 2.19,
        "unitPrice": "$1.25 / 100G"
    },
    {
        "category": "pantry",
        "href": "https://www.woolworths.com.au/shop/productdetails/428309/kelloggs-special-k-gluten-free",
        "imgName": "428309.jpg",
        "imgSrc": "https://cdn0.woolworths.media/content/wowproductimages/medium/428309.jpg",
        "name": "Kelloggs Special K Gluten Free 330g",
        "price": 5.99,
        "unitPrice": "$1.82 / 100G"
    },
    {
        "category": "pantry",
        "href": "https://www.woolworths.com.au/shop/productdetails/500963/old-el-paso-stand-n-stuff-tortilla-wholegrain",
        "imgName": "500963.jpg",
        "imgSrc": "https://cdn0.woolworths.media/content/wowproductimages/medium/500963.jpg",
        "name": "Old El Paso Stand 'n Stuff Tortilla Wholegrain 8pk 193g",
        "price": 4.45,
        "unitPrice": "$2.31 / 100G"
    },
    {
        "category": "pantry",
        "href": "https://www.woolworths.com.au/shop/productdetails/514466/kettle-sweet-potato-chips-sea-salt",
        "imgName": "514466.jpg",
        "imgSrc": "https://cdn0.woolworths.media/content/wowproductimages/medium/514466.jpg",
        "name": "Kettle Sweet Potato Chips Sea Salt 135g",
        "price": 4.39,
        "unitPrice": "$3.25 / 100G"
    },
    {
        "category": "pantry",
        "href": "https://www.woolworths.com.au/shop/productdetails/446301/continental-chicken-stock-powder",
        "imgName": "446301.jpg",
        "imgSrc": "https://cdn0.woolworths.media/content/wowproductimages/medium/446301.jpg",
        "name": "Continental Chicken Stock Powder  130g",
        "price": 2.99,
        "unitPrice": "$0.23 / 10G"
    },
    {
        "category": "pantry",
        "href": "https://www.woolworths.com.au/shop/productdetails/480249/pringles-chips-salt-vinegar",
        "imgName": "480249.jpg",
        "imgSrc": "https://cdn0.woolworths.media/content/wowproductimages/medium/480249.jpg",
        "name": "Pringles Chips Salt & Vinegar 53g tube",
        "price": 1.9,
        "unitPrice": "$3.58 / 100G"
    },
    {
        "category": "pantry",
        "href": "https://www.woolworths.com.au/shop/productdetails/580738/nestle-jaffas",
        "imgName": "580738.jpg",
        "imgSrc": "https://cdn0.woolworths.media/content/wowproductimages/medium/580738.jpg",
        "name": "Nestle Jaffas  340g",
        "price": 5.2,
        "unitPrice": "$1.53 / 100G"
    },
    {
        "category": "pantry",
        "href": "https://www.woolworths.com.au/shop/productdetails/425685/kintra-foods-dandy-chai-blend",
        "imgName": "425685.jpg",
        "imgSrc": "https://cdn0.woolworths.media/content/wowproductimages/medium/425685.jpg",
        "name": "Kintra Foods Dandy Chai Blend  90g",
        "price": 6.9,
        "unitPrice": "$7.67 / 100G"
    },
    {
        "category": "pantry",
        "href": "https://www.woolworths.com.au/shop/productdetails/491621/dollar-sweets-chocolate-minis-jar",
        "imgName": "491621.jpg",
        "imgSrc": "https://cdn0.woolworths.media/content/wowproductimages/medium/491621.jpg",
        "name": "Dollar Sweets Chocolate Minis Jar  135g",
        "price": 5,
        "unitPrice": "$3.70 / 100G"
    },
    {
        "category": "pantry",
        "href": "https://www.woolworths.com.au/shop/productdetails/505088/carman-s-oat-slice",
        "imgName": "505088.jpg",
        "imgSrc": "https://cdn0.woolworths.media/content/wowproductimages/medium/505088.jpg",
        "name": "Carman's Oat Slice  210g",
        "price": 5.6,
        "unitPrice": "$2.67 / 100G"
    },
    {
        "category": "pantry",
        "href": "https://www.woolworths.com.au/shop/productdetails/701689/kellogg-s-all-bran-honey-almond-wheat-flakes",
        "imgName": "701689.jpg",
        "imgSrc": "https://cdn0.woolworths.media/content/wowproductimages/medium/701689.jpg",
        "name": "Kellogg's All Bran Honey Almond Wheat Flakes 420g",
        "price": 5.99,
        "unitPrice": "$1.43 / 100G"
    },
    {
        "category": "pantry",
        "href": "https://www.woolworths.com.au/shop/productdetails/517093/passage-to-india-butter-chicken-97-fat-free",
        "imgName": "517093.jpg",
        "imgSrc": "https://cdn0.woolworths.media/content/wowproductimages/medium/517093.jpg",
        "name": "Passage To India Butter Chicken 97% Fat Free 375g",
        "price": 4.3,
        "unitPrice": "$1.15 / 100G"
    },
    {
        "category": "pantry",
        "href": "https://www.woolworths.com.au/shop/productdetails/581349/eclipse-chewy-mints-peppermint-bottle",
        "imgName": "581349.jpg",
        "imgSrc": "https://cdn0.woolworths.media/content/wowproductimages/medium/581349.jpg",
        "name": "Eclipse Chewy Mints Peppermint Bottle 93g",
        "price": 4,
        "unitPrice": "$4.30 / 100G"
    },
    {
        "category": "pantry",
        "href": "https://www.woolworths.com.au/shop/productdetails/611543/continental-pasta-sauce-chicken-curry",
        "imgName": "611543.jpg",
        "imgSrc": "https://cdn0.woolworths.media/content/wowproductimages/medium/611543.jpg",
        "name": "Continental Pasta & Sauce Chicken Curry 4x220g",
        "price": 5,
        "unitPrice": "$2.27 / 100G"
    },
    {
        "category": "pantry",
        "href": "https://www.woolworths.com.au/shop/productdetails/738916/table-of-plenty-mini-rice-snacks-dark-chocolate-cakes",
        "imgName": "738916.jpg",
        "imgSrc": "https://cdn0.woolworths.media/content/wowproductimages/medium/738916.jpg",
        "name": "Table Of Plenty Mini Rice Snacks Dark Chocolate Cakes 60g",
        "price": 3.2,
        "unitPrice": "$5.33 / 100G"
    },
    {
        "category": "pantry",
        "href": "https://www.woolworths.com.au/shop/productdetails/716109/macro-organic-chips-mixed-vegetable",
        "imgName": "716109.jpg",
        "imgSrc": "https://cdn0.woolworths.media/content/wowproductimages/medium/716109.jpg",
        "name": "Macro Organic Chips Mixed Vegetable 70g",
        "price": 4.79,
        "unitPrice": "$6.84 / 100G"
    },
    {
        "category": "pantry",
        "href": "https://www.woolworths.com.au/shop/productdetails/707336/paul-newmans-pasta-sauce-tomato-basil-garlic",
        "imgName": "707336.jpg",
        "imgSrc": "https://cdn0.woolworths.media/content/wowproductimages/medium/707336.jpg",
        "name": "Paul Newmans Pasta Sauce Tomato Basil & Garlic 680g",
        "price": 4.83,
        "unitPrice": "$0.71 / 100G"
    },
    {
        "category": "pantry",
        "href": "https://www.woolworths.com.au/shop/productdetails/745349/lee-kum-kee-sauce-sweet-sour-chicken",
        "imgName": "745349.jpg",
        "imgSrc": "https://cdn0.woolworths.media/content/wowproductimages/medium/745349.jpg",
        "name": "Lee Kum Kee Sauce Sweet & Sour Chicken 145g",
        "price": 2.2,
        "unitPrice": "$1.52 / 100G"
    },
    {
        "category": "pantry",
        "href": "https://www.woolworths.com.au/shop/productdetails/787275/old-el-paso-stand-n-stuff-tortilla",
        "imgName": "787275.jpg",
        "imgSrc": "https://cdn0.woolworths.media/content/wowproductimages/medium/787275.jpg",
        "name": "Old El Paso Stand 'n Stuff Tortilla 8pk 193g",
        "price": 4.45,
        "unitPrice": "$2.31 / 100G"
    },
    {
        "category": "pantry",
        "href": "https://www.woolworths.com.au/shop/productdetails/747362/nescafe-dolce-gusto-coffee-capsules-latte-macchiato",
        "imgName": "747362.jpg",
        "imgSrc": "https://cdn0.woolworths.media/content/wowproductimages/medium/747362.jpg",
        "name": "Nescafe Dolce Gusto Coffee Capsules Latte Macchiato 16pk",
        "price": 8.5,
        "unitPrice": "$0.53 / 1EA"
    },
    {
        "category": "pantry",
        "href": "https://www.woolworths.com.au/shop/productdetails/773763/dollar-sweets-cake-decoration-fairy-toppings",
        "imgName": "773763.jpg",
        "imgSrc": "https://cdn0.woolworths.media/content/wowproductimages/medium/773763.jpg",
        "name": "Dollar Sweets Cake Decoration Fairy Toppings 145g",
        "price": 6,
        "unitPrice": "$4.14 / 100G"
    },
    {
        "category": "pantry",
        "href": "https://www.woolworths.com.au/shop/productdetails/838875/mentos-pure-white-gum-bubble",
        "imgName": "838875.jpg",
        "imgSrc": "https://cdn0.woolworths.media/content/wowproductimages/medium/838875.jpg",
        "name": "Mentos Pure White Gum Bubble 29g tin",
        "price": 2,
        "unitPrice": "$6.90 / 100G"
    },
    {
        "category": "pantry",
        "href": "https://www.woolworths.com.au/shop/productdetails/936538/sirena-brown-rice-tuna-superfood-quinoa",
        "imgName": "936538.jpg",
        "imgSrc": "https://cdn0.woolworths.media/content/wowproductimages/medium/936538.jpg",
        "name": "Sirena Brown Rice & Tuna Superfood Quinoa 170g",
        "price": 4,
        "unitPrice": "$23.53 / 1KG"
    },
    {
        "category": "pantry",
        "href": "https://www.woolworths.com.au/shop/productdetails/786274/carman-s-roasted-nut-bars-greek-style-yoghurt-blueberry",
        "imgName": "786274.jpg",
        "imgSrc": "https://cdn0.woolworths.media/content/wowproductimages/medium/786274.jpg",
        "name": "Carman's Roasted Nut Bars Greek Style Yoghurt Blueberry 160g",
        "price": 5.6,
        "unitPrice": "$3.50 / 100G"
    },
    {
        "category": "pantry",
        "href": "https://www.woolworths.com.au/shop/productdetails/733687/be-natural-cashew-almond-hazelnut-coconut-cereal",
        "imgName": "733687.jpg",
        "imgSrc": "https://cdn0.woolworths.media/content/wowproductimages/medium/733687.jpg",
        "name": "Be Natural Cashew Almond Hazelnut & Coconut Cereal 415g",
        "price": 5.29,
        "unitPrice": "$1.27 / 100G"
    },
    {
        "category": "pantry",
        "href": "https://www.woolworths.com.au/shop/productdetails/774699/woolworths-dried-fruit-date-coconut-rolls",
        "imgName": "774699.jpg",
        "imgSrc": "https://cdn0.woolworths.media/content/wowproductimages/medium/774699.jpg",
        "name": "Woolworths Dried Fruit Date & Coconut Rolls 225g punnet",
        "price": 7,
        "unitPrice": "$31.11 / 1KG"
    },
    {
        "category": "pantry",
        "href": "https://www.woolworths.com.au/shop/productdetails/794875/sanitarium-weet-bix-gluten-free",
        "imgName": "794875.jpg",
        "imgSrc": "https://cdn0.woolworths.media/content/wowproductimages/medium/794875.jpg",
        "name": "Sanitarium Weet-bix Gluten Free 375g",
        "price": 5,
        "unitPrice": "$1.33 / 100G"
    },
    {
        "category": "pantry",
        "href": "https://www.woolworths.com.au/shop/productdetails/798249/guzzi-pasta-linguine",
        "imgName": "798249.jpg",
        "imgSrc": "https://cdn0.woolworths.media/content/wowproductimages/medium/798249.jpg",
        "name": "Guzzi Pasta Linguine  375g",
        "price": 4.5,
        "unitPrice": "$1.20 / 100G"
    },
    {
        "category": "pantry",
        "href": "https://www.woolworths.com.au/shop/productdetails/928005/arnolds-farm-clusters-brekky-bliss",
        "imgName": "928005.jpg",
        "imgSrc": "https://cdn0.woolworths.media/content/wowproductimages/medium/928005.jpg",
        "name": "Arnolds Farm Clusters Brekky Bliss 1kg",
        "price": 6,
        "unitPrice": "$0.60 / 100G"
    },
    {
        "category": "pantry",
        "href": "https://www.woolworths.com.au/shop/productdetails/878725/uncle-bens-brown-rice",
        "imgName": "878725.jpg",
        "imgSrc": "https://cdn0.woolworths.media/content/wowproductimages/medium/878725.jpg",
        "name": "Uncle Bens Brown Rice  300g",
        "price": 3.25,
        "unitPrice": "$1.08 / 100G"
    },
    {
        "category": "pantry",
        "href": "https://www.woolworths.com.au/shop/productdetails/936188/darrell-lea-raspberry-white-chocolate-bullets",
        "imgName": "936188.jpg",
        "imgSrc": "https://cdn0.woolworths.media/content/wowproductimages/medium/936188.jpg",
        "name": "Darrell Lea Raspberry White Chocolate Bullets 200g",
        "price": 3.2,
        "unitPrice": "$1.60 / 100G"
    },
    {
        "category": "pantry",
        "href": "https://www.woolworths.com.au/shop/productdetails/828452/continental-cup-a-soup-tasty-tomato",
        "imgName": "828452.jpg",
        "imgSrc": "https://cdn0.woolworths.media/content/wowproductimages/medium/828452.jpg",
        "name": "Continental Cup A Soup Tasty Tomato 54g",
        "price": 2,
        "unitPrice": "$3.70 / 100G"
    },
    {
        "category": "pantry",
        "href": "https://www.woolworths.com.au/shop/productdetails/839672/double-d-butter-candy-sugar-free",
        "imgName": "839672.jpg",
        "imgSrc": "https://cdn0.woolworths.media/content/wowproductimages/medium/839672.jpg",
        "name": "Double D Butter Candy Sugar Free 90g bag",
        "price": 2.6,
        "unitPrice": "$2.89 / 100G"
    },
    {
        "category": "pantry",
        "href": "https://www.woolworths.com.au/shop/productdetails/829577/food-for-health-muesli-gluten-free",
        "imgName": "829577.jpg",
        "imgSrc": "https://cdn0.woolworths.media/content/wowproductimages/medium/829577.jpg",
        "name": "Food For Health Muesli Gluten Free 425g",
        "price": 8.59,
        "unitPrice": "$2.02 / 100G"
    },
    {
        "category": "pantry",
        "href": "https://www.woolworths.com.au/shop/productdetails/885370/queen-butter-cream-icing",
        "imgName": "885370.jpg",
        "imgSrc": "https://cdn0.woolworths.media/content/wowproductimages/medium/885370.jpg",
        "name": "Queen Butter Cream Icing  300g",
        "price": 3.25,
        "unitPrice": "$1.08 / 100G"
    },
    {
        "category": "pantry",
        "href": "https://www.woolworths.com.au/shop/productdetails/90000830/pringles-sour-cream-onion-crisps-53g-x-12-bundle",
        "imgName": "90000830.jpg",
        "imgSrc": "https://cdn0.woolworths.media/content/wowproductimages/medium/90000830.jpg",
        "name": "Pringles Sour Cream & Onion Crisps 53g X 12 Bundle",
        "price": 12,
        "unitPrice": "$1.89 / G"
    },
    {
        "category": "pantry",
        "href": "https://www.woolworths.com.au/shop/productdetails/90000421/nestle-assorted-block-3pk-bundle",
        "imgName": "90000421.jpg",
        "imgSrc": "https://cdn0.woolworths.media/content/wowproductimages/medium/90000421.jpg",
        "name": "Nestle Assorted Block 3pk Bundle",
        "price": 10
    }
]