[
    {
        "category": "pet",
        "href": "https://www.woolworths.com.au/shop/productdetails/662191/sustenhance-dog-sausage-with-skin-coat",
        "imgName": "662191.jpg",
        "imgSrc": "https://cdn0.woolworths.media/content/wowproductimages/medium/662191.jpg",
        "name": "Sustenhance Dog Sausage With Skin & Coat 10pk",
        "price": 9,
        "unitPrice": "$1.13 / 100G"
    },
    {
        "category": "pet",
        "href": "https://www.woolworths.com.au/shop/productdetails/786929/regal-adult-cat-food-lean-mince",
        "imgName": "786929.jpg",
        "imgSrc": "https://cdn0.woolworths.media/content/wowproductimages/medium/786929.jpg",
        "name": "Regal Adult Cat Food Lean Mince 2x100g",
        "price": 2.5,
        "unitPrice": "$1.25 / 100G"
    },
    {
        "category": "pet",
        "href": "https://www.woolworths.com.au/shop/productdetails/657486/vitapet-chicken-muesli-bars",
        "imgName": "657486.jpg",
        "imgSrc": "https://cdn0.woolworths.media/content/wowproductimages/medium/657486.jpg",
        "name": "Vitapet Chicken Muesli Bars 100g",
        "price": 6,
        "unitPrice": "$6.00 / 100G"
    },
    {
        "category": "pet",
        "href": "https://www.woolworths.com.au/shop/productdetails/545772/total-care-capstar-medium-large-dog",
        "imgName": "545772.jpg",
        "imgSrc": "https://cdn0.woolworths.media/content/wowproductimages/medium/545772.jpg",
        "name": "Total Care Capstar Medium/large Dog 3pk",
        "price": 16,
        "unitPrice": "$16.00 / 1EA"
    },
    {
        "category": "pet",
        "href": "https://www.woolworths.com.au/shop/productdetails/648929/total-care-chase-play",
        "imgName": "648929.jpg",
        "imgSrc": "https://cdn0.woolworths.media/content/wowproductimages/medium/648929.jpg",
        "name": "Total Care Chase & Play  each",
        "price": 7.5,
        "unitPrice": "$7.50 / 1EA"
    },
    {
        "category": "pet",
        "href": "https://www.woolworths.com.au/shop/productdetails/657082/nature-s-gift-sustain-kangaroo-dry-dog-food",
        "imgName": "657082.jpg",
        "imgSrc": "https://cdn0.woolworths.media/content/wowproductimages/medium/657082.jpg",
        "name": "Nature's Gift Sustain Kangaroo Dry Dog Food 6kg",
        "price": 26,
        "unitPrice": "$0.43 / 100G"
    },
    {
        "category": "pet",
        "href": "https://www.woolworths.com.au/shop/productdetails/657194/schmackos-tasty-bites-cheese-beef-nibbles",
        "imgName": "657194.jpg",
        "imgSrc": "https://cdn0.woolworths.media/content/wowproductimages/medium/657194.jpg",
        "name": "Schmackos Tasty Bites Cheese & Beef Nibbles 140g",
        "price": 3.8,
        "unitPrice": "$2.71 / 100G"
    },
    {
        "category": "pet",
        "href": "https://www.woolworths.com.au/shop/productdetails/513241/regal-fresh-beef-tasters",
        "imgName": "513241.jpg",
        "imgSrc": "https://cdn0.woolworths.media/content/wowproductimages/medium/513241.jpg",
        "name": "Regal Fresh Beef Tasters  750g",
        "price": 3.9,
        "unitPrice": "$0.52 / 100G"
    },
    {
        "category": "pet",
        "href": "https://www.woolworths.com.au/shop/productdetails/651145/total-care-slicker-brush",
        "imgName": "651145.jpg",
        "imgSrc": "https://cdn0.woolworths.media/content/wowproductimages/medium/651145.jpg",
        "name": "Total Care Slicker Brush  each",
        "price": 12,
        "unitPrice": "$12.00 / 1EA"
    },
    {
        "category": "pet",
        "href": "https://www.woolworths.com.au/shop/productdetails/651147/total-care-flea-control-comb",
        "imgName": "651147.jpg",
        "imgSrc": "https://cdn0.woolworths.media/content/wowproductimages/medium/651147.jpg",
        "name": "Total Care Flea Control Comb  each",
        "price": 15,
        "unitPrice": "$15.00 / 1EA"
    },
    {
        "category": "pet",
        "href": "https://www.woolworths.com.au/shop/productdetails/963192/dine-daily-cat-food-slices-with-tasmanian-salmon",
        "imgName": "963192.jpg",
        "imgSrc": "https://cdn0.woolworths.media/content/wowproductimages/medium/963192.jpg",
        "name": "Dine Daily Cat Food Slices With Tasmanian Salmon 85g",
        "price": 1.1,
        "unitPrice": "$1.29 / 100G"
    },
    {
        "category": "pet",
        "href": "https://www.woolworths.com.au/shop/productdetails/66660/my-dog-adult-dog-food-prime-beef-with-cheese",
        "imgName": "066660.jpg",
        "imgSrc": "https://cdn0.woolworths.media/content/wowproductimages/medium/066660.jpg",
        "name": "My Dog Adult Dog Food Prime Beef With Cheese 100g",
        "price": 1.35,
        "unitPrice": "$1.35 / 100G"
    },
    {
        "category": "pet",
        "href": "https://www.woolworths.com.au/shop/productdetails/477634/dine-desire-cat-food-chicken-prawn-in-sauce",
        "imgName": "477634.jpg",
        "imgSrc": "https://cdn0.woolworths.media/content/wowproductimages/medium/477634.jpg",
        "name": "Dine Desire Cat Food Chicken & Prawn In Sauce 85g",
        "price": 1.9,
        "unitPrice": "$2.24 / 100G"
    },
    {
        "category": "pet",
        "href": "https://www.woolworths.com.au/shop/productdetails/755535/woolworths-select-bird-food-parrot",
        "imgName": "755535.jpg",
        "imgSrc": "https://cdn0.woolworths.media/content/wowproductimages/medium/755535.jpg",
        "name": "Woolworths Select Bird Food Parrot 90g",
        "price": 2,
        "unitPrice": "$2.22 / 100G"
    },
    {
        "category": "pet",
        "href": "https://www.woolworths.com.au/shop/productdetails/214646/optimum-adult-dog-food-beef-rice-egg",
        "imgName": "214646.jpg",
        "imgSrc": "https://cdn0.woolworths.media/content/wowproductimages/medium/214646.jpg",
        "name": "Optimum Adult Dog Food Beef Rice & Egg 700g",
        "price": 3.55,
        "unitPrice": "$0.51 / 100G"
    },
    {
        "category": "pet",
        "href": "https://www.woolworths.com.au/shop/productdetails/481183/baxters-lamb-bone-hickory-smoked",
        "imgName": "481183.jpg",
        "imgSrc": "https://cdn0.woolworths.media/content/wowproductimages/medium/481183.jpg",
        "name": "Baxters Lamb Bone Hickory Smoked each",
        "price": 3,
        "unitPrice": "$3.00 / 1EA"
    },
    {
        "category": "pet",
        "href": "https://www.woolworths.com.au/shop/productdetails/336403/dine-desire-adult-cat-food-tuna-fillets-prawn",
        "imgName": "336403.jpg",
        "imgSrc": "https://cdn0.woolworths.media/content/wowproductimages/medium/336403.jpg",
        "name": "Dine Desire Adult Cat Food Tuna Fillets & Prawn 85g",
        "price": 1.9,
        "unitPrice": "$2.24 / 100G"
    },
    {
        "category": "pet",
        "href": "https://www.woolworths.com.au/shop/productdetails/648302/rufus-coco-dog-collar-xsmall",
        "imgName": "648302.jpg",
        "imgSrc": "https://cdn0.woolworths.media/content/wowproductimages/medium/648302.jpg",
        "name": "Rufus & Coco Dog Collar Xsmall each",
        "price": 13,
        "unitPrice": "$13.00 / 1EA"
    },
    {
        "category": "pet",
        "href": "https://www.woolworths.com.au/shop/productdetails/117763/catsan-cat-litter-ultra",
        "imgName": "117763.jpg",
        "imgSrc": "https://cdn0.woolworths.media/content/wowproductimages/medium/117763.jpg",
        "name": "Catsan Cat Litter Ultra 7kg",
        "price": 13.09,
        "unitPrice": "$1.87 / 1KG"
    },
    {
        "category": "pet",
        "href": "https://www.woolworths.com.au/shop/productdetails/126832/vip-adult-dog-food-roll-gourmet-chicken",
        "imgName": "126832.jpg",
        "imgSrc": "https://cdn0.woolworths.media/content/wowproductimages/medium/126832.jpg",
        "name": "Vip Adult Dog Food Roll Gourmet Chicken 3kg",
        "price": 7,
        "unitPrice": "$0.23 / 100G"
    },
    {
        "category": "pet",
        "href": "https://www.woolworths.com.au/shop/productdetails/239418/paws-pet-fresh-adult-dog-food-mince",
        "imgName": "239418.jpg",
        "imgSrc": "https://cdn0.woolworths.media/content/wowproductimages/medium/239418.jpg",
        "name": "Paws Pet Fresh Adult Dog Food Mince 3kg",
        "price": 14.4,
        "unitPrice": "$0.48 / 100G"
    },
    {
        "category": "pet",
        "href": "https://www.woolworths.com.au/shop/productdetails/183885/breeders-choice-paper-cat-litter",
        "imgName": "183885.jpg",
        "imgSrc": "https://cdn0.woolworths.media/content/wowproductimages/medium/183885.jpg",
        "name": "Breeders Choice Paper Cat Litter  24l",
        "price": 20,
        "unitPrice": "$0.83 / 1L"
    },
    {
        "category": "pet",
        "href": "https://www.woolworths.com.au/shop/productdetails/53329/breeders-choice-paper-cat-litter",
        "imgName": "053329.jpg",
        "imgSrc": "https://cdn0.woolworths.media/content/wowproductimages/medium/053329.jpg",
        "name": "Breeders Choice Paper Cat Litter  15l",
        "price": 14.3,
        "unitPrice": "$0.95 / 1L"
    },
    {
        "category": "pet",
        "href": "https://www.woolworths.com.au/shop/productdetails/481210/smitten-cat-litter-crystals",
        "imgName": "481210.jpg",
        "imgSrc": "https://cdn0.woolworths.media/content/wowproductimages/medium/481210.jpg",
        "name": "Smitten Cat Litter Crystals  6kg",
        "price": 19.99,
        "unitPrice": "$3.33 / 1KG"
    },
    {
        "category": "pet",
        "href": "https://www.woolworths.com.au/shop/productdetails/349118/dine-adult-cat-food-gravy-with-turkey",
        "imgName": "349118.jpg",
        "imgSrc": "https://cdn0.woolworths.media/content/wowproductimages/medium/349118.jpg",
        "name": "Dine Adult Cat Food Gravy With Turkey 85g",
        "price": 1.1,
        "unitPrice": "$1.29 / 100G"
    },
    {
        "category": "pet",
        "href": "https://www.woolworths.com.au/shop/productdetails/210752/catsan-cat-litter-crystals",
        "imgName": "210752.jpg",
        "imgSrc": "https://cdn0.woolworths.media/content/wowproductimages/medium/210752.jpg",
        "name": "Catsan Cat Litter Crystals 2kg",
        "price": 10,
        "unitPrice": "$5.00 / 1KG"
    },
    {
        "category": "pet",
        "href": "https://www.woolworths.com.au/shop/productdetails/252014/ultimates-indulge-adult-cat-food-whitemeat-tuna-with-salmon",
        "imgName": "252014.jpg",
        "imgSrc": "https://cdn0.woolworths.media/content/wowproductimages/medium/252014.jpg",
        "name": "Ultimates Indulge Adult Cat Food Whitemeat Tuna With Salmon 85g",
        "price": 1.49,
        "unitPrice": "$1.75 / 100G"
    },
    {
        "category": "pet",
        "href": "https://www.woolworths.com.au/shop/productdetails/730661/purina-total-care-padded-dog-collar-medium",
        "imgName": "730661.jpg",
        "imgSrc": "https://cdn0.woolworths.media/content/wowproductimages/medium/730661.jpg",
        "name": "Purina Total Care Padded Dog Collar Medium each",
        "price": 11.99,
        "unitPrice": "$11.99 / 1EA"
    },
    {
        "category": "pet",
        "href": "https://www.woolworths.com.au/shop/productdetails/360825/marine-master-fish-food-tropical-flake",
        "imgName": "360825.jpg",
        "imgSrc": "https://cdn0.woolworths.media/content/wowproductimages/medium/360825.jpg",
        "name": "Marine Master Fish Food Tropical Flake 36g",
        "price": 6.95,
        "unitPrice": "$19.31 / 100G"
    },
    {
        "category": "pet",
        "href": "https://www.woolworths.com.au/shop/productdetails/624127/purina-tidy-cats-litter-deodoriser",
        "imgName": "624127.jpg",
        "imgSrc": "https://cdn0.woolworths.media/content/wowproductimages/medium/624127.jpg",
        "name": "Purina Tidy Cats Litter Deodoriser  560g",
        "price": 13,
        "unitPrice": "$23.21 / 1KG"
    },
    {
        "category": "pet",
        "href": "https://www.woolworths.com.au/shop/productdetails/516917/supercoat-puppy-dog-food-chicken",
        "imgName": "516917.jpg",
        "imgSrc": "https://cdn0.woolworths.media/content/wowproductimages/medium/516917.jpg",
        "name": "Supercoat Puppy Dog Food Chicken 3kg",
        "price": 14.3,
        "unitPrice": "$0.48 / 100G"
    },
    {
        "category": "pet",
        "href": "https://www.woolworths.com.au/shop/productdetails/516950/supercoat-adult-dog-food-small-breed-chicken",
        "imgName": "516950.jpg",
        "imgSrc": "https://cdn0.woolworths.media/content/wowproductimages/medium/516950.jpg",
        "name": "Supercoat Adult Dog Food Small Breed Chicken 3kg",
        "price": 14.3,
        "unitPrice": "$0.48 / 100G"
    },
    {
        "category": "pet",
        "href": "https://www.woolworths.com.au/shop/productdetails/30011/bird-munchies-bird-food-gourmet-blend-parrot",
        "imgName": "030011.jpg",
        "imgSrc": "https://cdn0.woolworths.media/content/wowproductimages/medium/030011.jpg",
        "name": "Bird Munchies Bird Food Gourmet Blend Parrot 1kg",
        "price": 4.59,
        "unitPrice": "$0.46 / 100G"
    },
    {
        "category": "pet",
        "href": "https://www.woolworths.com.au/shop/productdetails/360813/purina-total-care-classic-nylon-lead-classic-nylon-lead-120cm",
        "imgName": "360813.jpg",
        "imgSrc": "https://cdn0.woolworths.media/content/wowproductimages/medium/360813.jpg",
        "name": "Purina Total Care Classic Nylon Lead Classic Nylon Lead 120cm each",
        "price": 11.49
    },
    {
        "category": "pet",
        "href": "https://www.woolworths.com.au/shop/productdetails/728607/ultimates-indulge-adult-cat-food-tuna-barramundi",
        "imgName": "728607.jpg",
        "imgSrc": "https://cdn0.woolworths.media/content/wowproductimages/medium/728607.jpg",
        "name": "Ultimates Indulge Adult Cat Food Tuna & Barramundi 85g",
        "price": 1.49,
        "unitPrice": "$1.75 / 100G"
    },
    {
        "category": "pet",
        "href": "https://www.woolworths.com.au/shop/productdetails/765606/rufus-coco-breath-buddy-water-additive",
        "imgName": "765606.jpg",
        "imgSrc": "https://cdn0.woolworths.media/content/wowproductimages/medium/765606.jpg",
        "name": "Rufus & Coco Breath Buddy Water Additive  each",
        "price": 13.44,
        "unitPrice": "$8.96 / 100ML"
    },
    {
        "category": "pet",
        "href": "https://www.woolworths.com.au/shop/productdetails/519076/farmers-market-puppy-food-chicken-beef-vegetables",
        "imgName": "519076.jpg",
        "imgSrc": "https://cdn0.woolworths.media/content/wowproductimages/medium/519076.jpg",
        "name": "Farmers Market Puppy Food Chicken Beef & Vegetables 2.7kg",
        "price": 19,
        "unitPrice": "$0.70 / 100G"
    },
    {
        "category": "pet",
        "href": "https://www.woolworths.com.au/shop/productdetails/648308/rufus-coco-metallic-cat-collar",
        "imgName": "648308.jpg",
        "imgSrc": "https://cdn0.woolworths.media/content/wowproductimages/medium/648308.jpg",
        "name": "Rufus & Coco Metallic Cat Collar each",
        "price": 13,
        "unitPrice": "$13.00 / 1EA"
    },
    {
        "category": "pet",
        "href": "https://www.woolworths.com.au/shop/productdetails/516919/supercoat-adult-dog-food-small-breed",
        "imgName": "516919.jpg",
        "imgSrc": "https://cdn0.woolworths.media/content/wowproductimages/medium/516919.jpg",
        "name": "Supercoat Adult Dog Food Small Breed 3kg",
        "price": 14.3,
        "unitPrice": "$0.48 / 100G"
    },
    {
        "category": "pet",
        "href": "https://www.woolworths.com.au/shop/productdetails/892506/exelpet-ezy-dose-monthly-heartworm-treatment-for-dogs",
        "imgName": "892506.jpg",
        "imgSrc": "https://cdn0.woolworths.media/content/wowproductimages/medium/892506.jpg",
        "name": "Exelpet Ezy-dose Monthly Heartworm Treatment For Dogs 12g",
        "price": 16.43,
        "unitPrice": "$136.92 / 100G"
    },
    {
        "category": "pet",
        "href": "https://www.woolworths.com.au/shop/productdetails/90000000/baxter-s-dog-treats-6-tasty-flavours-bundle",
        "imgName": "90000000.jpg",
        "imgSrc": "https://cdn0.woolworths.media/content/wowproductimages/medium/90000000.jpg",
        "name": "Baxter's Dog Treats 6 Tasty Flavours Bundle",
        "price": 18
    },
    {
        "category": "pet",
        "href": "https://www.woolworths.com.au/shop/productdetails/217491/optimum-senior-cat-food-chicken",
        "imgName": "217491.jpg",
        "imgSrc": "https://cdn0.woolworths.media/content/wowproductimages/medium/217491.jpg",
        "name": "Optimum Senior Cat Food Chicken 500g",
        "price": 6.05,
        "unitPrice": "$1.21 / 100G"
    },
    {
        "category": "pet",
        "href": "https://www.woolworths.com.au/shop/productdetails/272264/marine-master-treatment-water-ager",
        "imgName": "272264.jpg",
        "imgSrc": "https://cdn0.woolworths.media/content/wowproductimages/medium/272264.jpg",
        "name": "Marine Master Treatment Water Ager 125ml",
        "price": 4.9,
        "unitPrice": "$3.92 / 100ML"
    },
    {
        "category": "pet",
        "href": "https://www.woolworths.com.au/shop/productdetails/885822/joseph-lyddy-pet-indulgence-travel-dog-bowl",
        "imgName": "885822.jpg",
        "imgSrc": "https://cdn0.woolworths.media/content/wowproductimages/medium/885822.jpg",
        "name": "Joseph Lyddy Pet Indulgence Travel Dog Bowl  each",
        "price": 7.95,
        "unitPrice": "$7.95 / 1EA"
    },
    {
        "category": "pet",
        "href": "https://www.woolworths.com.au/shop/productdetails/336409/dine-desire-adult-cat-food-tuna-whitemeat-snapper",
        "imgName": "336409.jpg",
        "imgSrc": "https://cdn0.woolworths.media/content/wowproductimages/medium/336409.jpg",
        "name": "Dine Desire Adult Cat Food Tuna Whitemeat & Snapper 85g",
        "price": 1.9,
        "unitPrice": "$2.24 / 100G"
    },
    {
        "category": "pet",
        "href": "https://www.woolworths.com.au/shop/productdetails/478375/vip-fussy-cat-salmon-whitefish-with-olive-oil",
        "imgName": "478375.jpg",
        "imgSrc": "https://cdn0.woolworths.media/content/wowproductimages/medium/478375.jpg",
        "name": "Vip Fussy Cat Salmon & Whitefish With Olive Oil 2.5kg",
        "price": 19.99,
        "unitPrice": "$0.80 / 100G"
    },
    {
        "category": "pet",
        "href": "https://www.woolworths.com.au/shop/productdetails/847921/dine-daily-mousse-with-tender-chicken-cheese",
        "imgName": "847921.jpg",
        "imgSrc": "https://cdn0.woolworths.media/content/wowproductimages/medium/847921.jpg",
        "name": "Dine Daily Mousse With Tender Chicken & Cheese 85g",
        "price": 1.1,
        "unitPrice": "$1.29 / 100G"
    },
    {
        "category": "pet",
        "href": "https://www.woolworths.com.au/shop/productdetails/381991/rufus-coco-tear-stain-away",
        "imgName": "381991.jpg",
        "imgSrc": "https://cdn0.woolworths.media/content/wowproductimages/medium/381991.jpg",
        "name": "Rufus & Coco Tear Stain Away  100ml",
        "price": 13.39,
        "unitPrice": "$13.39 / 100ML"
    },
    {
        "category": "pet",
        "href": "https://www.woolworths.com.au/shop/productdetails/325787/fancy-feast-sensations-adult-cat-food-tuscan-turkey-rice",
        "imgName": "325787.jpg",
        "imgSrc": "https://cdn0.woolworths.media/content/wowproductimages/medium/325787.jpg",
        "name": "Fancy Feast Sensations Adult Cat Food Tuscan Turkey Rice 85g",
        "price": 1.5,
        "unitPrice": "$1.76 / 100G"
    },
    {
        "category": "pet",
        "href": "https://www.woolworths.com.au/shop/productdetails/892628/purina-total-care-fresh-clean-deodorising-shampoo",
        "imgName": "892628.jpg",
        "imgSrc": "https://cdn0.woolworths.media/content/wowproductimages/medium/892628.jpg",
        "name": "Purina Total Care Fresh & Clean Deodorising Shampoo 250ml",
        "price": 9.99,
        "unitPrice": "$4.00 / 100ML"
    },
    {
        "category": "pet",
        "href": "https://www.woolworths.com.au/shop/productdetails/250551/optimum-kitten-food-with-real-chicken",
        "imgName": "250551.jpg",
        "imgSrc": "https://cdn0.woolworths.media/content/wowproductimages/medium/250551.jpg",
        "name": "Optimum Kitten Food With Real Chicken 450g",
        "price": 6.05,
        "unitPrice": "$1.34 / 100G"
    },
    {
        "category": "pet",
        "href": "https://www.woolworths.com.au/shop/productdetails/261200/ultimates-indulge-adult-cat-food-tuna-fish-roe-chicken",
        "imgName": "261200.jpg",
        "imgSrc": "https://cdn0.woolworths.media/content/wowproductimages/medium/261200.jpg",
        "name": "Ultimates Indulge Adult Cat Food Tuna Fish Roe & Chicken 85g",
        "price": 1.49,
        "unitPrice": "$1.75 / 100G"
    },
    {
        "category": "pet",
        "href": "https://www.woolworths.com.au/shop/productdetails/349690/dine-adult-cat-food-tuna-mornay-with-cheese",
        "imgName": "349690.jpg",
        "imgSrc": "https://cdn0.woolworths.media/content/wowproductimages/medium/349690.jpg",
        "name": "Dine Adult Cat Food Tuna Mornay With Cheese 85g",
        "price": 1.1,
        "unitPrice": "$1.29 / 100G"
    },
    {
        "category": "pet",
        "href": "https://www.woolworths.com.au/shop/productdetails/515924/vitapet-jerhigh-treat-fish-tenders",
        "imgName": "515924.jpg",
        "imgSrc": "https://cdn0.woolworths.media/content/wowproductimages/medium/515924.jpg",
        "name": "Vitapet Jerhigh Treat Fish Tenders 80g",
        "price": 6.65,
        "unitPrice": "$8.31 / 100G"
    },
    {
        "category": "pet",
        "href": "https://www.woolworths.com.au/shop/productdetails/659933/dentalife-dog-treat-large-dogs",
        "imgName": "659933.jpg",
        "imgSrc": "https://cdn0.woolworths.media/content/wowproductimages/medium/659933.jpg",
        "name": "Dentalife Dog Treat Large Dogs 7 pack 221g",
        "price": 5,
        "unitPrice": "$0.71 / 1EA"
    },
    {
        "category": "pet",
        "href": "https://www.woolworths.com.au/shop/productdetails/772780/dine-creamy-soup-bonito-salmon-prawns",
        "imgName": "772780.jpg",
        "imgSrc": "https://cdn0.woolworths.media/content/wowproductimages/medium/772780.jpg",
        "name": "Dine Creamy Soup Bonito Salmon & Prawns 40g",
        "price": 1.05,
        "unitPrice": "$2.63 / 100G"
    },
    {
        "category": "pet",
        "href": "https://www.woolworths.com.au/shop/productdetails/74624/peters-poultry-free-range-mix",
        "imgName": "074624.jpg",
        "imgSrc": "https://cdn0.woolworths.media/content/wowproductimages/medium/074624.jpg",
        "name": "Peters Poultry Free Range Mix 5kg",
        "price": 10.99,
        "unitPrice": "$0.22 / 100G"
    },
    {
        "category": "pet",
        "href": "https://www.woolworths.com.au/shop/productdetails/224955/optimum-adult-dog-food-healthy-weight-chicken-rice",
        "imgName": "224955.jpg",
        "imgSrc": "https://cdn0.woolworths.media/content/wowproductimages/medium/224955.jpg",
        "name": "Optimum Adult Dog Food Healthy Weight Chicken & Rice 680g",
        "price": 3.55,
        "unitPrice": "$0.52 / 100G"
    },
    {
        "category": "pet",
        "href": "https://www.woolworths.com.au/shop/productdetails/360926/rufus-coco-4-in-1-pamper-spray",
        "imgName": "360926.jpg",
        "imgSrc": "https://cdn0.woolworths.media/content/wowproductimages/medium/360926.jpg",
        "name": "Rufus & Coco 4 In 1 Pamper Spray  each",
        "price": 13.84,
        "unitPrice": "$9.23 / 100ML"
    },
    {
        "category": "pet",
        "href": "https://www.woolworths.com.au/shop/productdetails/381276/purina-total-care-spikey-squeeker-spikey-squeeker",
        "imgName": "381276.jpg",
        "imgSrc": "https://cdn0.woolworths.media/content/wowproductimages/medium/381276.jpg",
        "name": "Purina Total Care Spikey Squeeker Spikey Squeeker each",
        "price": 5.8
    },
    {
        "category": "pet",
        "href": "https://www.woolworths.com.au/shop/productdetails/481126/baxter-s-doggy-biscuits",
        "imgName": "481126.jpg",
        "imgSrc": "https://cdn0.woolworths.media/content/wowproductimages/medium/481126.jpg",
        "name": "Baxter's Doggy Biscuits 1kg",
        "price": 4,
        "unitPrice": "$0.40 / 100G"
    },
    {
        "category": "pet",
        "href": "https://www.woolworths.com.au/shop/productdetails/516925/supercoat-senior-dog-food",
        "imgName": "516925.jpg",
        "imgSrc": "https://cdn0.woolworths.media/content/wowproductimages/medium/516925.jpg",
        "name": "Supercoat Senior Dog Food  3kg",
        "price": 14.3,
        "unitPrice": "$0.48 / 100G"
    },
    {
        "category": "pet",
        "href": "https://www.woolworths.com.au/shop/productdetails/360829/oakwood-grooming-shampoo-for-all-coloured-coats",
        "imgName": "360829.jpg",
        "imgSrc": "https://cdn0.woolworths.media/content/wowproductimages/medium/360829.jpg",
        "name": "Oakwood Grooming Shampoo For All Coloured Coats 280ml",
        "price": 9.99,
        "unitPrice": "$3.57 / 100ML"
    },
    {
        "category": "pet",
        "href": "https://www.woolworths.com.au/shop/productdetails/788007/rufus-coco-treatment-antiseptic-aid",
        "imgName": "788007.jpg",
        "imgSrc": "https://cdn0.woolworths.media/content/wowproductimages/medium/788007.jpg",
        "name": "Rufus & Coco Treatment Antiseptic Aid 75g",
        "price": 15.49,
        "unitPrice": "$20.65 / 100G"
    },
    {
        "category": "pet",
        "href": "https://www.woolworths.com.au/shop/productdetails/228777/vip-adult-cat-food-twice-as-fresh-mince",
        "imgName": "228777.jpg",
        "imgSrc": "https://cdn0.woolworths.media/content/wowproductimages/medium/228777.jpg",
        "name": "Vip Adult Cat Food Twice As Fresh Mince 800g",
        "price": 6,
        "unitPrice": "$0.75 / 100G"
    },
    {
        "category": "pet",
        "href": "https://www.woolworths.com.au/shop/productdetails/360822/marine-master-fish-food-goldfish-granules",
        "imgName": "360822.jpg",
        "imgSrc": "https://cdn0.woolworths.media/content/wowproductimages/medium/360822.jpg",
        "name": "Marine Master Fish Food Goldfish Granules 200g",
        "price": 8.15,
        "unitPrice": "$4.08 / 100G"
    },
    {
        "category": "pet",
        "href": "https://www.woolworths.com.au/shop/productdetails/497280/rufus-coco-standard-litter-liners",
        "imgName": "497280.jpg",
        "imgSrc": "https://cdn0.woolworths.media/content/wowproductimages/medium/497280.jpg",
        "name": "Rufus & Coco Standard Litter Liners  15pk",
        "price": 5.59,
        "unitPrice": "$33.88 / 1KG"
    },
    {
        "category": "pet",
        "href": "https://www.woolworths.com.au/shop/productdetails/604876/beyond-simply9-chicken-whole-barley-dog-food",
        "imgName": "604876.jpg",
        "imgSrc": "https://cdn0.woolworths.media/content/wowproductimages/medium/604876.jpg",
        "name": "Beyond Simply9 Chicken & Whole Barley Dog Food 2.5kg",
        "price": 17,
        "unitPrice": "$0.68 / 100G"
    },
    {
        "category": "pet",
        "href": "https://www.woolworths.com.au/shop/productdetails/741275/vip-adult-dog-food-chicken-with-duck-veg",
        "imgName": "741275.jpg",
        "imgSrc": "https://cdn0.woolworths.media/content/wowproductimages/medium/741275.jpg",
        "name": "Vip Adult Dog Food Chicken With Duck & Veg 900g",
        "price": 3.3,
        "unitPrice": "$0.37 / 100G"
    },
    {
        "category": "pet",
        "href": "https://www.woolworths.com.au/shop/productdetails/39234/homebrand-bird-food-budgie",
        "imgName": "039234.jpg",
        "imgSrc": "https://cdn0.woolworths.media/content/wowproductimages/medium/039234.jpg",
        "name": "Homebrand Bird Food Budgie 2kg",
        "price": 4.7,
        "unitPrice": "$0.24 / 100G"
    },
    {
        "category": "pet",
        "href": "https://www.woolworths.com.au/shop/productdetails/174486/peters-alfalfa-fruit-rabbit-guinea-pig-food",
        "imgName": "174486.jpg",
        "imgSrc": "https://cdn0.woolworths.media/content/wowproductimages/medium/174486.jpg",
        "name": "Peters Alfalfa & Fruit Rabbit & Guinea Pig Food 2kg",
        "price": 6.59,
        "unitPrice": "$0.33 / 100G"
    },
    {
        "category": "pet",
        "href": "https://www.woolworths.com.au/shop/productdetails/262766/purina-total-care-allwormer-paste-for-cats-kittens",
        "imgName": "262766.jpg",
        "imgSrc": "https://cdn0.woolworths.media/content/wowproductimages/medium/262766.jpg",
        "name": "Purina Total Care Allwormer Paste For Cats & Kittens 2pk",
        "price": 12.99,
        "unitPrice": "$6.50 / 1EA"
    },
    {
        "category": "pet",
        "href": "https://www.woolworths.com.au/shop/productdetails/262768/total-care-treatment-dog-tablets-allwormer",
        "imgName": "262768.jpg",
        "imgSrc": "https://cdn0.woolworths.media/content/wowproductimages/medium/262768.jpg",
        "name": "Total Care Treatment Dog Tablets Allwormer 4pk",
        "price": 14.49,
        "unitPrice": "$3.62 / 1EA"
    },
    {
        "category": "pet",
        "href": "https://www.woolworths.com.au/shop/productdetails/360925/rufus-coco-bug-off-flea-control-insecticide-repellent-spray",
        "imgName": "360925.jpg",
        "imgSrc": "https://cdn0.woolworths.media/content/wowproductimages/medium/360925.jpg",
        "name": "Rufus & Coco Bug Off Flea Control Insecticide & Repellent Spray each",
        "price": 13.84,
        "unitPrice": "$9.23 / 100ML"
    },
    {
        "category": "pet",
        "href": "https://www.woolworths.com.au/shop/productdetails/327827/vip-adult-cat-food-mince-with-lamb-liver",
        "imgName": "327827.jpg",
        "imgSrc": "https://cdn0.woolworths.media/content/wowproductimages/medium/327827.jpg",
        "name": "Vip Adult Cat Food Mince With Lamb & Liver 450g",
        "price": 5,
        "unitPrice": "$1.11 / 100G"
    },
    {
        "category": "pet",
        "href": "https://www.woolworths.com.au/shop/productdetails/325791/fancy-feast-sensations-adult-cat-food-florentine-tuna",
        "imgName": "325791.jpg",
        "imgSrc": "https://cdn0.woolworths.media/content/wowproductimages/medium/325791.jpg",
        "name": "Fancy Feast Sensations Adult Cat Food Florentine Tuna 85g",
        "price": 1.5,
        "unitPrice": "$1.76 / 100G"
    },
    {
        "category": "pet",
        "href": "https://www.woolworths.com.au/shop/productdetails/381986/rufus-coco-soft-mesh-harness-small",
        "imgName": "381986.jpg",
        "imgSrc": "https://cdn0.woolworths.media/content/wowproductimages/medium/381986.jpg",
        "name": "Rufus & Coco Soft Mesh Harness Small each",
        "price": 23.49
    },
    {
        "category": "pet",
        "href": "https://www.woolworths.com.au/shop/productdetails/360809/purina-total-care-dog-lead-cotton-dog-lead-cotton-180cm",
        "imgName": "360809.jpg",
        "imgSrc": "https://cdn0.woolworths.media/content/wowproductimages/medium/360809.jpg",
        "name": "Purina Total Care Dog Lead Cotton Dog Lead Cotton 180cm each",
        "price": 11.49
    },
    {
        "category": "pet",
        "href": "https://www.woolworths.com.au/shop/productdetails/516953/supercoat-adult-dog-food-healthy-weight",
        "imgName": "516953.jpg",
        "imgSrc": "https://cdn0.woolworths.media/content/wowproductimages/medium/516953.jpg",
        "name": "Supercoat Adult Dog Food Healthy Weight 3kg",
        "price": 14.3,
        "unitPrice": "$0.48 / 100G"
    },
    {
        "category": "pet",
        "href": "https://www.woolworths.com.au/shop/productdetails/703325/vitapet-jerhigh-treat-chicken-tenders",
        "imgName": "703325.jpg",
        "imgSrc": "https://cdn0.woolworths.media/content/wowproductimages/medium/703325.jpg",
        "name": "Vitapet Jerhigh Treat Chicken Tenders 100g",
        "price": 6.75,
        "unitPrice": "$6.75 / 100G"
    },
    {
        "category": "pet",
        "href": "https://www.woolworths.com.au/shop/productdetails/624064/fancy-feast-grilled-prime-filet-of-tuna",
        "imgName": "624064.jpg",
        "imgSrc": "https://cdn0.woolworths.media/content/wowproductimages/medium/624064.jpg",
        "name": "Fancy Feast Grilled Prime Filet Of Tuna 8x85g",
        "price": 8.5,
        "unitPrice": "$1.25 / 100G"
    },
    {
        "category": "pet",
        "href": "https://www.woolworths.com.au/shop/productdetails/716746/good-o-adult-dog-food-beef",
        "imgName": "716746.jpg",
        "imgSrc": "https://cdn0.woolworths.media/content/wowproductimages/medium/716746.jpg",
        "name": "Good-o Adult Dog Food Beef 3kg",
        "price": 12.15,
        "unitPrice": "$0.41 / 100G"
    },
    {
        "category": "pet",
        "href": "https://www.woolworths.com.au/shop/productdetails/768632/beneful-adult-dog-food-healthy-weight-chicken",
        "imgName": "768632.jpg",
        "imgSrc": "https://cdn0.woolworths.media/content/wowproductimages/medium/768632.jpg",
        "name": "Beneful Adult Dog Food Healthy Weight Chicken 3kg",
        "price": 13.5,
        "unitPrice": "$0.45 / 100G"
    },
    {
        "category": "pet",
        "href": "https://www.woolworths.com.au/shop/productdetails/755538/woolworths-select-bird-seed-honey-fruit",
        "imgName": "755538.jpg",
        "imgSrc": "https://cdn0.woolworths.media/content/wowproductimages/medium/755538.jpg",
        "name": "Woolworths Select Bird Seed Honey Fruit 330g",
        "price": 2.45,
        "unitPrice": "$0.74 / 100G"
    },
    {
        "category": "pet",
        "href": "https://www.woolworths.com.au/shop/productdetails/825469/4legs-all-natural-angus-beef-pasta-veg",
        "imgName": "825469.jpg",
        "imgSrc": "https://cdn0.woolworths.media/content/wowproductimages/medium/825469.jpg",
        "name": "4legs All Natural Angus Beef Pasta & Veg 1.7kg",
        "price": 5.25,
        "unitPrice": "$0.31 / 100G"
    },
    {
        "category": "pet",
        "href": "https://www.woolworths.com.au/shop/productdetails/784438/dine-adult-cat-food-saucy-morsels-with-tuna",
        "imgName": "784438.jpg",
        "imgSrc": "https://cdn0.woolworths.media/content/wowproductimages/medium/784438.jpg",
        "name": "Dine Adult Cat Food Saucy Morsels With Tuna 85g",
        "price": 1.1,
        "unitPrice": "$1.29 / 100G"
    },
    {
        "category": "pet",
        "href": "https://www.woolworths.com.au/shop/productdetails/881991/oakwood-premises-flea-spray",
        "imgName": "881991.jpg",
        "imgSrc": "https://cdn0.woolworths.media/content/wowproductimages/medium/881991.jpg",
        "name": "Oakwood Premises Flea Spray 375ml",
        "price": 14.99,
        "unitPrice": "$4.00 / 100ML"
    },
    {
        "category": "pet",
        "href": "https://www.woolworths.com.au/shop/productdetails/900350/vitapet-chewz-beef-spare-ribs",
        "imgName": "900350.jpg",
        "imgSrc": "https://cdn0.woolworths.media/content/wowproductimages/medium/900350.jpg",
        "name": "Vitapet Chewz Beef Spare Ribs 200g",
        "price": 11.79,
        "unitPrice": "$5.90 / 100G"
    },
    {
        "category": "pet",
        "href": "https://www.woolworths.com.au/shop/productdetails/619373/felix-sensations-cat-food-sardine-in-carrot-sauce",
        "imgName": "619373.jpg",
        "imgSrc": "https://cdn0.woolworths.media/content/wowproductimages/medium/619373.jpg",
        "name": "Felix Sensations Cat Food Sardine In Carrot Sauce 85g",
        "price": 1,
        "unitPrice": "$1.18 / 100G"
    },
    {
        "category": "pet",
        "href": "https://www.woolworths.com.au/shop/productdetails/663592/applaws-cat-food-cuisine-selection",
        "imgName": "663592.jpg",
        "imgSrc": "https://cdn0.woolworths.media/content/wowproductimages/medium/663592.jpg",
        "name": "Applaws Cat Food Cuisine Selection 8x70g",
        "price": 12.99,
        "unitPrice": "$2.32 / 100G"
    },
    {
        "category": "pet",
        "href": "https://www.woolworths.com.au/shop/productdetails/545775/total-care-capstar-puppy-small-dog-cat",
        "imgName": "545775.jpg",
        "imgSrc": "https://cdn0.woolworths.media/content/wowproductimages/medium/545775.jpg",
        "name": "Total Care Capstar Puppy Small Dog/cat 3pk",
        "price": 14,
        "unitPrice": "$14.00 / 1EA"
    },
    {
        "category": "pet",
        "href": "https://www.woolworths.com.au/shop/productdetails/513192/golp-chews-duck",
        "imgName": "513192.jpg",
        "imgSrc": "https://cdn0.woolworths.media/content/wowproductimages/medium/513192.jpg",
        "name": "Golp Chews Duck 150g",
        "price": 8,
        "unitPrice": "$5.33 / 100G"
    },
    {
        "category": "pet",
        "href": "https://www.woolworths.com.au/shop/productdetails/646146/excelpet-vet-flea-intestinal-worm-heartworm-cat",
        "imgName": "646146.jpg",
        "imgSrc": "https://cdn0.woolworths.media/content/wowproductimages/medium/646146.jpg",
        "name": "Excelpet Vet Flea Intestinal Worm & Heartworm Cat each",
        "price": 19.5,
        "unitPrice": "$19.50 / 1EA"
    },
    {
        "category": "pet",
        "href": "https://www.woolworths.com.au/shop/productdetails/646144/excelpet-vet-flea-intestinal-heartworm-medium-dog",
        "imgName": "646144.jpg",
        "imgSrc": "https://cdn0.woolworths.media/content/wowproductimages/medium/646144.jpg",
        "name": "Excelpet Vet Flea Intestinal & Heartworm Medium Dog each",
        "price": 29,
        "unitPrice": "$29.00 / 1EA"
    },
    {
        "category": "pet",
        "href": "https://www.woolworths.com.au/shop/productdetails/664460/fancy-feast-chicken-feast-in-gravy",
        "imgName": "664460.jpg",
        "imgSrc": "https://cdn0.woolworths.media/content/wowproductimages/medium/664460.jpg",
        "name": "Fancy Feast Chicken Feast In Gravy 12x85g",
        "price": 11,
        "unitPrice": "$1.08 / 100G"
    },
    {
        "category": "pet",
        "href": "https://www.woolworths.com.au/shop/productdetails/481131/smitten-cat-food-variety",
        "imgName": "481131.jpg",
        "imgSrc": "https://cdn0.woolworths.media/content/wowproductimages/medium/481131.jpg",
        "name": "Smitten Cat Food Variety 4x85g",
        "price": 2.2,
        "unitPrice": "$2.59 / 100G"
    },
    {
        "category": "pet",
        "href": "https://www.woolworths.com.au/shop/productdetails/646890/excelpet-vet-spot-on-all-worm-cat",
        "imgName": "646890.jpg",
        "imgSrc": "https://cdn0.woolworths.media/content/wowproductimages/medium/646890.jpg",
        "name": "Excelpet Vet Spot On All Worm Cat 2pk",
        "price": 30.5,
        "unitPrice": "$15.25 / 1EA"
    },
    {
        "category": "pet",
        "href": "https://www.woolworths.com.au/shop/productdetails/516926/supercoat-adult-dog-food-grain-free-chicken",
        "imgName": "516926.jpg",
        "imgSrc": "https://cdn0.woolworths.media/content/wowproductimages/medium/516926.jpg",
        "name": "Supercoat Adult Dog Food Grain Free Chicken 2.5kg",
        "price": 16,
        "unitPrice": "$0.64 / 100G"
    },
    {
        "category": "pet",
        "href": "https://www.woolworths.com.au/shop/productdetails/885819/joseph-lyddy-pet-indulgence-melamine-dog-bowl-large",
        "imgName": "885819.jpg",
        "imgSrc": "https://cdn0.woolworths.media/content/wowproductimages/medium/885819.jpg",
        "name": "Joseph Lyddy Pet Indulgence Melamine Dog Bowl Large each",
        "price": 16.95,
        "unitPrice": "$16.95 / 1EA"
    },
    {
        "category": "pet",
        "href": "https://www.woolworths.com.au/shop/productdetails/432294/pets-own-milk-low-fat-with-gluc",
        "imgName": "432294.jpg",
        "imgSrc": "https://cdn0.woolworths.media/content/wowproductimages/medium/432294.jpg",
        "name": "Pets Own Milk Low Fat With Gluc 1l",
        "price": 3.79,
        "unitPrice": "$0.38 / 100ML"
    },
    {
        "category": "pet",
        "href": "https://www.woolworths.com.au/shop/productdetails/923945/optimum-adult-dog-food-with-beef-rice",
        "imgName": "923945.jpg",
        "imgSrc": "https://cdn0.woolworths.media/content/wowproductimages/medium/923945.jpg",
        "name": "Optimum Adult Dog Food With Beef & Rice 400g",
        "price": 2.45,
        "unitPrice": "$0.61 / 100G"
    },
    {
        "category": "pet",
        "href": "https://www.woolworths.com.au/shop/productdetails/481078/baxter-s-split-bar-kangaroo",
        "imgName": "481078.jpg",
        "imgSrc": "https://cdn0.woolworths.media/content/wowproductimages/medium/481078.jpg",
        "name": "Baxter's Split Bar Kangaroo 80g",
        "price": 2.5,
        "unitPrice": "$3.13 / 100G"
    },
    {
        "category": "pet",
        "href": "https://www.woolworths.com.au/shop/productdetails/657759/nature-s-table-free-ranged-chicken-with-rice-carrots-dog-food",
        "imgName": "657759.jpg",
        "imgSrc": "https://cdn0.woolworths.media/content/wowproductimages/medium/657759.jpg",
        "name": "Nature's Table Free Ranged Chicken With Rice & Carrots Dog Food 100g",
        "price": 1.4,
        "unitPrice": "$1.40 / 100G"
    },
    {
        "category": "pet",
        "href": "https://www.woolworths.com.au/shop/productdetails/360899/rufus-coco-bones-collar-small",
        "imgName": "360899.jpg",
        "imgSrc": "https://cdn0.woolworths.media/content/wowproductimages/medium/360899.jpg",
        "name": "Rufus & Coco Bones Collar Small  each",
        "price": 15.9
    },
    {
        "category": "pet",
        "href": "https://www.woolworths.com.au/shop/productdetails/648304/rufus-coco-dog-collar-sml-med",
        "imgName": "648304.jpg",
        "imgSrc": "https://cdn0.woolworths.media/content/wowproductimages/medium/648304.jpg",
        "name": "Rufus & Coco Dog Collar Sml/med each",
        "price": 15,
        "unitPrice": "$15.00 / 1EA"
    },
    {
        "category": "pet",
        "href": "https://www.woolworths.com.au/shop/productdetails/360900/rufus-coco-accessory-bones-collar-medium",
        "imgName": "360900.jpg",
        "imgSrc": "https://cdn0.woolworths.media/content/wowproductimages/medium/360900.jpg",
        "name": "Rufus & Coco Accessory Bones Collar Medium each",
        "price": 21.2
    },
    {
        "category": "pet",
        "href": "https://www.woolworths.com.au/shop/productdetails/766267/rufus-coco-soft-mesh-harness-durable-adjustable",
        "imgName": "766267.jpg",
        "imgSrc": "https://cdn0.woolworths.media/content/wowproductimages/medium/766267.jpg",
        "name": "Rufus & Coco Soft Mesh Harness Durable & Adjustable xs/s each",
        "price": 13.39,
        "unitPrice": "$13.39 / 1EA"
    },
    {
        "category": "pet",
        "href": "https://www.woolworths.com.au/shop/productdetails/204498/harmony-bird-food-wild-bird-mix",
        "imgName": "204498.jpg",
        "imgSrc": "https://cdn0.woolworths.media/content/wowproductimages/medium/204498.jpg",
        "name": "Harmony Bird Food Wild Bird Mix 4kg",
        "price": 8.73,
        "unitPrice": "$0.22 / 100G"
    },
    {
        "category": "pet",
        "href": "https://www.woolworths.com.au/shop/productdetails/625841/dine-finest-serve-mini-pouches-fish-selection-in-jelly",
        "imgName": "625841.jpg",
        "imgSrc": "https://cdn0.woolworths.media/content/wowproductimages/medium/625841.jpg",
        "name": "Dine Finest Serve Mini Pouches Fish Selection In Jelly 6x50g",
        "price": 4.8,
        "special": 3.6,
        "unitPrice": "$1.20 / 100G"
    },
    {
        "category": "pet",
        "href": "https://www.woolworths.com.au/shop/productdetails/625696/dine-finest-serve-mini-pouches-mixed-selection-in-jelly",
        "imgName": "625696.jpg",
        "imgSrc": "https://cdn0.woolworths.media/content/wowproductimages/medium/625696.jpg",
        "name": "Dine Finest Serve Mini Pouches Mixed Selection In Jelly 6x50g",
        "price": 4.8,
        "special": 3.6,
        "unitPrice": "$1.20 / 100G"
    },
    {
        "category": "pet",
        "href": "https://www.woolworths.com.au/shop/productdetails/519512/my-dog-adult-dog-food-farmhouse-casserole-chicken",
        "imgName": "519512.jpg",
        "imgSrc": "https://cdn0.woolworths.media/content/wowproductimages/medium/519512.jpg",
        "name": "My Dog Adult Dog Food Farmhouse Casserole Chicken 400g",
        "price": 2.47,
        "special": 2,
        "unitPrice": "$0.50 / 100G"
    },
    {
        "category": "pet",
        "href": "https://www.woolworths.com.au/shop/productdetails/621192/whiskas-11-years-cat-food-beef-in-gravy",
        "imgName": "621192.jpg",
        "imgSrc": "https://cdn0.woolworths.media/content/wowproductimages/medium/621192.jpg",
        "name": "Whiskas 11+ Years Cat Food Beef In Gravy 12x85g",
        "price": 7,
        "unitPrice": "$0.69 / 100G"
    },
    {
        "category": "pet",
        "href": "https://www.woolworths.com.au/shop/productdetails/897687/purina-total-care-comfort-me-belly-brumby",
        "imgName": "897687.jpg",
        "imgSrc": "https://cdn0.woolworths.media/content/wowproductimages/medium/897687.jpg",
        "name": "Purina Total Care Comfort Me Belly Brumby each",
        "price": 7.4,
        "unitPrice": "$7.40 / 1EA"
    },
    {
        "category": "pet",
        "href": "https://www.woolworths.com.au/shop/productdetails/272263/marine-master-fish-algae-control",
        "imgName": "272263.jpg",
        "imgSrc": "https://cdn0.woolworths.media/content/wowproductimages/medium/272263.jpg",
        "name": "Marine Master Fish Algae Control 125ml",
        "price": 4.85,
        "unitPrice": "$3.88 / 100ML"
    },
    {
        "category": "pet",
        "href": "https://www.woolworths.com.au/shop/productdetails/362220/purina-total-care-tasty-chew-heart-allworm-for-large-dogs",
        "imgName": "362220.jpg",
        "imgSrc": "https://cdn0.woolworths.media/content/wowproductimages/medium/362220.jpg",
        "name": "Purina Total Care Tasty Chew Heart+allworm For Large Dogs each",
        "price": 39,
        "unitPrice": "$13.00 / 1EA"
    },
    {
        "category": "pet",
        "href": "https://www.woolworths.com.au/shop/productdetails/657232/nature-s-table-lamb-dog-treats",
        "imgName": "657232.jpg",
        "imgSrc": "https://cdn0.woolworths.media/content/wowproductimages/medium/657232.jpg",
        "name": "Nature's Table Lamb Dog Treats  100g",
        "price": 9,
        "unitPrice": "$9.00 / 100G"
    },
    {
        "category": "pet",
        "href": "https://www.woolworths.com.au/shop/productdetails/789818/love-em-treat-chicken-cranberry-cookies",
        "imgName": "789818.jpg",
        "imgSrc": "https://cdn0.woolworths.media/content/wowproductimages/medium/789818.jpg",
        "name": "Love'em Treat Chicken & Cranberry Cookies 300g",
        "price": 4.99,
        "unitPrice": "$1.66 / 100G"
    },
    {
        "category": "pet",
        "href": "https://www.woolworths.com.au/shop/productdetails/780346/scooby-doo-snacks-treat-carob-multi-pack",
        "imgName": "780346.jpg",
        "imgSrc": "https://cdn0.woolworths.media/content/wowproductimages/medium/780346.jpg",
        "name": "Scooby Doo Snacks Treat Carob Multi Pack 300g",
        "price": 4.49,
        "unitPrice": "$1.50 / 100G"
    },
    {
        "category": "pet",
        "href": "https://www.woolworths.com.au/shop/productdetails/784418/whiskas-adult-cat-food-oh-so-meaty-cuts",
        "imgName": "784418.jpg",
        "imgSrc": "https://cdn0.woolworths.media/content/wowproductimages/medium/784418.jpg",
        "name": "Whiskas Adult Cat Food Oh So Meaty Cuts 12x85g",
        "price": 10,
        "unitPrice": "$0.98 / 100G"
    },
    {
        "category": "pet",
        "href": "https://www.woolworths.com.au/shop/productdetails/272368/marine-master-treatment-oxy-shell",
        "imgName": "272368.jpg",
        "imgSrc": "https://cdn0.woolworths.media/content/wowproductimages/medium/272368.jpg",
        "name": "Marine Master Treatment Oxy Shell 25g",
        "price": 2.85,
        "unitPrice": "$11.40 / 100G"
    },
    {
        "category": "pet",
        "href": "https://www.woolworths.com.au/shop/productdetails/325783/fancy-feast-sensations-adult-cat-food-florentine-chicken",
        "imgName": "325783.jpg",
        "imgSrc": "https://cdn0.woolworths.media/content/wowproductimages/medium/325783.jpg",
        "name": "Fancy Feast Sensations Adult Cat Food Florentine Chicken 85g",
        "price": 1.5,
        "unitPrice": "$1.76 / 100G"
    },
    {
        "category": "pet",
        "href": "https://www.woolworths.com.au/shop/productdetails/538123/friskies-dry-adult-cat-food-surfin-n-turfin",
        "imgName": "538123.jpg",
        "imgSrc": "https://cdn0.woolworths.media/content/wowproductimages/medium/538123.jpg",
        "name": "Friskies Dry Adult Cat Food Surfin N Turfin 2.5kg",
        "price": 11.29,
        "unitPrice": "$0.45 / 100G"
    },
    {
        "category": "pet",
        "href": "https://www.woolworths.com.au/shop/productdetails/659632/my-dog-roast-chicken-dry-dog-food",
        "imgName": "659632.jpg",
        "imgSrc": "https://cdn0.woolworths.media/content/wowproductimages/medium/659632.jpg",
        "name": "My Dog Roast Chicken Dry Dog Food 1.5kg",
        "price": 10,
        "unitPrice": "$0.67 / 100G"
    },
    {
        "category": "pet",
        "href": "https://www.woolworths.com.au/shop/productdetails/325789/fancy-feast-adult-cat-food-salmon-florentine",
        "imgName": "325789.jpg",
        "imgSrc": "https://cdn0.woolworths.media/content/wowproductimages/medium/325789.jpg",
        "name": "Fancy Feast Adult Cat Food Salmon Florentine 85g",
        "price": 1.5,
        "unitPrice": "$1.76 / 100G"
    },
    {
        "category": "pet",
        "href": "https://www.woolworths.com.au/shop/productdetails/481125/baxter-s-choc-treats",
        "imgName": "481125.jpg",
        "imgSrc": "https://cdn0.woolworths.media/content/wowproductimages/medium/481125.jpg",
        "name": "Baxter's Choc Treats 250g",
        "price": 2.5,
        "unitPrice": "$1.00 / 100G"
    },
    {
        "category": "pet",
        "href": "https://www.woolworths.com.au/shop/productdetails/730619/purina-total-care-padded-dog-collar-large",
        "imgName": "730619.jpg",
        "imgSrc": "https://cdn0.woolworths.media/content/wowproductimages/medium/730619.jpg",
        "name": "Purina Total Care Padded Dog Collar Large each",
        "price": 15.49,
        "unitPrice": "$15.49 / 1EA"
    },
    {
        "category": "pet",
        "href": "https://www.woolworths.com.au/shop/productdetails/773099/supercoat-adult-cat-food-indoor",
        "imgName": "773099.jpg",
        "imgSrc": "https://cdn0.woolworths.media/content/wowproductimages/medium/773099.jpg",
        "name": "Supercoat Adult Cat Food Indoor 1.5kg",
        "price": 12.45,
        "unitPrice": "$0.83 / 100G"
    },
    {
        "category": "pet",
        "href": "https://www.woolworths.com.au/shop/productdetails/867016/friskies-dry-adult-cat-food-meaty-grills",
        "imgName": "867016.jpg",
        "imgSrc": "https://cdn0.woolworths.media/content/wowproductimages/medium/867016.jpg",
        "name": "Friskies Dry Adult Cat Food Meaty Grills 2.5kg",
        "price": 11.29,
        "unitPrice": "$0.45 / 100G"
    },
    {
        "category": "pet",
        "href": "https://www.woolworths.com.au/shop/productdetails/294148/dine-desire-adult-cat-food-ocean-blend",
        "imgName": "294148.jpg",
        "imgSrc": "https://cdn0.woolworths.media/content/wowproductimages/medium/294148.jpg",
        "name": "Dine Desire Adult Cat Food Ocean Blend 1kg",
        "price": 9.55,
        "unitPrice": "$0.96 / 100G"
    },
    {
        "category": "pet",
        "href": "https://www.woolworths.com.au/shop/productdetails/638240/purina-total-care-allwormer-flea-control-tasty-chew-medium-dogs",
        "imgName": "638240.jpg",
        "imgSrc": "https://cdn0.woolworths.media/content/wowproductimages/medium/638240.jpg",
        "name": "Purina Total Care Allwormer & Flea Control Tasty Chew Medium Dogs each",
        "price": 23.5
    },
    {
        "category": "pet",
        "href": "https://www.woolworths.com.au/shop/productdetails/497272/rufus-coco-large-litter-liners",
        "imgName": "497272.jpg",
        "imgSrc": "https://cdn0.woolworths.media/content/wowproductimages/medium/497272.jpg",
        "name": "Rufus & Coco Large Litter Liners  8pk",
        "price": 5.99,
        "unitPrice": "$25.49 / 1KG"
    },
    {
        "category": "pet",
        "href": "https://www.woolworths.com.au/shop/productdetails/659631/my-dog-chicken-turkey-with-vegetables-dry-dog-food",
        "imgName": "659631.jpg",
        "imgSrc": "https://cdn0.woolworths.media/content/wowproductimages/medium/659631.jpg",
        "name": "My Dog Chicken & Turkey With Vegetables Dry Dog Food 1.5kg",
        "price": 10,
        "unitPrice": "$0.67 / 100G"
    },
    {
        "category": "pet",
        "href": "https://www.woolworths.com.au/shop/productdetails/659931/dentalife-dog-treat-mini-dogs",
        "imgName": "659931.jpg",
        "imgSrc": "https://cdn0.woolworths.media/content/wowproductimages/medium/659931.jpg",
        "name": "Dentalife Dog Treat Mini Dogs 24 pack 193g",
        "price": 5,
        "unitPrice": "$0.21 / 1EA"
    },
    {
        "category": "pet",
        "href": "https://www.woolworths.com.au/shop/productdetails/892651/purina-total-care-dog-shampoo-medicated-relief",
        "imgName": "892651.jpg",
        "imgSrc": "https://cdn0.woolworths.media/content/wowproductimages/medium/892651.jpg",
        "name": "Purina Total Care Dog Shampoo Medicated Relief 250ml",
        "price": 13.99,
        "unitPrice": "$4.00 / 100ML"
    },
    {
        "category": "pet",
        "href": "https://www.woolworths.com.au/shop/productdetails/349109/dine-kitten-food-with-tender-chicken",
        "imgName": "349109.jpg",
        "imgSrc": "https://cdn0.woolworths.media/content/wowproductimages/medium/349109.jpg",
        "name": "Dine Kitten Food With Tender Chicken 85g",
        "price": 1.1,
        "unitPrice": "$1.29 / 100G"
    },
    {
        "category": "pet",
        "href": "https://www.woolworths.com.au/shop/productdetails/516916/supercoat-adult-dog-food-beef",
        "imgName": "516916.jpg",
        "imgSrc": "https://cdn0.woolworths.media/content/wowproductimages/medium/516916.jpg",
        "name": "Supercoat Adult Dog Food Beef 3kg",
        "price": 14.3,
        "unitPrice": "$0.48 / 100G"
    },
    {
        "category": "pet",
        "href": "https://www.woolworths.com.au/shop/productdetails/784434/whiskas-adult-cat-food-oh-so-fishy-oceans-delights",
        "imgName": "784434.jpg",
        "imgSrc": "https://cdn0.woolworths.media/content/wowproductimages/medium/784434.jpg",
        "name": "Whiskas Adult Cat Food Oh So Fishy Oceans Delights 12x85g",
        "price": 10,
        "unitPrice": "$0.98 / 100G"
    },
    {
        "category": "pet",
        "href": "https://www.woolworths.com.au/shop/productdetails/892443/exelpet-spot-on-flea-treatment-for-cats",
        "imgName": "892443.jpg",
        "imgSrc": "https://cdn0.woolworths.media/content/wowproductimages/medium/892443.jpg",
        "name": "Exelpet Spot-on Flea Treatment For Cats 10ml",
        "price": 23.7,
        "unitPrice": "$237.00 / 100ML"
    },
    {
        "category": "pet",
        "href": "https://www.woolworths.com.au/shop/productdetails/137603/exelpet-treatment-capstar-cat-small-dog",
        "imgName": "137603.jpg",
        "imgSrc": "https://cdn0.woolworths.media/content/wowproductimages/medium/137603.jpg",
        "name": "Exelpet Treatment Capstar Cat/small Dog 6 tablets",
        "price": 19.25,
        "unitPrice": "$3.21 / 1EA"
    },
    {
        "category": "pet",
        "href": "https://www.woolworths.com.au/shop/productdetails/545779/total-care-flea-control-cat",
        "imgName": "545779.jpg",
        "imgSrc": "https://cdn0.woolworths.media/content/wowproductimages/medium/545779.jpg",
        "name": "Total Care Flea Control Cat ea",
        "price": 16,
        "unitPrice": "$16.00 / 1EA"
    },
    {
        "category": "pet",
        "href": "https://www.woolworths.com.au/shop/productdetails/657013/nature-s-gift-duck-chicken-veg-wet-dog-food",
        "imgName": "657013.jpg",
        "imgSrc": "https://cdn0.woolworths.media/content/wowproductimages/medium/657013.jpg",
        "name": "Nature's Gift Duck Chicken & Veg Wet Dog Food 700g",
        "price": 2,
        "unitPrice": "$0.29 / 100G"
    },
    {
        "category": "pet",
        "href": "https://www.woolworths.com.au/shop/productdetails/772717/dine-melting-soup-bonito-chicken",
        "imgName": "772717.jpg",
        "imgSrc": "https://cdn0.woolworths.media/content/wowproductimages/medium/772717.jpg",
        "name": "Dine Melting Soup Bonito & Chicken 40g",
        "price": 1.05,
        "unitPrice": "$2.63 / 100G"
    },
    {
        "category": "pet",
        "href": "https://www.woolworths.com.au/shop/productdetails/847922/dine-fine-flakes-tuna-whitebait",
        "imgName": "847922.jpg",
        "imgSrc": "https://cdn0.woolworths.media/content/wowproductimages/medium/847922.jpg",
        "name": "Dine Fine Flakes Tuna & Whitebait  35g",
        "price": 1.05,
        "unitPrice": "$3.00 / 100G"
    },
    {
        "category": "pet",
        "href": "https://www.woolworths.com.au/shop/productdetails/844375/felix-as-good-as-it-looks-meat-menus",
        "imgName": "844375.jpg",
        "imgSrc": "https://cdn0.woolworths.media/content/wowproductimages/medium/844375.jpg",
        "name": "Felix As Good As It Looks Meat Menus 12x85g",
        "price": 10.69,
        "special": 8.5,
        "unitPrice": "$0.83 / 100G"
    },
    {
        "category": "pet",
        "href": "https://www.woolworths.com.au/shop/productdetails/840838/fancy-feast-inspirations-salmon-spinach-courgette-green-beans",
        "imgName": "840838.jpg",
        "imgSrc": "https://cdn0.woolworths.media/content/wowproductimages/medium/840838.jpg",
        "name": "Fancy Feast Inspirations Salmon Spinach Courgette & Green Beans 70g",
        "price": 1.29,
        "unitPrice": "$1.84 / 100G"
    },
    {
        "category": "pet",
        "href": "https://www.woolworths.com.au/shop/productdetails/186278/vip-adult-dog-food-mega-bite-roll",
        "imgName": "186278.jpg",
        "imgSrc": "https://cdn0.woolworths.media/content/wowproductimages/medium/186278.jpg",
        "name": "Vip Adult Dog Food Mega Bite Roll 3kg",
        "price": 7,
        "unitPrice": "$0.23 / 100G"
    },
    {
        "category": "pet",
        "href": "https://www.woolworths.com.au/shop/productdetails/211231/vip-adult-cat-food-mince-with-chicken",
        "imgName": "211231.jpg",
        "imgSrc": "https://cdn0.woolworths.media/content/wowproductimages/medium/211231.jpg",
        "name": "Vip Adult Cat Food Mince With Chicken 450g",
        "price": 5,
        "unitPrice": "$1.11 / 100G"
    },
    {
        "category": "pet",
        "href": "https://www.woolworths.com.au/shop/productdetails/323389/bow-wow-treat-pork-bones",
        "imgName": "323389.jpg",
        "imgSrc": "https://cdn0.woolworths.media/content/wowproductimages/medium/323389.jpg",
        "name": "Bow Wow Treat Pork Bones 2pk",
        "price": 5.79,
        "unitPrice": "$2.90 / 1EA"
    },
    {
        "category": "pet",
        "href": "https://www.woolworths.com.au/shop/productdetails/381997/rufus-coco-training-odour-control-wee-away",
        "imgName": "381997.jpg",
        "imgSrc": "https://cdn0.woolworths.media/content/wowproductimages/medium/381997.jpg",
        "name": "Rufus & Coco Training Odour Control Wee Away 250ml",
        "price": 14.59,
        "unitPrice": "$5.84 / 100ML"
    },
    {
        "category": "pet",
        "href": "https://www.woolworths.com.au/shop/productdetails/481072/baxter-s-puppy-milk",
        "imgName": "481072.jpg",
        "imgSrc": "https://cdn0.woolworths.media/content/wowproductimages/medium/481072.jpg",
        "name": "Baxter's Puppy Milk 1l",
        "price": 3.1,
        "unitPrice": "$0.31 / 100ML"
    },
    {
        "category": "pet",
        "href": "https://www.woolworths.com.au/shop/productdetails/481188/smitten-cat-litter-crystals",
        "imgName": "481188.jpg",
        "imgSrc": "https://cdn0.woolworths.media/content/wowproductimages/medium/481188.jpg",
        "name": "Smitten Cat Litter Crystals  4kg",
        "price": 13.99,
        "unitPrice": "$3.50 / 1KG"
    },
    {
        "category": "pet",
        "href": "https://www.woolworths.com.au/shop/productdetails/751466/nature-s-gift-treat-kangaroo-mini",
        "imgName": "751466.jpg",
        "imgSrc": "https://cdn0.woolworths.media/content/wowproductimages/medium/751466.jpg",
        "name": "Nature's Gift Treat Kangaroo Mini 290g",
        "price": 3.2,
        "special": 2.5,
        "unitPrice": "$0.86 / 100G"
    },
    {
        "category": "pet",
        "href": "https://www.woolworths.com.au/shop/productdetails/784310/whiskas-kitten-food-beef-multipack",
        "imgName": "784310.jpg",
        "imgSrc": "https://cdn0.woolworths.media/content/wowproductimages/medium/784310.jpg",
        "name": "Whiskas Kitten Food Beef Multipack 12pk",
        "price": 7,
        "unitPrice": "$0.69 / 100G"
    },
    {
        "category": "pet",
        "href": "https://www.woolworths.com.au/shop/productdetails/844352/fancy-feast-classic-cheddar-delights-grilled-turkey-in-gravy",
        "imgName": "844352.jpg",
        "imgSrc": "https://cdn0.woolworths.media/content/wowproductimages/medium/844352.jpg",
        "name": "Fancy Feast Classic Cheddar Delights Grilled Turkey In Gravy 85g",
        "price": 1.2,
        "special": 0.9,
        "unitPrice": "$1.06 / 100G"
    },
    {
        "category": "pet",
        "href": "https://www.woolworths.com.au/shop/productdetails/125961/exelpet-treatment-intestinal-allwormer-cat",
        "imgName": "125961.jpg",
        "imgSrc": "https://cdn0.woolworths.media/content/wowproductimages/medium/125961.jpg",
        "name": "Exelpet Treatment Intestinal Allwormer Cat 2 tablets",
        "price": 11.35,
        "unitPrice": "$5.68 / 1EA"
    },
    {
        "category": "pet",
        "href": "https://www.woolworths.com.au/shop/productdetails/137604/exelpet-treatment-capstar-medium-large-dog",
        "imgName": "137604.jpg",
        "imgSrc": "https://cdn0.woolworths.media/content/wowproductimages/medium/137604.jpg",
        "name": "Exelpet Treatment Capstar Medium/large Dog 6 tablets",
        "price": 21.5,
        "unitPrice": "$3.58 / 1EA"
    },
    {
        "category": "pet",
        "href": "https://www.woolworths.com.au/shop/productdetails/249376/vip-adult-dog-food-steak-mince",
        "imgName": "249376.jpg",
        "imgSrc": "https://cdn0.woolworths.media/content/wowproductimages/medium/249376.jpg",
        "name": "Vip Adult Dog Food Steak Mince 800g",
        "price": 6,
        "unitPrice": "$0.75 / 100G"
    },
    {
        "category": "pet",
        "href": "https://www.woolworths.com.au/shop/productdetails/247207/peters-rabbit-guinea-pig-pasture-hay",
        "imgName": "247207.jpg",
        "imgSrc": "https://cdn0.woolworths.media/content/wowproductimages/medium/247207.jpg",
        "name": "Peters Rabbit & Guinea Pig Pasture Hay 1kg",
        "price": 8.69,
        "unitPrice": "$0.87 / 100G"
    },
    {
        "category": "pet",
        "href": "https://www.woolworths.com.au/shop/productdetails/252015/ultimates-indulge-adult-cat-food-tuna-chicken-breast-prawns",
        "imgName": "252015.jpg",
        "imgSrc": "https://cdn0.woolworths.media/content/wowproductimages/medium/252015.jpg",
        "name": "Ultimates Indulge Adult Cat Food Tuna Chicken Breast & Prawns 85g",
        "price": 1.49,
        "unitPrice": "$1.75 / 100G"
    },
    {
        "category": "pet",
        "href": "https://www.woolworths.com.au/shop/productdetails/251978/whiskas-kitten-food-chicken-tuna",
        "imgName": "251978.jpg",
        "imgSrc": "https://cdn0.woolworths.media/content/wowproductimages/medium/251978.jpg",
        "name": "Whiskas Kitten Food Chicken & Tuna 1kg",
        "price": 4.7,
        "special": 4,
        "unitPrice": "$0.40 / 100G"
    },
    {
        "category": "pet",
        "href": "https://www.woolworths.com.au/shop/productdetails/360800/purina-total-care-diamante-cat-collar-cat-collar-diamante",
        "imgName": "360800.jpg",
        "imgSrc": "https://cdn0.woolworths.media/content/wowproductimages/medium/360800.jpg",
        "name": "Purina Total Care Diamante Cat Collar Cat Collar Diamante each",
        "price": 6.49
    },
    {
        "category": "pet",
        "href": "https://www.woolworths.com.au/shop/productdetails/288928/my-dog-adult-dog-food-gourmet-selection-multipack",
        "imgName": "288928.jpg",
        "imgSrc": "https://cdn0.woolworths.media/content/wowproductimages/medium/288928.jpg",
        "name": "My Dog Adult Dog Food Gourmet Selection Multipack 12pk 400g",
        "price": 22.7,
        "unitPrice": "$0.47 / 100G"
    },
    {
        "category": "pet",
        "href": "https://www.woolworths.com.au/shop/productdetails/351934/peters-rabbit-guinea-pig-foragers-feast",
        "imgName": "351934.jpg",
        "imgSrc": "https://cdn0.woolworths.media/content/wowproductimages/medium/351934.jpg",
        "name": "Peters Rabbit & Guinea Pig Foragers Feast 1kg",
        "price": 8.15,
        "unitPrice": "$0.82 / 100G"
    },
    {
        "category": "pet",
        "href": "https://www.woolworths.com.au/shop/productdetails/382205/vip-fussy-cat-grainfree-adult-cat-food-salmon-white-fish-with-oil",
        "imgName": "382205.jpg",
        "imgSrc": "https://cdn0.woolworths.media/content/wowproductimages/medium/382205.jpg",
        "name": "Vip Fussy Cat Grainfree Adult Cat Food Salmon & White Fish With Oil 500g",
        "price": 5,
        "unitPrice": "$1.00 / 100G"
    },
    {
        "category": "pet",
        "href": "https://www.woolworths.com.au/shop/productdetails/351933/peters-rabbit-guinea-pig-little-gems-treats",
        "imgName": "351933.jpg",
        "imgSrc": "https://cdn0.woolworths.media/content/wowproductimages/medium/351933.jpg",
        "name": "Peters Rabbit & Guinea Pig Little Gems Treats 120g",
        "price": 4.54,
        "unitPrice": "$3.78 / 100G"
    },
    {
        "category": "pet",
        "href": "https://www.woolworths.com.au/shop/productdetails/381278/purina-total-care-sling-ball-sling-ball",
        "imgName": "381278.jpg",
        "imgSrc": "https://cdn0.woolworths.media/content/wowproductimages/medium/381278.jpg",
        "name": "Purina Total Care Sling Ball Sling Ball each",
        "price": 6.99
    },
    {
        "category": "pet",
        "href": "https://www.woolworths.com.au/shop/productdetails/481067/smitten-cat-milk",
        "imgName": "481067.jpg",
        "imgSrc": "https://cdn0.woolworths.media/content/wowproductimages/medium/481067.jpg",
        "name": "Smitten Cat Milk  250ml 3pk",
        "price": 4,
        "unitPrice": "$0.53 / 100ML"
    },
    {
        "category": "pet",
        "href": "https://www.woolworths.com.au/shop/productdetails/481162/apollo-dog-food-traditional-lamb",
        "imgName": "481162.jpg",
        "imgSrc": "https://cdn0.woolworths.media/content/wowproductimages/medium/481162.jpg",
        "name": "Apollo Dog Food Traditional Lamb 100g",
        "price": 0.8,
        "unitPrice": "$0.80 / 100G"
    },
    {
        "category": "pet",
        "href": "https://www.woolworths.com.au/shop/productdetails/545832/purina-total-care-flea-control-for-cats",
        "imgName": "545832.jpg",
        "imgSrc": "https://cdn0.woolworths.media/content/wowproductimages/medium/545832.jpg",
        "name": "Purina Total Care Flea Control For Cats 1pk",
        "price": 16,
        "unitPrice": "$16.00 / 1EA"
    },
    {
        "category": "pet",
        "href": "https://www.woolworths.com.au/shop/productdetails/656727/4legs-gourmet-meals-with-lamb-coconut-veg",
        "imgName": "656727.jpg",
        "imgSrc": "https://cdn0.woolworths.media/content/wowproductimages/medium/656727.jpg",
        "name": "4legs Gourmet Meals With Lamb Coconut & Veg 110g",
        "price": 1.3,
        "unitPrice": "$1.18 / 100G"
    },
    {
        "category": "pet",
        "href": "https://www.woolworths.com.au/shop/productdetails/780114/woolworths-select-training-tidy-bag-dispenser-refill",
        "imgName": "780114.jpg",
        "imgSrc": "https://cdn0.woolworths.media/content/wowproductimages/medium/780114.jpg",
        "name": "Woolworths Select Training Tidy Bag Dispenser & Refill 2x25pk",
        "price": 5.99,
        "unitPrice": "$5.99 / 1EA"
    },
    {
        "category": "pet",
        "href": "https://www.woolworths.com.au/shop/productdetails/780087/nature-s-gift-adult-dog-food-kangaroo-mixed-vegetables",
        "imgName": "780087.jpg",
        "imgSrc": "https://cdn0.woolworths.media/content/wowproductimages/medium/780087.jpg",
        "name": "Nature's Gift Adult Dog Food Kangaroo & Mixed Vegetables 1.8kg",
        "price": 12,
        "unitPrice": "$0.67 / 100G"
    },
    {
        "category": "pet",
        "href": "https://www.woolworths.com.au/shop/productdetails/731814/rufus-coco-accessory-diamonte-bow-collar",
        "imgName": "731814.jpg",
        "imgSrc": "https://cdn0.woolworths.media/content/wowproductimages/medium/731814.jpg",
        "name": "Rufus & Coco Accessory Diamonte Bow Collar each",
        "price": 9.59,
        "unitPrice": "$9.59 / 1EA"
    },
    {
        "category": "pet",
        "href": "https://www.woolworths.com.au/shop/productdetails/788449/applaws-adult-cat-food-natural-food-tuna-prawn",
        "imgName": "788449.jpg",
        "imgSrc": "https://cdn0.woolworths.media/content/wowproductimages/medium/788449.jpg",
        "name": "Applaws Adult Cat Food Natural Food Tuna & Prawn 70g",
        "price": 1.99,
        "unitPrice": "$2.84 / 100G"
    },
    {
        "category": "pet",
        "href": "https://www.woolworths.com.au/shop/productdetails/892650/purina-total-care-delicate-shampoo",
        "imgName": "892650.jpg",
        "imgSrc": "https://cdn0.woolworths.media/content/wowproductimages/medium/892650.jpg",
        "name": "Purina Total Care Delicate Shampoo  250ml",
        "price": 9.99,
        "unitPrice": "$4.00 / 100ML"
    },
    {
        "category": "pet",
        "href": "https://www.woolworths.com.au/shop/productdetails/601925/chandler-cat-litter-original",
        "imgName": "601925.jpg",
        "imgSrc": "https://cdn0.woolworths.media/content/wowproductimages/medium/601925.jpg",
        "name": "Chandler Cat Litter Original 7l",
        "price": 5.9,
        "unitPrice": "$0.84 / 1L"
    },
    {
        "category": "pet",
        "href": "https://www.woolworths.com.au/shop/productdetails/788419/vip-nature-goodness-puppy-food-gluten-free",
        "imgName": "788419.jpg",
        "imgSrc": "https://cdn0.woolworths.media/content/wowproductimages/medium/788419.jpg",
        "name": "Vip Nature Goodness Puppy Food Gluten Free 680g",
        "price": 3.05,
        "unitPrice": "$0.45 / 100G"
    },
    {
        "category": "pet",
        "href": "https://www.woolworths.com.au/shop/productdetails/652073/total-care-retro-lead-120cm",
        "imgName": "652073.jpg",
        "imgSrc": "https://cdn0.woolworths.media/content/wowproductimages/medium/652073.jpg",
        "name": "Total Care Retro Lead 120cm each",
        "price": 15,
        "unitPrice": "$15.00 / 1EA"
    },
    {
        "category": "pet",
        "href": "https://www.woolworths.com.au/shop/productdetails/624760/purina-friskies-seven-dry-cat-food-adult",
        "imgName": "624760.jpg",
        "imgSrc": "https://cdn0.woolworths.media/content/wowproductimages/medium/624760.jpg",
        "name": "Purina Friskies Seven Dry Cat Food Adult 1kg",
        "price": 4,
        "unitPrice": "$0.40 / 100G"
    },
    {
        "category": "pet",
        "href": "https://www.woolworths.com.au/shop/productdetails/844028/applaws-whole-mackerel-loin",
        "imgName": "844028.jpg",
        "imgSrc": "https://cdn0.woolworths.media/content/wowproductimages/medium/844028.jpg",
        "name": "Applaws Whole Mackerel Loin 30g",
        "price": 2.6,
        "unitPrice": "$8.67 / 100G"
    },
    {
        "category": "pet",
        "href": "https://www.woolworths.com.au/shop/productdetails/659623/nature-s-table-chicken-with-vegetables-dry-dog-food",
        "imgName": "659623.jpg",
        "imgSrc": "https://cdn0.woolworths.media/content/wowproductimages/medium/659623.jpg",
        "name": "Nature's Table Chicken With Vegetables Dry Dog Food 2.5kg",
        "price": 17,
        "unitPrice": "$0.68 / 100G"
    },
    {
        "category": "pet",
        "href": "https://www.woolworths.com.au/shop/productdetails/659765/applaws-chicken-beef-with-vegetables-natural-dog-food",
        "imgName": "659765.jpg",
        "imgSrc": "https://cdn0.woolworths.media/content/wowproductimages/medium/659765.jpg",
        "name": "Applaws Chicken & Beef With Vegetables Natural Dog Food 156g",
        "price": 2.7,
        "unitPrice": "$1.73 / 100G"
    },
    {
        "category": "pet",
        "href": "https://www.woolworths.com.au/shop/productdetails/923946/optimum-adult-dog-food-with-chicken-rice",
        "imgName": "923946.jpg",
        "imgSrc": "https://cdn0.woolworths.media/content/wowproductimages/medium/923946.jpg",
        "name": "Optimum Adult Dog Food With Chicken & Rice 400g",
        "price": 2.45,
        "unitPrice": "$0.61 / 100G"
    },
    {
        "category": "pet",
        "href": "https://www.woolworths.com.au/shop/productdetails/705463/dine-desire-kitten-food-tender-chicken",
        "imgName": "705463.jpg",
        "imgSrc": "https://cdn0.woolworths.media/content/wowproductimages/medium/705463.jpg",
        "name": "Dine Desire Kitten Food Tender Chicken 450g",
        "price": 4.7,
        "unitPrice": "$1.04 / 100G"
    },
    {
        "category": "pet",
        "href": "https://www.woolworths.com.au/shop/productdetails/481085/smitten-cat-treats-turkey",
        "imgName": "481085.jpg",
        "imgSrc": "https://cdn0.woolworths.media/content/wowproductimages/medium/481085.jpg",
        "name": "Smitten Cat Treats Turkey 85g",
        "price": 3.5,
        "unitPrice": "$4.12 / 100G"
    },
    {
        "category": "pet",
        "href": "https://www.woolworths.com.au/shop/productdetails/367809/woolworths-select-bowl-non-skid-medium",
        "imgName": "367809.jpg",
        "imgSrc": "https://cdn0.woolworths.media/content/wowproductimages/medium/367809.jpg",
        "name": "Woolworths Select Bowl Non Skid Medium each",
        "price": 9.77
    },
    {
        "category": "pet",
        "href": "https://www.woolworths.com.au/shop/productdetails/657679/nature-s-table-beef-with-capsicum-green-beans-dog-food",
        "imgName": "657679.jpg",
        "imgSrc": "https://cdn0.woolworths.media/content/wowproductimages/medium/657679.jpg",
        "name": "Nature's Table Beef With Capsicum & Green Beans Dog Food 100g",
        "price": 1.4,
        "unitPrice": "$1.40 / 100G"
    },
    {
        "category": "pet",
        "href": "https://www.woolworths.com.au/shop/productdetails/652072/total-care-bedding-fresh-spray",
        "imgName": "652072.jpg",
        "imgSrc": "https://cdn0.woolworths.media/content/wowproductimages/medium/652072.jpg",
        "name": "Total Care Bedding Fresh Spray  275ml",
        "price": 12,
        "unitPrice": "$4.36 / 100ML"
    },
    {
        "category": "pet",
        "href": "https://www.woolworths.com.au/shop/productdetails/791334/friskies-casserole-creations",
        "imgName": "791334.jpg",
        "imgSrc": "https://cdn0.woolworths.media/content/wowproductimages/medium/791334.jpg",
        "name": "Friskies Casserole Creations  12x85g",
        "price": 7.69,
        "unitPrice": "$0.75 / 100G"
    },
    {
        "category": "pet",
        "href": "https://www.woolworths.com.au/shop/productdetails/232367/vitapet-jerhigh-treat-real-chicken-strips",
        "imgName": "232367.jpg",
        "imgSrc": "https://cdn0.woolworths.media/content/wowproductimages/medium/232367.jpg",
        "name": "Vitapet Jerhigh Treat Real Chicken Strips 100g",
        "price": 4.45,
        "unitPrice": "$4.45 / 100G"
    },
    {
        "category": "pet",
        "href": "https://www.woolworths.com.au/shop/productdetails/657197/schmackos-strapz-variety-pack",
        "imgName": "657197.jpg",
        "imgSrc": "https://cdn0.woolworths.media/content/wowproductimages/medium/657197.jpg",
        "name": "Schmackos Strapz Variety Pack  500g",
        "price": 11.5,
        "unitPrice": "$2.30 / 100G"
    },
    {
        "category": "pet",
        "href": "https://www.woolworths.com.au/shop/productdetails/252016/ultimates-indulge-adult-cat-food-whitemeat-tuna-chicken-liver",
        "imgName": "252016.jpg",
        "imgSrc": "https://cdn0.woolworths.media/content/wowproductimages/medium/252016.jpg",
        "name": "Ultimates Indulge Adult Cat Food Whitemeat Tuna & Chicken Liver 85g",
        "price": 1.49,
        "unitPrice": "$1.75 / 100G"
    },
    {
        "category": "pet",
        "href": "https://www.woolworths.com.au/shop/productdetails/791328/friskies-chicken-wonders",
        "imgName": "791328.jpg",
        "imgSrc": "https://cdn0.woolworths.media/content/wowproductimages/medium/791328.jpg",
        "name": "Friskies Chicken Wonders  12x85g",
        "price": 7.69,
        "unitPrice": "$0.75 / 100G"
    },
    {
        "category": "pet",
        "href": "https://www.woolworths.com.au/shop/productdetails/784425/whiskas-adult-cat-food-oh-so-fishy-seafood-servings",
        "imgName": "784425.jpg",
        "imgSrc": "https://cdn0.woolworths.media/content/wowproductimages/medium/784425.jpg",
        "name": "Whiskas Adult Cat Food Oh So Fishy Seafood Servings 12x85g",
        "price": 10,
        "unitPrice": "$0.98 / 100G"
    },
    {
        "category": "pet",
        "href": "https://www.woolworths.com.au/shop/productdetails/360832/oakwood-grooming-shampoo-for-puppies-kittens",
        "imgName": "360832.jpg",
        "imgSrc": "https://cdn0.woolworths.media/content/wowproductimages/medium/360832.jpg",
        "name": "Oakwood Grooming Shampoo For Puppies & Kittens 280ml",
        "price": 9.99,
        "unitPrice": "$3.57 / 100ML"
    },
    {
        "category": "pet",
        "href": "https://www.woolworths.com.au/shop/productdetails/376829/exelpet-vet-series-treatment-spot-on-flea-medium-dog",
        "imgName": "376829.jpg",
        "imgSrc": "https://cdn0.woolworths.media/content/wowproductimages/medium/376829.jpg",
        "name": "Exelpet Vet Series Treatment Spot On Flea Medium Dog 2pk 1.34ml",
        "price": 27.1,
        "unitPrice": "$13.55 / 1EA"
    },
    {
        "category": "pet",
        "href": "https://www.woolworths.com.au/shop/productdetails/19475/bird-munchies-cuttlefish-bone-with-holder",
        "imgName": "019475.jpg",
        "imgSrc": "https://cdn0.woolworths.media/content/wowproductimages/medium/019475.jpg",
        "name": "Bird Munchies Cuttlefish Bone With Holder  15g",
        "price": 2.85,
        "unitPrice": "$19.00 / 100G"
    },
    {
        "category": "pet",
        "href": "https://www.woolworths.com.au/shop/productdetails/376836/exelpet-vet-series-treatment-spot-on-flea-small-dog",
        "imgName": "376836.jpg",
        "imgSrc": "https://cdn0.woolworths.media/content/wowproductimages/medium/376836.jpg",
        "name": "Exelpet Vet Series Treatment Spot On Flea Small Dog 2pk 0.67ml",
        "price": 27.25,
        "unitPrice": "$13.63 / 1EA"
    },
    {
        "category": "pet",
        "href": "https://www.woolworths.com.au/shop/productdetails/516927/supercoat-adult-dog-food-chicken",
        "imgName": "516927.jpg",
        "imgSrc": "https://cdn0.woolworths.media/content/wowproductimages/medium/516927.jpg",
        "name": "Supercoat Adult Dog Food Chicken 3kg",
        "price": 14.3,
        "unitPrice": "$0.48 / 100G"
    },
    {
        "category": "pet",
        "href": "https://www.woolworths.com.au/shop/productdetails/371400/my-dog-adult-dog-food-salmon-with-spinach-carrots",
        "imgName": "371400.jpg",
        "imgSrc": "https://cdn0.woolworths.media/content/wowproductimages/medium/371400.jpg",
        "name": "My Dog Adult Dog Food Salmon With Spinach & Carrots 100g",
        "price": 1.35,
        "unitPrice": "$1.35 / 100G"
    },
    {
        "category": "pet",
        "href": "https://www.woolworths.com.au/shop/productdetails/657416/purina-simply-9-lamb-whole-barley",
        "imgName": "657416.jpg",
        "imgSrc": "https://cdn0.woolworths.media/content/wowproductimages/medium/657416.jpg",
        "name": "Purina Simply 9 Lamb & Whole Barley 6.8kg",
        "price": 34,
        "unitPrice": "$0.50 / 100G"
    },
    {
        "category": "pet",
        "href": "https://www.woolworths.com.au/shop/productdetails/706582/vitapet-jerhigh-treat-milk-sticks",
        "imgName": "706582.jpg",
        "imgSrc": "https://cdn0.woolworths.media/content/wowproductimages/medium/706582.jpg",
        "name": "Vitapet Jerhigh Treat Milk Sticks 100g",
        "price": 4.45,
        "unitPrice": "$4.45 / 100G"
    },
    {
        "category": "pet",
        "href": "https://www.woolworths.com.au/shop/productdetails/963200/dine-daily-cat-food-slices-with-tender-tuna",
        "imgName": "963200.jpg",
        "imgSrc": "https://cdn0.woolworths.media/content/wowproductimages/medium/963200.jpg",
        "name": "Dine Daily Cat Food Slices With Tender Tuna 85g",
        "price": 1.1,
        "unitPrice": "$1.29 / 100G"
    },
    {
        "category": "pet",
        "href": "https://www.woolworths.com.au/shop/productdetails/885818/joseph-lyddy-pet-indulgence-melamine-dog-bowl-medium",
        "imgName": "885818.jpg",
        "imgSrc": "https://cdn0.woolworths.media/content/wowproductimages/medium/885818.jpg",
        "name": "Joseph Lyddy Pet Indulgence Melamine Dog Bowl Medium each",
        "price": 12.95,
        "unitPrice": "$12.95 / 1EA"
    },
    {
        "category": "pet",
        "href": "https://www.woolworths.com.au/shop/productdetails/182401/exelpet-cat-kitten-treatment-spot-on-flea-control",
        "imgName": "182401.jpg",
        "imgSrc": "https://cdn0.woolworths.media/content/wowproductimages/medium/182401.jpg",
        "name": "Exelpet Cat/kitten Treatment Spot On Flea Control 0.6ml",
        "price": 16.45,
        "unitPrice": "$16.45 / 1EA"
    },
    {
        "category": "pet",
        "href": "https://www.woolworths.com.au/shop/productdetails/204507/trill-bird-honey-stick-variety-cockatiels",
        "imgName": "204507.jpg",
        "imgSrc": "https://cdn0.woolworths.media/content/wowproductimages/medium/204507.jpg",
        "name": "Trill Bird Honey Stick Variety Cockatiels 105g",
        "price": 3.99,
        "unitPrice": "$3.80 / 100G"
    },
    {
        "category": "pet",
        "href": "https://www.woolworths.com.au/shop/productdetails/198805/homebrand-fish-food-granulated",
        "imgName": "198805.jpg",
        "imgSrc": "https://cdn0.woolworths.media/content/wowproductimages/medium/198805.jpg",
        "name": "Homebrand Fish Food Granulated 100g",
        "price": 2.99,
        "unitPrice": "$2.99 / 100G"
    },
    {
        "category": "pet",
        "href": "https://www.woolworths.com.au/shop/productdetails/314973/woolworths-select-bird-food-cockatiel",
        "imgName": "314973.jpg",
        "imgSrc": "https://cdn0.woolworths.media/content/wowproductimages/medium/314973.jpg",
        "name": "Woolworths Select Bird Food Cockatiel 2kg",
        "price": 5,
        "unitPrice": "$0.25 / 100G"
    },
    {
        "category": "pet",
        "href": "https://www.woolworths.com.au/shop/productdetails/481184/baxter-s-rawhide-chew-bars-beef",
        "imgName": "481184.jpg",
        "imgSrc": "https://cdn0.woolworths.media/content/wowproductimages/medium/481184.jpg",
        "name": "Baxter's Rawhide Chew Bars Beef 5 pk",
        "price": 5,
        "unitPrice": "$1.00 / 1EA"
    },
    {
        "category": "pet",
        "href": "https://www.woolworths.com.au/shop/productdetails/842623/vip-fussy-cat-grain-free-salmon-whitefish-with-olive-oil-cat-food",
        "imgName": "842623.jpg",
        "imgSrc": "https://cdn0.woolworths.media/content/wowproductimages/medium/842623.jpg",
        "name": "Vip Fussy Cat Grain Free Salmon & Whitefish With Olive Oil Cat Food 85g",
        "price": 1.19,
        "unitPrice": "$1.40 / 100G"
    },
    {
        "category": "pet",
        "href": "https://www.woolworths.com.au/shop/productdetails/921076/vitapet-chewz-chicken-wrapped-rawhide-twist",
        "imgName": "921076.jpg",
        "imgSrc": "https://cdn0.woolworths.media/content/wowproductimages/medium/921076.jpg",
        "name": "Vitapet Chewz Chicken Wrapped Rawhide Twist 7pk",
        "price": 7.59,
        "unitPrice": "$1.08 / 1EA"
    },
    {
        "category": "pet",
        "href": "https://www.woolworths.com.au/shop/productdetails/886310/rufus-coco-rocking-feathers-cat-toy",
        "imgName": "886310.jpg",
        "imgSrc": "https://cdn0.woolworths.media/content/wowproductimages/medium/886310.jpg",
        "name": "Rufus & Coco Rocking Feathers Cat Toy  each",
        "price": 7.39,
        "unitPrice": "$7.39 / 1EA"
    },
    {
        "category": "pet",
        "href": "https://www.woolworths.com.au/shop/productdetails/360897/rufus-coco-accessory-bones-collar-extra-small",
        "imgName": "360897.jpg",
        "imgSrc": "https://cdn0.woolworths.media/content/wowproductimages/medium/360897.jpg",
        "name": "Rufus & Coco Accessory Bones Collar Extra Small each",
        "price": 13.79
    },
    {
        "category": "pet",
        "href": "https://www.woolworths.com.au/shop/productdetails/785852/rufus-coco-stop-jolt-stretch-lead",
        "imgName": "785852.jpg",
        "imgSrc": "https://cdn0.woolworths.media/content/wowproductimages/medium/785852.jpg",
        "name": "Rufus & Coco Stop Jolt Stretch Lead  each",
        "price": 22.64,
        "unitPrice": "$22.64 / 1EA"
    },
    {
        "category": "pet",
        "href": "https://www.woolworths.com.au/shop/productdetails/381985/rufus-coco-soft-mesh-harness-medium-fits-53-73cm",
        "imgName": "381985.jpg",
        "imgSrc": "https://cdn0.woolworths.media/content/wowproductimages/medium/381985.jpg",
        "name": "Rufus & Coco Soft Mesh Harness Medium Fits 53-73cm each",
        "price": 25.59
    },
    {
        "category": "pet",
        "href": "https://www.woolworths.com.au/shop/productdetails/766290/rufus-coco-accessory-airmesh-collar",
        "imgName": "766290.jpg",
        "imgSrc": "https://cdn0.woolworths.media/content/wowproductimages/medium/766290.jpg",
        "name": "Rufus & Coco Accessory Airmesh Collar m/l",
        "price": 18.54,
        "unitPrice": "$18.54 / 1EA"
    },
    {
        "category": "pet",
        "href": "https://www.woolworths.com.au/shop/productdetails/892629/purina-total-care-puppy-shampoo-gentle-mild",
        "imgName": "892629.jpg",
        "imgSrc": "https://cdn0.woolworths.media/content/wowproductimages/medium/892629.jpg",
        "name": "Purina Total Care Puppy Shampoo Gentle & Mild 250ml",
        "price": 9.99,
        "unitPrice": "$4.00 / 100ML"
    },
    {
        "category": "pet",
        "href": "https://www.woolworths.com.au/shop/productdetails/765614/rufus-coco-chew-stopper-spray",
        "imgName": "765614.jpg",
        "imgSrc": "https://cdn0.woolworths.media/content/wowproductimages/medium/765614.jpg",
        "name": "Rufus & Coco Chew Stopper Spray  each",
        "price": 13.84,
        "unitPrice": "$5.54 / 100ML"
    },
    {
        "category": "pet",
        "href": "https://www.woolworths.com.au/shop/productdetails/220845/homebrand-dog-shampoo-with-tea-tree",
        "imgName": "220845.jpg",
        "imgSrc": "https://cdn0.woolworths.media/content/wowproductimages/medium/220845.jpg",
        "name": "Homebrand Dog Shampoo With Tea Tree 1l",
        "price": 5.99,
        "unitPrice": "$0.60 / 100ML"
    },
    {
        "category": "pet",
        "href": "https://www.woolworths.com.au/shop/productdetails/657233/nature-s-table-beef-dog-treats",
        "imgName": "657233.jpg",
        "imgSrc": "https://cdn0.woolworths.media/content/wowproductimages/medium/657233.jpg",
        "name": "Nature's Table Beef Dog Treats  100g",
        "price": 9,
        "unitPrice": "$9.00 / 100G"
    },
    {
        "category": "pet",
        "href": "https://www.woolworths.com.au/shop/productdetails/183873/dux-guinea-pig-rabbit-meal",
        "imgName": "183873.jpg",
        "imgSrc": "https://cdn0.woolworths.media/content/wowproductimages/medium/183873.jpg",
        "name": "Dux Guinea Pig & Rabbit Meal 2kg",
        "price": 5.49,
        "unitPrice": "$0.27 / 100G"
    },
    {
        "category": "pet",
        "href": "https://www.woolworths.com.au/shop/productdetails/94662/homebrand-bird-food-parrot",
        "imgName": "094662.jpg",
        "imgSrc": "https://cdn0.woolworths.media/content/wowproductimages/medium/094662.jpg",
        "name": "Homebrand Bird Food Parrot 2kg",
        "price": 4.7,
        "unitPrice": "$0.24 / 100G"
    },
    {
        "category": "pet",
        "href": "https://www.woolworths.com.au/shop/productdetails/659938/dentalife-dog-treat-large-dogs",
        "imgName": "659938.jpg",
        "imgSrc": "https://cdn0.woolworths.media/content/wowproductimages/medium/659938.jpg",
        "name": "Dentalife Dog Treat Large Dogs 18 pack 587g",
        "price": 11,
        "unitPrice": "$0.61 / 1EA"
    },
    {
        "category": "pet",
        "href": "https://www.woolworths.com.au/shop/productdetails/767891/vitapet-jerhigh-treat-bbq-chicken-chasers",
        "imgName": "767891.jpg",
        "imgSrc": "https://cdn0.woolworths.media/content/wowproductimages/medium/767891.jpg",
        "name": "Vitapet Jerhigh Treat Bbq Chicken Chasers 100g",
        "price": 4.45,
        "unitPrice": "$4.45 / 100G"
    },
    {
        "category": "pet",
        "href": "https://www.woolworths.com.au/shop/productdetails/785841/rufus-coco-rufus-junior-chew-toy",
        "imgName": "785841.jpg",
        "imgSrc": "https://cdn0.woolworths.media/content/wowproductimages/medium/785841.jpg",
        "name": "Rufus & Coco Rufus Junior Chew Toy  each",
        "price": 17.49,
        "unitPrice": "$17.49 / 1EA"
    },
    {
        "category": "pet",
        "href": "https://www.woolworths.com.au/shop/productdetails/847907/dine-daily-mousse-with-ocean-fish-cheese",
        "imgName": "847907.jpg",
        "imgSrc": "https://cdn0.woolworths.media/content/wowproductimages/medium/847907.jpg",
        "name": "Dine Daily Mousse With Ocean Fish & Cheese 85g",
        "price": 1.1,
        "unitPrice": "$1.29 / 100G"
    },
    {
        "category": "pet",
        "href": "https://www.woolworths.com.au/shop/productdetails/842627/vip-fussy-cat-grain-free-beef-kangaroo-with-sweet-potato-cat-food",
        "imgName": "842627.jpg",
        "imgSrc": "https://cdn0.woolworths.media/content/wowproductimages/medium/842627.jpg",
        "name": "Vip Fussy Cat Grain Free Beef & Kangaroo With Sweet Potato Cat Food 85g",
        "price": 1.19,
        "unitPrice": "$1.40 / 100G"
    },
    {
        "category": "pet",
        "href": "https://www.woolworths.com.au/shop/productdetails/111453/schmackos-treat-marrobones-original",
        "imgName": "111453.jpg",
        "imgSrc": "https://cdn0.woolworths.media/content/wowproductimages/medium/111453.jpg",
        "name": "Schmackos Treat Marrobones Original 737g",
        "price": 8.05,
        "unitPrice": "$1.09 / 100G"
    },
    {
        "category": "pet",
        "href": "https://www.woolworths.com.au/shop/productdetails/258295/baxter-s-dog-roll-chicken-and-rice",
        "imgName": "258295.jpg",
        "imgSrc": "https://cdn0.woolworths.media/content/wowproductimages/medium/258295.jpg",
        "name": "Baxter's Dog Roll Chicken And Rice 3kg",
        "price": 6.3,
        "unitPrice": "$0.21 / 100G"
    },
    {
        "category": "pet",
        "href": "https://www.woolworths.com.au/shop/productdetails/755533/woolworths-select-bird-mix-wild-bell",
        "imgName": "755533.jpg",
        "imgSrc": "https://cdn0.woolworths.media/content/wowproductimages/medium/755533.jpg",
        "name": "Woolworths Select Bird Mix Wild Bell 750g",
        "price": 5.4,
        "unitPrice": "$0.72 / 100G"
    },
    {
        "category": "pet",
        "href": "https://www.woolworths.com.au/shop/productdetails/766269/rufus-coco-soft-mesh-harness-xsmall",
        "imgName": "766269.jpg",
        "imgSrc": "https://cdn0.woolworths.media/content/wowproductimages/medium/766269.jpg",
        "name": "Rufus & Coco Soft Mesh Harness Xsmall each",
        "price": 20.59,
        "unitPrice": "$20.59 / 1EA"
    },
    {
        "category": "pet",
        "href": "https://www.woolworths.com.au/shop/productdetails/86949/4legs-adult-dog-food-with-macaroni-vegetable",
        "imgName": "086949.jpg",
        "imgSrc": "https://cdn0.woolworths.media/content/wowproductimages/medium/086949.jpg",
        "name": "4legs Adult Dog Food With Macaroni & Vegetable 900g",
        "price": 5.8,
        "unitPrice": "$0.64 / 100G"
    },
    {
        "category": "pet",
        "href": "https://www.woolworths.com.au/shop/productdetails/87735/4legs-adult-dog-food-pasta-chicken-vegetable",
        "imgName": "087735.jpg",
        "imgSrc": "https://cdn0.woolworths.media/content/wowproductimages/medium/087735.jpg",
        "name": "4legs Adult Dog Food Pasta Chicken & Vegetable 900g",
        "price": 5.8,
        "unitPrice": "$0.64 / 100G"
    },
    {
        "category": "pet",
        "href": "https://www.woolworths.com.au/shop/productdetails/201220/homebrand-cat-litter-clay-clumping",
        "imgName": "201220.jpg",
        "imgSrc": "https://cdn0.woolworths.media/content/wowproductimages/medium/201220.jpg",
        "name": "Homebrand Cat Litter Clay Clumping 4.5l",
        "price": 2.65,
        "unitPrice": "$0.59 / 1L"
    },
    {
        "category": "pet",
        "href": "https://www.woolworths.com.au/shop/productdetails/176674/homebrand-fish-flakes",
        "imgName": "176674.jpg",
        "imgSrc": "https://cdn0.woolworths.media/content/wowproductimages/medium/176674.jpg",
        "name": "Homebrand Fish Flakes 50g",
        "price": 4.99,
        "unitPrice": "$9.98 / 100G"
    },
    {
        "category": "pet",
        "href": "https://www.woolworths.com.au/shop/productdetails/308874/exelpet-ezy-dose-dog-treatment-heart-intestinal-allwormer",
        "imgName": "308874.jpg",
        "imgSrc": "https://cdn0.woolworths.media/content/wowproductimages/medium/308874.jpg",
        "name": "Exelpet Ezy-dose Dog Treatment Heart & Intestinal Allwormer 4 chews",
        "price": 22.55,
        "unitPrice": "$5.64 / 1EA"
    },
    {
        "category": "pet",
        "href": "https://www.woolworths.com.au/shop/productdetails/324407/4legs-adult-dog-food-chicken-pasta-vegetable-roll",
        "imgName": "324407.jpg",
        "imgSrc": "https://cdn0.woolworths.media/content/wowproductimages/medium/324407.jpg",
        "name": "4legs Adult Dog Food Chicken Pasta & Vegetable Roll 1.7kg",
        "price": 5.25,
        "unitPrice": "$0.31 / 100G"
    },
    {
        "category": "pet",
        "href": "https://www.woolworths.com.au/shop/productdetails/349110/dine-kitten-food-with-steamed-ocean-fish",
        "imgName": "349110.jpg",
        "imgSrc": "https://cdn0.woolworths.media/content/wowproductimages/medium/349110.jpg",
        "name": "Dine Kitten Food With Steamed Ocean Fish 85g",
        "price": 1.1,
        "unitPrice": "$1.29 / 100G"
    },
    {
        "category": "pet",
        "href": "https://www.woolworths.com.au/shop/productdetails/325788/fancy-feast-sensations-adult-cat-food-tuscan-tuna-rice",
        "imgName": "325788.jpg",
        "imgSrc": "https://cdn0.woolworths.media/content/wowproductimages/medium/325788.jpg",
        "name": "Fancy Feast Sensations Adult Cat Food Tuscan Tuna Rice 85g",
        "price": 1.5,
        "unitPrice": "$1.76 / 100G"
    },
    {
        "category": "pet",
        "href": "https://www.woolworths.com.au/shop/productdetails/360684/purina-total-care-nylon-dog-collar-nylon-collar-s-45cm",
        "imgName": "360684.jpg",
        "imgSrc": "https://cdn0.woolworths.media/content/wowproductimages/medium/360684.jpg",
        "name": "Purina Total Care Nylon Dog Collar Nylon Collar S 45cm each",
        "price": 7.86
    },
    {
        "category": "pet",
        "href": "https://www.woolworths.com.au/shop/productdetails/516914/supercoat-adult-dog-food-grain-free-beef",
        "imgName": "516914.jpg",
        "imgSrc": "https://cdn0.woolworths.media/content/wowproductimages/medium/516914.jpg",
        "name": "Supercoat Adult Dog Food Grain Free Beef 2.5kg",
        "price": 16,
        "unitPrice": "$0.64 / 100G"
    },
    {
        "category": "pet",
        "href": "https://www.woolworths.com.au/shop/productdetails/367806/woolworths-select-bowl-non-skid-small",
        "imgName": "367806.jpg",
        "imgSrc": "https://cdn0.woolworths.media/content/wowproductimages/medium/367806.jpg",
        "name": "Woolworths Select Bowl Non Skid Small each",
        "price": 6.75
    },
    {
        "category": "pet",
        "href": "https://www.woolworths.com.au/shop/productdetails/477574/felix-sensations-cat-food-ocean-fish-prawn",
        "imgName": "477574.jpg",
        "imgSrc": "https://cdn0.woolworths.media/content/wowproductimages/medium/477574.jpg",
        "name": "Felix Sensations Cat Food Ocean Fish & Prawn 85g",
        "price": 1,
        "unitPrice": "$1.18 / 100G"
    },
    {
        "category": "pet",
        "href": "https://www.woolworths.com.au/shop/productdetails/750983/vitapet-jerhigh-treat-chicken-tenders",
        "imgName": "750983.jpg",
        "imgSrc": "https://cdn0.woolworths.media/content/wowproductimages/medium/750983.jpg",
        "name": "Vitapet Jerhigh Treat Chicken Tenders 200g",
        "price": 10.79,
        "unitPrice": "$5.40 / 100G"
    },
    {
        "category": "pet",
        "href": "https://www.woolworths.com.au/shop/productdetails/759784/dine-desire-adult-cat-food-roast-chicken-flavour",
        "imgName": "759784.jpg",
        "imgSrc": "https://cdn0.woolworths.media/content/wowproductimages/medium/759784.jpg",
        "name": "Dine Desire Adult Cat Food Roast Chicken Flavour 1kg",
        "price": 9.55,
        "unitPrice": "$0.96 / 100G"
    },
    {
        "category": "pet",
        "href": "https://www.woolworths.com.au/shop/productdetails/797509/applaws-chicken-breast-with-vegetables-natural-dog-food",
        "imgName": "797509.jpg",
        "imgSrc": "https://cdn0.woolworths.media/content/wowproductimages/medium/797509.jpg",
        "name": "Applaws Chicken Breast With Vegetables Natural Dog Food",
        "price": 2.7,
        "unitPrice": "$1.73 / 100G"
    },
    {
        "category": "pet",
        "href": "https://www.woolworths.com.au/shop/productdetails/661862/sustenhance-dog-sausage-with-joint-relief",
        "imgName": "661862.jpg",
        "imgSrc": "https://cdn0.woolworths.media/content/wowproductimages/medium/661862.jpg",
        "name": "Sustenhance Dog Sausage With Joint Relief 10pk",
        "price": 9,
        "unitPrice": "$1.13 / 100G"
    },
    {
        "category": "pet",
        "href": "https://www.woolworths.com.au/shop/productdetails/513191/golp-chews-beef-liver",
        "imgName": "513191.jpg",
        "imgSrc": "https://cdn0.woolworths.media/content/wowproductimages/medium/513191.jpg",
        "name": "Golp Chews Beef & Liver 150g",
        "price": 8,
        "unitPrice": "$5.33 / 100G"
    },
    {
        "category": "pet",
        "href": "https://www.woolworths.com.au/shop/productdetails/481185/baxters-basted-rawhide-chews-real-kangaroo",
        "imgName": "481185.jpg",
        "imgSrc": "https://cdn0.woolworths.media/content/wowproductimages/medium/481185.jpg",
        "name": "Baxters Basted Rawhide Chews Real Kangaroo 100g",
        "price": 3.8,
        "unitPrice": "$3.80 / 100G"
    },
    {
        "category": "pet",
        "href": "https://www.woolworths.com.au/shop/productdetails/657543/vitapet-giant-chicken-sticks",
        "imgName": "657543.jpg",
        "imgSrc": "https://cdn0.woolworths.media/content/wowproductimages/medium/657543.jpg",
        "name": "Vitapet Giant Chicken Sticks 100g",
        "price": 6,
        "unitPrice": "$6.00 / 100G"
    },
    {
        "category": "pet",
        "href": "https://www.woolworths.com.au/shop/productdetails/481084/smitten-cat-treats-chicken",
        "imgName": "481084.jpg",
        "imgSrc": "https://cdn0.woolworths.media/content/wowproductimages/medium/481084.jpg",
        "name": "Smitten Cat Treats Chicken 85g",
        "price": 3.5,
        "unitPrice": "$4.12 / 100G"
    },
    {
        "category": "pet",
        "href": "https://www.woolworths.com.au/shop/productdetails/651075/total-care-safari-sounds",
        "imgName": "651075.jpg",
        "imgSrc": "https://cdn0.woolworths.media/content/wowproductimages/medium/651075.jpg",
        "name": "Total Care Safari Sounds  each",
        "price": 11,
        "unitPrice": "$11.00 / 1EA"
    },
    {
        "category": "pet",
        "href": "https://www.woolworths.com.au/shop/productdetails/362219/purina-total-care-tasty-dog-chew-heart-allwormer-medium",
        "imgName": "362219.jpg",
        "imgSrc": "https://cdn0.woolworths.media/content/wowproductimages/medium/362219.jpg",
        "name": "Purina Total Care Tasty Dog Chew Heart+allwormer Medium each",
        "price": 31.09,
        "unitPrice": "$10.36 / 1EA"
    },
    {
        "category": "pet",
        "href": "https://www.woolworths.com.au/shop/productdetails/545777/total-care-all-wormer-kitten-cat",
        "imgName": "545777.jpg",
        "imgSrc": "https://cdn0.woolworths.media/content/wowproductimages/medium/545777.jpg",
        "name": "Total Care All Wormer Kitten/ Cat 2 pk",
        "price": 13,
        "unitPrice": "$13.00 / 1EA"
    },
    {
        "category": "pet",
        "href": "https://www.woolworths.com.au/shop/productdetails/513234/regal-fresh-combo-tasters",
        "imgName": "513234.jpg",
        "imgSrc": "https://cdn0.woolworths.media/content/wowproductimages/medium/513234.jpg",
        "name": "Regal Fresh Combo Tasters  750g",
        "price": 3.9,
        "unitPrice": "$0.52 / 100G"
    },
    {
        "category": "pet",
        "href": "https://www.woolworths.com.au/shop/productdetails/651146/total-care-cat-brush",
        "imgName": "651146.jpg",
        "imgSrc": "https://cdn0.woolworths.media/content/wowproductimages/medium/651146.jpg",
        "name": "Total Care Cat Brush  each",
        "price": 12,
        "unitPrice": "$12.00 / 1EA"
    },
    {
        "category": "pet",
        "href": "https://www.woolworths.com.au/shop/productdetails/657758/optimum-kangaroo-with-vegetables-dog-food",
        "imgName": "657758.jpg",
        "imgSrc": "https://cdn0.woolworths.media/content/wowproductimages/medium/657758.jpg",
        "name": "Optimum Kangaroo With Vegetables Dog Food 400g",
        "price": 2.45,
        "unitPrice": "$0.61 / 100G"
    },
    {
        "category": "pet",
        "href": "https://www.woolworths.com.au/shop/productdetails/716965/purina-total-care-cat-litter-scoop-scoop",
        "imgName": "716965.jpg",
        "imgSrc": "https://cdn0.woolworths.media/content/wowproductimages/medium/716965.jpg",
        "name": "Purina Total Care Cat Litter Scoop Scoop 8ea",
        "price": 3.26,
        "unitPrice": "$3.26 / 1EA"
    },
    {
        "category": "pet",
        "href": "https://www.woolworths.com.au/shop/productdetails/360831/oakwood-grooming-conditioner-with-aloe-vera",
        "imgName": "360831.jpg",
        "imgSrc": "https://cdn0.woolworths.media/content/wowproductimages/medium/360831.jpg",
        "name": "Oakwood Grooming Conditioner With Aloe Vera 280ml",
        "price": 9.99,
        "unitPrice": "$3.57 / 100ML"
    },
    {
        "category": "pet",
        "href": "https://www.woolworths.com.au/shop/productdetails/516944/supercoat-adult-dog-food-active",
        "imgName": "516944.jpg",
        "imgSrc": "https://cdn0.woolworths.media/content/wowproductimages/medium/516944.jpg",
        "name": "Supercoat Adult Dog Food Active 3kg",
        "price": 14.3,
        "unitPrice": "$0.48 / 100G"
    },
    {
        "category": "pet",
        "href": "https://www.woolworths.com.au/shop/productdetails/732409/vip-natures-goodness-grainfree-adult-dog-food-wild-game-with-sweet-potato",
        "imgName": "732409.jpg",
        "imgSrc": "https://cdn0.woolworths.media/content/wowproductimages/medium/732409.jpg",
        "name": "Vip Natures Goodness Grainfree Adult Dog Food Wild Game With Sweet Potato 3kg",
        "price": 15.79,
        "unitPrice": "$0.53 / 100G"
    },
    {
        "category": "pet",
        "href": "https://www.woolworths.com.au/shop/productdetails/760348/rufus-coco-litter-tray-mate-cleaning-spray",
        "imgName": "760348.jpg",
        "imgSrc": "https://cdn0.woolworths.media/content/wowproductimages/medium/760348.jpg",
        "name": "Rufus & Coco Litter Tray Mate Cleaning Spray 250 ml",
        "price": 14.44,
        "unitPrice": "$57.76 / 1L"
    },
    {
        "category": "pet",
        "href": "https://www.woolworths.com.au/shop/productdetails/895352/purina-total-care-pattern-collar-large",
        "imgName": "895352.jpg",
        "imgSrc": "https://cdn0.woolworths.media/content/wowproductimages/medium/895352.jpg",
        "name": "Purina Total Care Pattern Collar Large each",
        "price": 12.48,
        "unitPrice": "$12.48 / 1EA"
    },
    {
        "category": "pet",
        "href": "https://www.woolworths.com.au/shop/productdetails/66662/my-dog-adult-dog-food-lamb-classic",
        "imgName": "066662.jpg",
        "imgSrc": "https://cdn0.woolworths.media/content/wowproductimages/medium/066662.jpg",
        "name": "My Dog Adult Dog Food Lamb Classic 100g",
        "price": 1.35,
        "unitPrice": "$1.35 / 100G"
    },
    {
        "category": "pet",
        "href": "https://www.woolworths.com.au/shop/productdetails/659630/my-dog-puppy-dry-dog-food",
        "imgName": "659630.jpg",
        "imgSrc": "https://cdn0.woolworths.media/content/wowproductimages/medium/659630.jpg",
        "name": "My Dog Puppy Dry Dog Food 1.5kg",
        "price": 10,
        "unitPrice": "$0.67 / 100G"
    },
    {
        "category": "pet",
        "href": "https://www.woolworths.com.au/shop/productdetails/360683/purina-total-care-nylon-collar-extra-small",
        "imgName": "360683.jpg",
        "imgSrc": "https://cdn0.woolworths.media/content/wowproductimages/medium/360683.jpg",
        "name": "Purina Total Care Nylon Collar Extra Small each",
        "price": 7.49
    },
    {
        "category": "pet",
        "href": "https://www.woolworths.com.au/shop/productdetails/332931/my-dog-adult-dog-food-senior-turkey-rice-vegetable",
        "imgName": "332931.jpg",
        "imgSrc": "https://cdn0.woolworths.media/content/wowproductimages/medium/332931.jpg",
        "name": "My Dog Adult Dog Food Senior Turkey Rice & Vegetable 100g",
        "price": 1.35,
        "unitPrice": "$1.35 / 100G"
    },
    {
        "category": "pet",
        "href": "https://www.woolworths.com.au/shop/productdetails/98589/bow-wow-treat-pigs-ear",
        "imgName": "098589.jpg",
        "imgSrc": "https://cdn0.woolworths.media/content/wowproductimages/medium/098589.jpg",
        "name": "Bow Wow Treat Pigs Ear 1pk",
        "price": 2.59
    },
    {
        "category": "pet",
        "href": "https://www.woolworths.com.au/shop/productdetails/730634/total-care-comfort-padded-dog-collar-small",
        "imgName": "730634.jpg",
        "imgSrc": "https://cdn0.woolworths.media/content/wowproductimages/medium/730634.jpg",
        "name": "Total Care Comfort Padded Dog Collar Small each",
        "price": 10,
        "unitPrice": "$10.00 / 1EA"
    },
    {
        "category": "pet",
        "href": "https://www.woolworths.com.au/shop/productdetails/302555/my-dog-adult-dog-food-lamb-topped-with-vegetables",
        "imgName": "302555.jpg",
        "imgSrc": "https://cdn0.woolworths.media/content/wowproductimages/medium/302555.jpg",
        "name": "My Dog Adult Dog Food Lamb Topped With Vegetables 100g",
        "price": 1.35,
        "unitPrice": "$1.35 / 100G"
    },
    {
        "category": "pet",
        "href": "https://www.woolworths.com.au/shop/productdetails/316152/temptations-treat-tuna-salmon",
        "imgName": "316152.jpg",
        "imgSrc": "https://cdn0.woolworths.media/content/wowproductimages/medium/316152.jpg",
        "name": "Temptations Treat Tuna & Salmon 85g",
        "price": 4.15,
        "unitPrice": "$4.88 / 100G"
    },
    {
        "category": "pet",
        "href": "https://www.woolworths.com.au/shop/productdetails/516918/supercoat-adult-dog-food-grain-free-chicken",
        "imgName": "516918.jpg",
        "imgSrc": "https://cdn0.woolworths.media/content/wowproductimages/medium/516918.jpg",
        "name": "Supercoat Adult Dog Food Grain Free Chicken 7kg",
        "price": 33,
        "unitPrice": "$0.47 / 100G"
    },
    {
        "category": "pet",
        "href": "https://www.woolworths.com.au/shop/productdetails/638229/purina-total-care-allwormer-flea-control-tasty-chew-small-dogs",
        "imgName": "638229.jpg",
        "imgSrc": "https://cdn0.woolworths.media/content/wowproductimages/medium/638229.jpg",
        "name": "Purina Total Care Allwormer & Flea Control Tasty Chew Small Dogs each",
        "price": 22
    },
    {
        "category": "pet",
        "href": "https://www.woolworths.com.au/shop/productdetails/657678/nature-s-table-kangaroo-with-broccoli-carrots-dog-food",
        "imgName": "657678.jpg",
        "imgSrc": "https://cdn0.woolworths.media/content/wowproductimages/medium/657678.jpg",
        "name": "Nature's Table Kangaroo With Broccoli & Carrots Dog Food 100g",
        "price": 1.4,
        "unitPrice": "$1.40 / 100G"
    },
    {
        "category": "pet",
        "href": "https://www.woolworths.com.au/shop/productdetails/657193/nature-s-table-chicken-dog-treats",
        "imgName": "657193.jpg",
        "imgSrc": "https://cdn0.woolworths.media/content/wowproductimages/medium/657193.jpg",
        "name": "Nature's Table Chicken Dog Treats 100g",
        "price": 9,
        "unitPrice": "$9.00 / 100G"
    },
    {
        "category": "pet",
        "href": "https://www.woolworths.com.au/shop/productdetails/659921/dentalife-dog-treat-small-to-medium-dogs",
        "imgName": "659921.jpg",
        "imgSrc": "https://cdn0.woolworths.media/content/wowproductimages/medium/659921.jpg",
        "name": "Dentalife Dog Treat Small To Medium Dogs 10 pack 198g",
        "price": 5,
        "unitPrice": "$0.50 / 1EA"
    },
    {
        "category": "pet",
        "href": "https://www.woolworths.com.au/shop/productdetails/788547/applaws-adult-cat-food-natural-treat-tuna-loin-plain",
        "imgName": "788547.jpg",
        "imgSrc": "https://cdn0.woolworths.media/content/wowproductimages/medium/788547.jpg",
        "name": "Applaws Adult Cat Food Natural Treat Tuna Loin Plain 30g",
        "price": 2.5,
        "unitPrice": "$8.33 / 100G"
    },
    {
        "category": "pet",
        "href": "https://www.woolworths.com.au/shop/productdetails/788000/rufus-coco-training-pee-here-organic-oil-drops",
        "imgName": "788000.jpg",
        "imgSrc": "https://cdn0.woolworths.media/content/wowproductimages/medium/788000.jpg",
        "name": "Rufus & Coco Training Pee Here Organic Oil Drops 25ml",
        "price": 13.44,
        "unitPrice": "$53.76 / 100ML"
    },
    {
        "category": "pet",
        "href": "https://www.woolworths.com.au/shop/productdetails/755536/woolworths-select-bird-seed-budgie-canary",
        "imgName": "755536.jpg",
        "imgSrc": "https://cdn0.woolworths.media/content/wowproductimages/medium/755536.jpg",
        "name": "Woolworths Select Bird Seed Budgie & Canary 220g",
        "price": 3.3,
        "unitPrice": "$1.50 / 100G"
    },
    {
        "category": "pet",
        "href": "https://www.woolworths.com.au/shop/productdetails/624065/fancy-feast-grilled-prime-filet-of-salmon",
        "imgName": "624065.jpg",
        "imgSrc": "https://cdn0.woolworths.media/content/wowproductimages/medium/624065.jpg",
        "name": "Fancy Feast Grilled Prime Filet Of Salmon 8x85g",
        "price": 8.5,
        "unitPrice": "$1.25 / 100G"
    },
    {
        "category": "pet",
        "href": "https://www.woolworths.com.au/shop/productdetails/763958/oakwood-grooming-loose-hair-remover-glove",
        "imgName": "763958.jpg",
        "imgSrc": "https://cdn0.woolworths.media/content/wowproductimages/medium/763958.jpg",
        "name": "Oakwood Grooming Loose Hair Remover Glove 1pk",
        "price": 12.5,
        "unitPrice": "$12.50 / 1EA"
    },
    {
        "category": "pet",
        "href": "https://www.woolworths.com.au/shop/productdetails/764074/oakwood-grooming-medicated-flea-shampoo",
        "imgName": "764074.jpg",
        "imgSrc": "https://cdn0.woolworths.media/content/wowproductimages/medium/764074.jpg",
        "name": "Oakwood Grooming Medicated Flea Shampoo 250ml",
        "price": 14.99,
        "unitPrice": "$6.00 / 100ML"
    },
    {
        "category": "pet",
        "href": "https://www.woolworths.com.au/shop/productdetails/204495/harmony-bird-food-lorikeet-honey-eater",
        "imgName": "204495.jpg",
        "imgSrc": "https://cdn0.woolworths.media/content/wowproductimages/medium/204495.jpg",
        "name": "Harmony Bird Food Lorikeet & Honey Eater 500g",
        "price": 8.86,
        "unitPrice": "$1.77 / 100G"
    },
    {
        "category": "pet",
        "href": "https://www.woolworths.com.au/shop/productdetails/204515/trill-bird-millet-sprays",
        "imgName": "204515.jpg",
        "imgSrc": "https://cdn0.woolworths.media/content/wowproductimages/medium/204515.jpg",
        "name": "Trill Bird Millet Sprays 150g",
        "price": 5.6,
        "unitPrice": "$3.73 / 100G"
    },
    {
        "category": "pet",
        "href": "https://www.woolworths.com.au/shop/productdetails/360923/rufus-coco-itch-relief-shampoo-conditioner",
        "imgName": "360923.jpg",
        "imgSrc": "https://cdn0.woolworths.media/content/wowproductimages/medium/360923.jpg",
        "name": "Rufus & Coco Itch Relief Shampoo & Conditioner 200ml",
        "price": 13.79,
        "unitPrice": "$6.90 / 100ML"
    },
    {
        "category": "pet",
        "href": "https://www.woolworths.com.au/shop/productdetails/360828/oakwood-grooming-shampoo-oatmeal-aloe-vera",
        "imgName": "360828.jpg",
        "imgSrc": "https://cdn0.woolworths.media/content/wowproductimages/medium/360828.jpg",
        "name": "Oakwood Grooming Shampoo Oatmeal & Aloe Vera 280ml",
        "price": 9.99,
        "unitPrice": "$3.57 / 100ML"
    },
    {
        "category": "pet",
        "href": "https://www.woolworths.com.au/shop/productdetails/381994/rufus-coco-water-free-wash-grooming-powder",
        "imgName": "381994.jpg",
        "imgSrc": "https://cdn0.woolworths.media/content/wowproductimages/medium/381994.jpg",
        "name": "Rufus & Coco Water Free Wash Grooming Powder 100ml",
        "price": 13.39,
        "unitPrice": "$13.39 / 100ML"
    },
    {
        "category": "pet",
        "href": "https://www.woolworths.com.au/shop/productdetails/516928/supercoat-adult-dog-food-grain-free-beef",
        "imgName": "516928.jpg",
        "imgSrc": "https://cdn0.woolworths.media/content/wowproductimages/medium/516928.jpg",
        "name": "Supercoat Adult Dog Food Grain Free Beef 7kg",
        "price": 33,
        "unitPrice": "$0.47 / 100G"
    },
    {
        "category": "pet",
        "href": "https://www.woolworths.com.au/shop/productdetails/703364/vitapet-jerhigh-treat-variety-pack",
        "imgName": "703364.jpg",
        "imgSrc": "https://cdn0.woolworths.media/content/wowproductimages/medium/703364.jpg",
        "name": "Vitapet Jerhigh Treat Variety Pack 400g",
        "price": 14.85,
        "unitPrice": "$3.71 / 100G"
    },
    {
        "category": "pet",
        "href": "https://www.woolworths.com.au/shop/productdetails/730427/rufus-coco-elasticised-bird-cage-liner",
        "imgName": "730427.jpg",
        "imgSrc": "https://cdn0.woolworths.media/content/wowproductimages/medium/730427.jpg",
        "name": "Rufus & Coco Elasticised Bird Cage Liner  5pk",
        "price": 4.99
    },
    {
        "category": "pet",
        "href": "https://www.woolworths.com.au/shop/productdetails/763580/purina-total-care-padded-dog-lead-padded-nylon-lead",
        "imgName": "763580.jpg",
        "imgSrc": "https://cdn0.woolworths.media/content/wowproductimages/medium/763580.jpg",
        "name": "Purina Total Care Padded  Dog Lead Padded Nylon Lead 180cm",
        "price": 14.99,
        "unitPrice": "$14.99 / 1EA"
    },
    {
        "category": "pet",
        "href": "https://www.woolworths.com.au/shop/productdetails/785853/rufus-coco-retractable-lead-large",
        "imgName": "785853.jpg",
        "imgSrc": "https://cdn0.woolworths.media/content/wowproductimages/medium/785853.jpg",
        "name": "Rufus & Coco Retractable Lead Large each",
        "price": 27.79,
        "unitPrice": "$27.79 / 1EA"
    },
    {
        "category": "pet",
        "href": "https://www.woolworths.com.au/shop/productdetails/784445/dine-adult-cat-food-morsels-in-jelly-with-beef",
        "imgName": "784445.jpg",
        "imgSrc": "https://cdn0.woolworths.media/content/wowproductimages/medium/784445.jpg",
        "name": "Dine Adult Cat Food Morsels In Jelly With Beef 85g",
        "price": 1.1,
        "unitPrice": "$1.29 / 100G"
    },
    {
        "category": "pet",
        "href": "https://www.woolworths.com.au/shop/productdetails/849813/felix-as-good-as-it-looks-chicken-pouch",
        "imgName": "849813.jpg",
        "imgSrc": "https://cdn0.woolworths.media/content/wowproductimages/medium/849813.jpg",
        "name": "Felix As Good As It Looks Chicken Pouch 85g",
        "price": 1,
        "unitPrice": "$1.18 / 100G"
    },
    {
        "category": "pet",
        "href": "https://www.woolworths.com.au/shop/productdetails/886288/rufus-coco-multi-purpose-lead-soft-mesh",
        "imgName": "886288.jpg",
        "imgSrc": "https://cdn0.woolworths.media/content/wowproductimages/medium/886288.jpg",
        "name": "Rufus & Coco Multi Purpose Lead Soft Mesh each",
        "price": 22.64,
        "unitPrice": "$22.64 / 1EA"
    },
    {
        "category": "pet",
        "href": "https://www.woolworths.com.au/shop/productdetails/923921/my-dog-adult-dog-food-gourmet-beef-in-gravy",
        "imgName": "923921.jpg",
        "imgSrc": "https://cdn0.woolworths.media/content/wowproductimages/medium/923921.jpg",
        "name": "My Dog Adult Dog Food Gourmet Beef In Gravy 100g",
        "price": 1.35,
        "unitPrice": "$1.35 / 100G"
    },
    {
        "category": "pet",
        "href": "https://www.woolworths.com.au/shop/productdetails/173906/trill-bird-honey-stick-variety-budgerigar",
        "imgName": "173906.jpg",
        "imgSrc": "https://cdn0.woolworths.media/content/wowproductimages/medium/173906.jpg",
        "name": "Trill Bird Honey Stick Variety Budgerigar 105g",
        "price": 3.99,
        "unitPrice": "$3.80 / 100G"
    },
    {
        "category": "pet",
        "href": "https://www.woolworths.com.au/shop/productdetails/349120/dine-adult-cat-food-gravy-with-lamb",
        "imgName": "349120.jpg",
        "imgSrc": "https://cdn0.woolworths.media/content/wowproductimages/medium/349120.jpg",
        "name": "Dine Adult Cat Food Gravy With Lamb 85g",
        "price": 1.1,
        "unitPrice": "$1.29 / 100G"
    },
    {
        "category": "pet",
        "href": "https://www.woolworths.com.au/shop/productdetails/381980/rufus-coco-grooming-nail-clipper",
        "imgName": "381980.jpg",
        "imgSrc": "https://cdn0.woolworths.media/content/wowproductimages/medium/381980.jpg",
        "name": "Rufus & Coco Grooming Nail Clipper each",
        "price": 14.15
    },
    {
        "category": "pet",
        "href": "https://www.woolworths.com.au/shop/productdetails/382206/vip-fussy-cat-grainfree-adult-cat-food-chicken-turkey-cranberry",
        "imgName": "382206.jpg",
        "imgSrc": "https://cdn0.woolworths.media/content/wowproductimages/medium/382206.jpg",
        "name": "Vip Fussy Cat Grainfree Adult Cat Food Chicken Turkey & Cranberry 500g",
        "price": 5,
        "unitPrice": "$1.00 / 100G"
    },
    {
        "category": "pet",
        "href": "https://www.woolworths.com.au/shop/productdetails/358624/fancy-feast-poultry-beef-sliced-collection",
        "imgName": "358624.jpg",
        "imgSrc": "https://cdn0.woolworths.media/content/wowproductimages/medium/358624.jpg",
        "name": "Fancy Feast Poultry & Beef Sliced Collection 12x85g",
        "price": 11,
        "unitPrice": "$1.08 / 100G"
    },
    {
        "category": "pet",
        "href": "https://www.woolworths.com.au/shop/productdetails/381987/rufus-coco-bright-white-wash-whitening-shampoo-conditioner",
        "imgName": "381987.jpg",
        "imgSrc": "https://cdn0.woolworths.media/content/wowproductimages/medium/381987.jpg",
        "name": "Rufus & Coco Bright White Wash Whitening Shampoo & Conditioner 200ml",
        "price": 13.39,
        "unitPrice": "$6.70 / 100ML"
    },
    {
        "category": "pet",
        "href": "https://www.woolworths.com.au/shop/productdetails/763665/purina-total-care-high-visibility-reflective-cat-collar",
        "imgName": "763665.jpg",
        "imgSrc": "https://cdn0.woolworths.media/content/wowproductimages/medium/763665.jpg",
        "name": "Purina Total Care High Visibility  Reflective Cat Collar each",
        "price": 7.75,
        "unitPrice": "$7.75 / 1EA"
    },
    {
        "category": "pet",
        "href": "https://www.woolworths.com.au/shop/productdetails/730669/purina-total-care-squawking-duck-squawking-duck",
        "imgName": "730669.jpg",
        "imgSrc": "https://cdn0.woolworths.media/content/wowproductimages/medium/730669.jpg",
        "name": "Purina Total Care Squawking Duck Squawking Duck each",
        "price": 9.35,
        "unitPrice": "$9.35 / 1EA"
    },
    {
        "category": "pet",
        "href": "https://www.woolworths.com.au/shop/productdetails/780305/vip-natures-goodness-grainfree-adult-dog-food-chicken-with-duck-vegetables",
        "imgName": "780305.jpg",
        "imgSrc": "https://cdn0.woolworths.media/content/wowproductimages/medium/780305.jpg",
        "name": "Vip Natures Goodness Grainfree Adult Dog Food Chicken With Duck & Vegetables 100g",
        "price": 1.19,
        "unitPrice": "$1.19 / 100G"
    },
    {
        "category": "pet",
        "href": "https://www.woolworths.com.au/shop/productdetails/961338/applaws-cat-food-fish-deluxe",
        "imgName": "961338.jpg",
        "imgSrc": "https://cdn0.woolworths.media/content/wowproductimages/medium/961338.jpg",
        "name": "Applaws Cat Food Fish Deluxe 8x70g",
        "price": 12.99,
        "unitPrice": "$2.32 / 100G"
    },
    {
        "category": "pet",
        "href": "https://www.woolworths.com.au/shop/productdetails/847923/dine-fine-flakes-tuna-prawns",
        "imgName": "847923.jpg",
        "imgSrc": "https://cdn0.woolworths.media/content/wowproductimages/medium/847923.jpg",
        "name": "Dine Fine Flakes Tuna & Prawns  35g",
        "price": 1.05,
        "unitPrice": "$3.00 / 100G"
    },
    {
        "category": "pet",
        "href": "https://www.woolworths.com.au/shop/productdetails/136980/fresh-pet-food-co-adult-dog-food-mince",
        "imgName": "136980.jpg",
        "imgSrc": "https://cdn0.woolworths.media/content/wowproductimages/medium/136980.jpg",
        "name": "Fresh Pet Food Co Adult Dog Food Mince 1kg",
        "price": 5.25,
        "unitPrice": "$0.53 / 100G"
    },
    {
        "category": "pet",
        "href": "https://www.woolworths.com.au/shop/productdetails/311704/maxs-litter",
        "imgName": "311704.jpg",
        "imgSrc": "https://cdn0.woolworths.media/content/wowproductimages/medium/311704.jpg",
        "name": "Maxs Litter  4kg",
        "price": 6.1,
        "unitPrice": "$1.53 / 1KG"
    },
    {
        "category": "pet",
        "href": "https://www.woolworths.com.au/shop/productdetails/355561/paws-fresh-gourmet-chunky-mince",
        "imgName": "355561.jpg",
        "imgSrc": "https://cdn0.woolworths.media/content/wowproductimages/medium/355561.jpg",
        "name": "Paws Fresh Gourmet Chunky Mince  600g",
        "price": 4.4,
        "unitPrice": "$0.73 / 100G"
    },
    {
        "category": "pet",
        "href": "https://www.woolworths.com.au/shop/productdetails/513374/nature-s-gift-adult-dog-roll-chicken-and-vegetable",
        "imgName": "513374.jpg",
        "imgSrc": "https://cdn0.woolworths.media/content/wowproductimages/medium/513374.jpg",
        "name": "Nature's Gift Adult Dog Roll Chicken And Vegetable 1.4kg",
        "price": 5,
        "unitPrice": "$0.36 / 100G"
    },
    {
        "category": "pet",
        "href": "https://www.woolworths.com.au/shop/productdetails/570064/farmers-market-adult-dog-food-chicken-veg-meatballs",
        "imgName": "570064.jpg",
        "imgSrc": "https://cdn0.woolworths.media/content/wowproductimages/medium/570064.jpg",
        "name": "Farmers Market Adult Dog Food Chicken & Veg Meatballs 8x120g",
        "price": 8.4,
        "unitPrice": "$0.88 / 100G"
    },
    {
        "category": "pet",
        "href": "https://www.woolworths.com.au/shop/productdetails/933686/4legs-gourmet-meals-chicken-with-cheese-parsley",
        "imgName": "933686.jpg",
        "imgSrc": "https://cdn0.woolworths.media/content/wowproductimages/medium/933686.jpg",
        "name": "4legs Gourmet Meals Chicken With Cheese & Parsley 110g",
        "price": 1.3,
        "unitPrice": "$1.18 / 100G"
    },
    {
        "category": "pet",
        "href": "https://www.woolworths.com.au/shop/productdetails/9115/homebrand-bird-food-sunflower",
        "imgName": "009115.jpg",
        "imgSrc": "https://cdn0.woolworths.media/content/wowproductimages/medium/009115.jpg",
        "name": "Homebrand Bird Food Sunflower 1.5kg",
        "price": 4.75,
        "unitPrice": "$0.32 / 100G"
    },
    {
        "category": "pet",
        "href": "https://www.woolworths.com.au/shop/productdetails/230824/catlux-litter-light-clumping",
        "imgName": "230824.jpg",
        "imgSrc": "https://cdn0.woolworths.media/content/wowproductimages/medium/230824.jpg",
        "name": "Catlux Litter Light Clumping 6l",
        "price": 6.45,
        "unitPrice": "$1.08 / 1L"
    },
    {
        "category": "pet",
        "href": "https://www.woolworths.com.au/shop/productdetails/359587/my-dog-puppy-food-chicken-rice-carrot-spinach",
        "imgName": "359587.jpg",
        "imgSrc": "https://cdn0.woolworths.media/content/wowproductimages/medium/359587.jpg",
        "name": "My Dog Puppy Food Chicken Rice Carrot & Spinach 100g",
        "price": 1.35,
        "unitPrice": "$1.35 / 100G"
    },
    {
        "category": "pet",
        "href": "https://www.woolworths.com.au/shop/productdetails/657672/my-dog-kangaroo-dog-food",
        "imgName": "657672.jpg",
        "imgSrc": "https://cdn0.woolworths.media/content/wowproductimages/medium/657672.jpg",
        "name": "My Dog Kangaroo Dog Food 100g",
        "price": 1.35,
        "unitPrice": "$1.35 / 100G"
    },
    {
        "category": "pet",
        "href": "https://www.woolworths.com.au/shop/productdetails/659624/my-dog-prime-beef-dry-dog-food",
        "imgName": "659624.jpg",
        "imgSrc": "https://cdn0.woolworths.media/content/wowproductimages/medium/659624.jpg",
        "name": "My Dog Prime Beef Dry Dog Food 1.5kg",
        "price": 10,
        "unitPrice": "$0.67 / 100G"
    },
    {
        "category": "pet",
        "href": "https://www.woolworths.com.au/shop/productdetails/481181/baxter-s-dental-green-chew-medium-large-breed",
        "imgName": "481181.jpg",
        "imgSrc": "https://cdn0.woolworths.media/content/wowproductimages/medium/481181.jpg",
        "name": "Baxter's Dental Green Chew Medium-large Breed 7pk",
        "price": 7,
        "unitPrice": "$1.00 / 1EA"
    },
    {
        "category": "pet",
        "href": "https://www.woolworths.com.au/shop/productdetails/545773/purina-total-care-flea-tick-control-for-medium-dogs",
        "imgName": "545773.jpg",
        "imgSrc": "https://cdn0.woolworths.media/content/wowproductimages/medium/545773.jpg",
        "name": "Purina Total Care Flea&tick Control For Medium Dogs 1pk",
        "price": 17,
        "unitPrice": "$17.00 / 1EA"
    },
    {
        "category": "pet",
        "href": "https://www.woolworths.com.au/shop/productdetails/755531/woolworths-select-bird-block-wild",
        "imgName": "755531.jpg",
        "imgSrc": "https://cdn0.woolworths.media/content/wowproductimages/medium/755531.jpg",
        "name": "Woolworths Select Bird Block Wild 1.4kg",
        "price": 7.45,
        "unitPrice": "$0.53 / 100G"
    },
    {
        "category": "pet",
        "href": "https://www.woolworths.com.au/shop/productdetails/784182/vitapet-training-pee-training-pads",
        "imgName": "784182.jpg",
        "imgSrc": "https://cdn0.woolworths.media/content/wowproductimages/medium/784182.jpg",
        "name": "Vitapet Training Pee Training Pads 7pk",
        "price": 8.59,
        "unitPrice": "$8.59 / 1EA"
    },
    {
        "category": "pet",
        "href": "https://www.woolworths.com.au/shop/productdetails/784420/whiskas-adult-cat-food-oh-so-meaty-poultry-dishes",
        "imgName": "784420.jpg",
        "imgSrc": "https://cdn0.woolworths.media/content/wowproductimages/medium/784420.jpg",
        "name": "Whiskas Adult Cat Food Oh So Meaty Poultry Dishes 12x85g",
        "price": 10,
        "unitPrice": "$0.98 / 100G"
    },
    {
        "category": "pet",
        "href": "https://www.woolworths.com.au/shop/productdetails/847745/friskies-seafood-sensations",
        "imgName": "847745.jpg",
        "imgSrc": "https://cdn0.woolworths.media/content/wowproductimages/medium/847745.jpg",
        "name": "Friskies Seafood Sensations 2.5kg",
        "price": 11.29,
        "unitPrice": "$0.45 / 100G"
    },
    {
        "category": "pet",
        "href": "https://www.woolworths.com.au/shop/productdetails/923925/my-dog-adult-dog-food-tender-chicken-fillet-in-gravy",
        "imgName": "923925.jpg",
        "imgSrc": "https://cdn0.woolworths.media/content/wowproductimages/medium/923925.jpg",
        "name": "My Dog Adult Dog Food Tender Chicken Fillet In Gravy 100g",
        "price": 1.35,
        "unitPrice": "$1.35 / 100G"
    },
    {
        "category": "pet",
        "href": "https://www.woolworths.com.au/shop/productdetails/513376/nature-s-gift-adult-dog-roll-kangaroo-sweet-potato-peas",
        "imgName": "513376.jpg",
        "imgSrc": "https://cdn0.woolworths.media/content/wowproductimages/medium/513376.jpg",
        "name": "Nature's Gift Adult Dog Roll Kangaroo Sweet Potato & Peas 1.4kg",
        "price": 5,
        "unitPrice": "$0.36 / 100G"
    },
    {
        "category": "pet",
        "href": "https://www.woolworths.com.au/shop/productdetails/624129/tidy-cats-clumping-cat-litter-24-7-performance",
        "imgName": "624129.jpg",
        "imgSrc": "https://cdn0.woolworths.media/content/wowproductimages/medium/624129.jpg",
        "name": "Tidy Cats Clumping Cat Litter 24/7 Performance 6.35kg",
        "price": 20,
        "unitPrice": "$3.15 / 1KG"
    },
    {
        "category": "pet",
        "href": "https://www.woolworths.com.au/shop/productdetails/657484/vitapet-jerhigh-duck-sticks",
        "imgName": "657484.jpg",
        "imgSrc": "https://cdn0.woolworths.media/content/wowproductimages/medium/657484.jpg",
        "name": "Vitapet Jerhigh Duck Sticks 80g",
        "price": 4.5,
        "unitPrice": "$5.63 / 100G"
    },
    {
        "category": "pet",
        "href": "https://www.woolworths.com.au/shop/productdetails/646145/excelpet-vet-flea-intestinal-worm-heartworm-sml-dog",
        "imgName": "646145.jpg",
        "imgSrc": "https://cdn0.woolworths.media/content/wowproductimages/medium/646145.jpg",
        "name": "Excelpet Vet Flea Intestinal Worm & Heartworm Sml Dog each",
        "price": 25.5,
        "unitPrice": "$25.50 / 1EA"
    },
    {
        "category": "pet",
        "href": "https://www.woolworths.com.au/shop/productdetails/651032/total-care-spotty-lead-120cm",
        "imgName": "651032.jpg",
        "imgSrc": "https://cdn0.woolworths.media/content/wowproductimages/medium/651032.jpg",
        "name": "Total Care Spotty Lead 120cm each",
        "price": 15,
        "unitPrice": "$15.00 / 1EA"
    },
    {
        "category": "pet",
        "href": "https://www.woolworths.com.au/shop/productdetails/664461/fancy-feast-chicken-feast-classic-pate",
        "imgName": "664461.jpg",
        "imgSrc": "https://cdn0.woolworths.media/content/wowproductimages/medium/664461.jpg",
        "name": "Fancy Feast Chicken Feast Classic Pate 12x85g",
        "price": 11,
        "unitPrice": "$1.08 / 100G"
    },
    {
        "category": "pet",
        "href": "https://www.woolworths.com.au/shop/productdetails/604877/beyond-simply9-lamb-whole-barley-dog-food",
        "imgName": "604877.jpg",
        "imgSrc": "https://cdn0.woolworths.media/content/wowproductimages/medium/604877.jpg",
        "name": "Beyond Simply9 Lamb & Whole Barley Dog Food 2.5kg",
        "price": 17,
        "unitPrice": "$0.68 / 100G"
    },
    {
        "category": "pet",
        "href": "https://www.woolworths.com.au/shop/productdetails/657411/purina-beyond-simply-9-chicken-whole-barley",
        "imgName": "657411.jpg",
        "imgSrc": "https://cdn0.woolworths.media/content/wowproductimages/medium/657411.jpg",
        "name": "Purina Beyond Simply 9 Chicken & Whole Barley 6.8kg",
        "price": 34,
        "unitPrice": "$0.50 / 100G"
    },
    {
        "category": "pet",
        "href": "https://www.woolworths.com.au/shop/productdetails/659592/nature-s-table-lamb-with-vegetables-dry-dog-food",
        "imgName": "659592.jpg",
        "imgSrc": "https://cdn0.woolworths.media/content/wowproductimages/medium/659592.jpg",
        "name": "Nature's Table Lamb With Vegetables Dry Dog Food 2.5kg",
        "price": 17,
        "unitPrice": "$0.68 / 100G"
    },
    {
        "category": "pet",
        "href": "https://www.woolworths.com.au/shop/productdetails/359588/my-dog-puppy-food-lamb-loaf-with-vegetables",
        "imgName": "359588.jpg",
        "imgSrc": "https://cdn0.woolworths.media/content/wowproductimages/medium/359588.jpg",
        "name": "My Dog Puppy Food Lamb Loaf With Vegetables 100g",
        "price": 1.35,
        "unitPrice": "$1.35 / 100G"
    },
    {
        "category": "pet",
        "href": "https://www.woolworths.com.au/shop/productdetails/214645/optimum-puppy-food-with-chicken-rice",
        "imgName": "214645.jpg",
        "imgSrc": "https://cdn0.woolworths.media/content/wowproductimages/medium/214645.jpg",
        "name": "Optimum Puppy Food With Chicken & Rice 700g",
        "price": 3.55,
        "unitPrice": "$0.51 / 100G"
    },
    {
        "category": "pet",
        "href": "https://www.woolworths.com.au/shop/productdetails/885821/joseph-lyddy-pet-indulgence-melamine-slow-feeder-dog-bowl-large",
        "imgName": "885821.jpg",
        "imgSrc": "https://cdn0.woolworths.media/content/wowproductimages/medium/885821.jpg",
        "name": "Joseph Lyddy Pet Indulgence Melamine Slow Feeder Dog Bowl Large each",
        "price": 13.95,
        "unitPrice": "$13.95 / 1EA"
    },
    {
        "category": "pet",
        "href": "https://www.woolworths.com.au/shop/productdetails/604878/beyond-simply9-salmon-tuna-dog-food",
        "imgName": "604878.jpg",
        "imgSrc": "https://cdn0.woolworths.media/content/wowproductimages/medium/604878.jpg",
        "name": "Beyond Simply9 Salmon & Tuna Dog Food 2.5kg",
        "price": 17,
        "unitPrice": "$0.68 / 100G"
    },
    {
        "category": "pet",
        "href": "https://www.woolworths.com.au/shop/productdetails/648306/rufus-coco-dog-collar-med-lge",
        "imgName": "648306.jpg",
        "imgSrc": "https://cdn0.woolworths.media/content/wowproductimages/medium/648306.jpg",
        "name": "Rufus & Coco Dog Collar Med/lge each",
        "price": 19,
        "unitPrice": "$19.00 / 1EA"
    },
    {
        "category": "pet",
        "href": "https://www.woolworths.com.au/shop/productdetails/646333/excelpet-vet-series-flea-intestinal-worm-heartworm-lge-dog",
        "imgName": "646333.jpg",
        "imgSrc": "https://cdn0.woolworths.media/content/wowproductimages/medium/646333.jpg",
        "name": "Excelpet Vet Series Flea Intestinal Worm & Heartworm Lge Dog each",
        "price": 31,
        "unitPrice": "$31.00 / 1EA"
    },
    {
        "category": "pet",
        "href": "https://www.woolworths.com.au/shop/productdetails/307894/supercoat-adult-cat-food-tuna-salmon",
        "imgName": "307894.jpg",
        "imgSrc": "https://cdn0.woolworths.media/content/wowproductimages/medium/307894.jpg",
        "name": "Supercoat Adult Cat Food Tuna & Salmon 1.5kg",
        "price": 12.45,
        "unitPrice": "$0.83 / 100G"
    },
    {
        "category": "pet",
        "href": "https://www.woolworths.com.au/shop/productdetails/307318/supercoat-adult-cat-food-chicken-liver",
        "imgName": "307318.jpg",
        "imgSrc": "https://cdn0.woolworths.media/content/wowproductimages/medium/307318.jpg",
        "name": "Supercoat Adult Cat Food Chicken & Liver 1.5kg",
        "price": 12.45,
        "unitPrice": "$0.83 / 100G"
    },
    {
        "category": "pet",
        "href": "https://www.woolworths.com.au/shop/productdetails/764101/oakwood-treatment-pet-odour-eliminator",
        "imgName": "764101.jpg",
        "imgSrc": "https://cdn0.woolworths.media/content/wowproductimages/medium/764101.jpg",
        "name": "Oakwood Treatment Pet Odour Eliminator 200ml",
        "price": 9.99,
        "unitPrice": "$5.00 / 100ML"
    },
    {
        "category": "pet",
        "href": "https://www.woolworths.com.au/shop/productdetails/478381/vip-fussy-cat-grain-free-chicken-turkey-with-cranberries",
        "imgName": "478381.jpg",
        "imgSrc": "https://cdn0.woolworths.media/content/wowproductimages/medium/478381.jpg",
        "name": "Vip Fussy Cat Grain Free Chicken & Turkey With Cranberries 2.5kg",
        "price": 19.99,
        "unitPrice": "$0.80 / 100G"
    },
    {
        "category": "pet",
        "href": "https://www.woolworths.com.au/shop/productdetails/518742/farmers-market-dog-food-chicken-vegetable",
        "imgName": "518742.jpg",
        "imgSrc": "https://cdn0.woolworths.media/content/wowproductimages/medium/518742.jpg",
        "name": "Farmers Market Dog Food Chicken & Vegetable 2.7kg",
        "price": 19,
        "unitPrice": "$0.70 / 100G"
    },
    {
        "category": "pet",
        "href": "https://www.woolworths.com.au/shop/productdetails/889301/trill-mix-in-fruit-nut-blend",
        "imgName": "889301.jpg",
        "imgSrc": "https://cdn0.woolworths.media/content/wowproductimages/medium/889301.jpg",
        "name": "Trill Mix-in Fruit & Nut Blend 200g",
        "price": 3.99,
        "unitPrice": "$2.00 / 100G"
    },
    {
        "category": "pet",
        "href": "https://www.woolworths.com.au/shop/productdetails/316138/temptations-treat-chicken-tuna",
        "imgName": "316138.jpg",
        "imgSrc": "https://cdn0.woolworths.media/content/wowproductimages/medium/316138.jpg",
        "name": "Temptations Treat Chicken & Tuna 85g",
        "price": 4.15,
        "unitPrice": "$4.88 / 100G"
    },
    {
        "category": "pet",
        "href": "https://www.woolworths.com.au/shop/productdetails/889302/harmony-no-more-waste-seed-blocks",
        "imgName": "889302.jpg",
        "imgSrc": "https://cdn0.woolworths.media/content/wowproductimages/medium/889302.jpg",
        "name": "Harmony No More Waste Seed Blocks  330g",
        "price": 5,
        "unitPrice": "$1.52 / 100G"
    },
    {
        "category": "pet",
        "href": "https://www.woolworths.com.au/shop/productdetails/336407/dine-desire-adult-cat-food-succulent-chicken-breast",
        "imgName": "336407.jpg",
        "imgSrc": "https://cdn0.woolworths.media/content/wowproductimages/medium/336407.jpg",
        "name": "Dine Desire Adult Cat Food Succulent Chicken Breast 85g",
        "price": 1.9,
        "unitPrice": "$2.24 / 100G"
    },
    {
        "category": "pet",
        "href": "https://www.woolworths.com.au/shop/productdetails/624093/fancy-feast-grilled-poultry-collection",
        "imgName": "624093.jpg",
        "imgSrc": "https://cdn0.woolworths.media/content/wowproductimages/medium/624093.jpg",
        "name": "Fancy Feast Grilled Poultry Collection 8x85g",
        "price": 8.5,
        "unitPrice": "$1.25 / 100G"
    },
    {
        "category": "pet",
        "href": "https://www.woolworths.com.au/shop/productdetails/539636/rufus-coco-mini-junior-chew-toy",
        "imgName": "539636.jpg",
        "imgSrc": "https://cdn0.woolworths.media/content/wowproductimages/medium/539636.jpg",
        "name": "Rufus & Coco Mini Junior Chew Toy  each",
        "price": 14.99,
        "unitPrice": "$14.99 / 1EA"
    },
    {
        "category": "pet",
        "href": "https://www.woolworths.com.au/shop/productdetails/362218/purina-total-care-tasty-chew-heart-allworm-for-small-dogs",
        "imgName": "362218.jpg",
        "imgSrc": "https://cdn0.woolworths.media/content/wowproductimages/medium/362218.jpg",
        "name": "Purina Total Care Tasty Chew Heart+allworm For Small Dogs each",
        "price": 27.49,
        "unitPrice": "$9.16 / 1EA"
    },
    {
        "category": "pet",
        "href": "https://www.woolworths.com.au/shop/productdetails/731833/rufus-coco-accessory-ribbon-collar",
        "imgName": "731833.jpg",
        "imgSrc": "https://cdn0.woolworths.media/content/wowproductimages/medium/731833.jpg",
        "name": "Rufus & Coco Accessory Ribbon Collar each",
        "price": 9.59,
        "unitPrice": "$9.59 / 1EA"
    },
    {
        "category": "pet",
        "href": "https://www.woolworths.com.au/shop/productdetails/897671/purina-total-care-crackle-belly-donkey-crackle-belly-donkey",
        "imgName": "897671.jpg",
        "imgSrc": "https://cdn0.woolworths.media/content/wowproductimages/medium/897671.jpg",
        "name": "Purina Total Care Crackle Belly Donkey Crackle Belly Donkey each",
        "price": 9,
        "unitPrice": "$9.00 / 1EA"
    },
    {
        "category": "pet",
        "href": "https://www.woolworths.com.au/shop/productdetails/92146/schmackos-treat-chew-strips-beef-basted",
        "imgName": "092146.jpg",
        "imgSrc": "https://cdn0.woolworths.media/content/wowproductimages/medium/092146.jpg",
        "name": "Schmackos Treat Chew Strips Beef Basted 100g",
        "price": 5.75,
        "unitPrice": "$5.75 / 100G"
    },
    {
        "category": "pet",
        "href": "https://www.woolworths.com.au/shop/productdetails/360811/purina-total-care-chain-lead-dog-chain-lead-120cm",
        "imgName": "360811.jpg",
        "imgSrc": "https://cdn0.woolworths.media/content/wowproductimages/medium/360811.jpg",
        "name": "Purina Total Care Chain Lead Dog Chain Lead 120cm each",
        "price": 14.99
    },
    {
        "category": "pet",
        "href": "https://www.woolworths.com.au/shop/productdetails/376826/exelpet-vet-series-treatment-spot-on-flea-large-dog",
        "imgName": "376826.jpg",
        "imgSrc": "https://cdn0.woolworths.media/content/wowproductimages/medium/376826.jpg",
        "name": "Exelpet Vet Series Treatment Spot On Flea Large Dog 2pk 2.68ml",
        "price": 30.3,
        "unitPrice": "$15.15 / 1EA"
    },
    {
        "category": "pet",
        "href": "https://www.woolworths.com.au/shop/productdetails/648675/rufus-coco-jungle-buddy-toy",
        "imgName": "648675.jpg",
        "imgSrc": "https://cdn0.woolworths.media/content/wowproductimages/medium/648675.jpg",
        "name": "Rufus & Coco Jungle Buddy Toy each",
        "price": 15,
        "unitPrice": "$15.00 / 1EA"
    },
    {
        "category": "pet",
        "href": "https://www.woolworths.com.au/shop/productdetails/659935/dentalife-dog-treat-small-to-medium-dogs",
        "imgName": "659935.jpg",
        "imgSrc": "https://cdn0.woolworths.media/content/wowproductimages/medium/659935.jpg",
        "name": "Dentalife Dog Treat Small To Medium Dogs 25 pack 507g",
        "price": 11,
        "unitPrice": "$0.44 / 1EA"
    },
    {
        "category": "pet",
        "href": "https://www.woolworths.com.au/shop/productdetails/638241/purina-total-care-allwormer-flea-control-tasty-chew-large-dogs",
        "imgName": "638241.jpg",
        "imgSrc": "https://cdn0.woolworths.media/content/wowproductimages/medium/638241.jpg",
        "name": "Purina Total Care Allwormer & Flea Control Tasty Chew Large Dogs each",
        "price": 25
    },
    {
        "category": "pet",
        "href": "https://www.woolworths.com.au/shop/productdetails/481124/baxter-s-liver-treats",
        "imgName": "481124.jpg",
        "imgSrc": "https://cdn0.woolworths.media/content/wowproductimages/medium/481124.jpg",
        "name": "Baxter's Liver Treats 100g",
        "price": 4,
        "unitPrice": "$4.00 / 100G"
    },
    {
        "category": "pet",
        "href": "https://www.woolworths.com.au/shop/productdetails/766416/rufus-coco-soft-mesh-collar-s-m",
        "imgName": "766416.jpg",
        "imgSrc": "https://cdn0.woolworths.media/content/wowproductimages/medium/766416.jpg",
        "name": "Rufus & Coco Soft Mesh Collar S/m each",
        "price": 15.44,
        "unitPrice": "$15.44 / 1EA"
    },
    {
        "category": "pet",
        "href": "https://www.woolworths.com.au/shop/productdetails/157445/pedigree-puppy-food-milk",
        "imgName": "157445.jpg",
        "imgSrc": "https://cdn0.woolworths.media/content/wowproductimages/medium/157445.jpg",
        "name": "Pedigree Puppy Food Milk 1l",
        "price": 4.7,
        "unitPrice": "$0.47 / 100ML"
    },
    {
        "category": "pet",
        "href": "https://www.woolworths.com.au/shop/productdetails/232368/vitapet-jerhigh-treat-real-chicken-bacon",
        "imgName": "232368.jpg",
        "imgSrc": "https://cdn0.woolworths.media/content/wowproductimages/medium/232368.jpg",
        "name": "Vitapet Jerhigh Treat Real Chicken Bacon 100g",
        "price": 4.45,
        "unitPrice": "$4.45 / 100G"
    },
    {
        "category": "pet",
        "href": "https://www.woolworths.com.au/shop/productdetails/657980/schmackos-tasty-bites-chewy-beef-slices",
        "imgName": "657980.jpg",
        "imgSrc": "https://cdn0.woolworths.media/content/wowproductimages/medium/657980.jpg",
        "name": "Schmackos Tasty Bites Chewy Beef Slices 155g",
        "price": 3.8,
        "unitPrice": "$2.45 / 100G"
    },
    {
        "category": "pet",
        "href": "https://www.woolworths.com.au/shop/productdetails/766268/rufus-coco-grooming-easy-trim-clippers",
        "imgName": "766268.jpg",
        "imgSrc": "https://cdn0.woolworths.media/content/wowproductimages/medium/766268.jpg",
        "name": "Rufus & Coco Grooming Easy Trim Clippers each",
        "price": 30.74,
        "unitPrice": "$30.74 / 1EA"
    },
    {
        "category": "pet",
        "href": "https://www.woolworths.com.au/shop/productdetails/787502/total-care-toy-whacky-duck",
        "imgName": "787502.jpg",
        "imgSrc": "https://cdn0.woolworths.media/content/wowproductimages/medium/787502.jpg",
        "name": "Total Care Toy Whacky Duck each",
        "price": 14.99,
        "unitPrice": "$14.99 / 1EA"
    },
    {
        "category": "pet",
        "href": "https://www.woolworths.com.au/shop/productdetails/923920/my-dog-adult-dog-food-classic-lamb-fillets-in-gravy",
        "imgName": "923920.jpg",
        "imgSrc": "https://cdn0.woolworths.media/content/wowproductimages/medium/923920.jpg",
        "name": "My Dog Adult Dog Food Classic Lamb Fillets In Gravy 100g",
        "price": 1.35,
        "unitPrice": "$1.35 / 100G"
    },
    {
        "category": "pet",
        "href": "https://www.woolworths.com.au/shop/productdetails/716787/good-o-adult-dog-food-minis-chicken-veal",
        "imgName": "716787.jpg",
        "imgSrc": "https://cdn0.woolworths.media/content/wowproductimages/medium/716787.jpg",
        "name": "Good-o Adult Dog Food Minis Chicken & Veal 3kg",
        "price": 12.15,
        "unitPrice": "$0.41 / 100G"
    },
    {
        "category": "pet",
        "href": "https://www.woolworths.com.au/shop/productdetails/169465/my-dog-adult-dog-food-chicken-supreme-with-cheese",
        "imgName": "169465.jpg",
        "imgSrc": "https://cdn0.woolworths.media/content/wowproductimages/medium/169465.jpg",
        "name": "My Dog Adult Dog Food Chicken Supreme With Cheese 100g",
        "price": 1.35,
        "unitPrice": "$1.35 / 100G"
    },
    {
        "category": "pet",
        "href": "https://www.woolworths.com.au/shop/productdetails/314972/woolworths-select-bird-food-budgerigar",
        "imgName": "314972.jpg",
        "imgSrc": "https://cdn0.woolworths.media/content/wowproductimages/medium/314972.jpg",
        "name": "Woolworths Select Bird Food Budgerigar 2kg",
        "price": 5,
        "unitPrice": "$0.25 / 100G"
    },
    {
        "category": "pet",
        "href": "https://www.woolworths.com.au/shop/productdetails/360688/purina-total-care-elastic-cat-collar-elastic-cat-collar-30cm",
        "imgName": "360688.jpg",
        "imgSrc": "https://cdn0.woolworths.media/content/wowproductimages/medium/360688.jpg",
        "name": "Purina Total Care Elastic Cat Collar Elastic Cat Collar 30cm each",
        "price": 5.49
    },
    {
        "category": "pet",
        "href": "https://www.woolworths.com.au/shop/productdetails/716922/bow-wow-treat-liver-dip-knot-bone-large",
        "imgName": "716922.jpg",
        "imgSrc": "https://cdn0.woolworths.media/content/wowproductimages/medium/716922.jpg",
        "name": "Bow Wow Treat Liver Dip Knot Bone Large 1pk",
        "price": 5.15
    },
    {
        "category": "pet",
        "href": "https://www.woolworths.com.au/shop/productdetails/657677/nature-s-table-free-ranged-turkey-with-carrots-green-beans",
        "imgName": "657677.jpg",
        "imgSrc": "https://cdn0.woolworths.media/content/wowproductimages/medium/657677.jpg",
        "name": "Nature's Table Free Ranged Turkey With Carrots & Green Beans 100g",
        "price": 1.4,
        "unitPrice": "$1.40 / 100G"
    },
    {
        "category": "pet",
        "href": "https://www.woolworths.com.au/shop/productdetails/842622/vip-fussy-cat-grain-free-chicken-turckey-with-cranberry-cat-food",
        "imgName": "842622.jpg",
        "imgSrc": "https://cdn0.woolworths.media/content/wowproductimages/medium/842622.jpg",
        "name": "Vip Fussy Cat Grain Free Chicken & Turckey With Cranberry Cat Food 85g",
        "price": 1.19,
        "unitPrice": "$1.40 / 100G"
    },
    {
        "category": "pet",
        "href": "https://www.woolworths.com.au/shop/productdetails/797534/applaws-chicken-dog-food-tin",
        "imgName": "797534.jpg",
        "imgSrc": "https://cdn0.woolworths.media/content/wowproductimages/medium/797534.jpg",
        "name": "Applaws Chicken Dog Food Tin 156g",
        "price": 2.7,
        "unitPrice": "$1.73 / 100G"
    },
    {
        "category": "pet",
        "href": "https://www.woolworths.com.au/shop/productdetails/791354/friskies-seafood-sensations",
        "imgName": "791354.jpg",
        "imgSrc": "https://cdn0.woolworths.media/content/wowproductimages/medium/791354.jpg",
        "name": "Friskies Seafood Sensations 12x85g",
        "price": 7.69,
        "unitPrice": "$0.75 / 100G"
    },
    {
        "category": "pet",
        "href": "https://www.woolworths.com.au/shop/productdetails/211232/vip-adult-cat-food-steak-mince",
        "imgName": "211232.jpg",
        "imgSrc": "https://cdn0.woolworths.media/content/wowproductimages/medium/211232.jpg",
        "name": "Vip Adult Cat Food Steak Mince 450g",
        "price": 5,
        "unitPrice": "$1.11 / 100G"
    },
    {
        "category": "pet",
        "href": "https://www.woolworths.com.au/shop/productdetails/258293/baxter-s-dog-roll-beef-and-vegetable",
        "imgName": "258293.jpg",
        "imgSrc": "https://cdn0.woolworths.media/content/wowproductimages/medium/258293.jpg",
        "name": "Baxter's Dog Roll Beef And Vegetable 3kg",
        "price": 6.3,
        "unitPrice": "$0.21 / 100G"
    },
    {
        "category": "pet",
        "href": "https://www.woolworths.com.au/shop/productdetails/381989/rufus-coco-2-in-1-oatmeal-shampoo-conditioner",
        "imgName": "381989.jpg",
        "imgSrc": "https://cdn0.woolworths.media/content/wowproductimages/medium/381989.jpg",
        "name": "Rufus & Coco 2 In 1 Oatmeal Shampoo & Conditioner 200ml",
        "price": 12.79,
        "unitPrice": "$6.40 / 100ML"
    },
    {
        "category": "pet",
        "href": "https://www.woolworths.com.au/shop/productdetails/481187/smitten-cat-litter-crystals",
        "imgName": "481187.jpg",
        "imgSrc": "https://cdn0.woolworths.media/content/wowproductimages/medium/481187.jpg",
        "name": "Smitten Cat Litter Crystals  2kg",
        "price": 8.3,
        "unitPrice": "$4.15 / 1KG"
    },
    {
        "category": "pet",
        "href": "https://www.woolworths.com.au/shop/productdetails/158867/whiskas-cat-milk-plus",
        "imgName": "158867.jpg",
        "imgSrc": "https://cdn0.woolworths.media/content/wowproductimages/medium/158867.jpg",
        "name": "Whiskas Cat Milk Plus 1l",
        "price": 3.6,
        "unitPrice": "$0.36 / 100ML"
    },
    {
        "category": "pet",
        "href": "https://www.woolworths.com.au/shop/productdetails/166865/dux-litter-large-tray",
        "imgName": "166865.jpg",
        "imgSrc": "https://cdn0.woolworths.media/content/wowproductimages/medium/166865.jpg",
        "name": "Dux Litter Large Tray each",
        "price": 6.15
    },
    {
        "category": "pet",
        "href": "https://www.woolworths.com.au/shop/productdetails/303187/love-em-treat-soy-wholemeal-cookies",
        "imgName": "303187.jpg",
        "imgSrc": "https://cdn0.woolworths.media/content/wowproductimages/medium/303187.jpg",
        "name": "Love'em Treat Soy & Wholemeal Cookies 450g",
        "price": 5.15,
        "unitPrice": "$1.14 / 100G"
    },
    {
        "category": "pet",
        "href": "https://www.woolworths.com.au/shop/productdetails/360924/rufus-coco-flea-flee-treatment-shampoo-flea-control",
        "imgName": "360924.jpg",
        "imgSrc": "https://cdn0.woolworths.media/content/wowproductimages/medium/360924.jpg",
        "name": "Rufus & Coco Flea Flee Treatment Shampoo Flea Control each",
        "price": 13.39,
        "unitPrice": "$6.70 / 100ML"
    },
    {
        "category": "pet",
        "href": "https://www.woolworths.com.au/shop/productdetails/349123/dine-adult-cat-food-morsels-with-salmon",
        "imgName": "349123.jpg",
        "imgSrc": "https://cdn0.woolworths.media/content/wowproductimages/medium/349123.jpg",
        "name": "Dine Adult Cat Food Morsels With Salmon 85g",
        "price": 1.1,
        "unitPrice": "$1.29 / 100G"
    },
    {
        "category": "pet",
        "href": "https://www.woolworths.com.au/shop/productdetails/360685/total-care-accessory-nylon-collar-m-55cm",
        "imgName": "360685.jpg",
        "imgSrc": "https://cdn0.woolworths.media/content/wowproductimages/medium/360685.jpg",
        "name": "Total Care Accessory Nylon Collar M 55cm each",
        "price": 9.49
    },
    {
        "category": "pet",
        "href": "https://www.woolworths.com.au/shop/productdetails/360918/rufus-coco-self-cleaning-slicker-brush-slicker-dog-brush",
        "imgName": "360918.jpg",
        "imgSrc": "https://cdn0.woolworths.media/content/wowproductimages/medium/360918.jpg",
        "name": "Rufus & Coco Self Cleaning Slicker Brush Slicker Dog Brush each",
        "price": 13.89
    },
    {
        "category": "pet",
        "href": "https://www.woolworths.com.au/shop/productdetails/360922/rufus-coco-ear-wound-care-gentle-cleansing-liquid",
        "imgName": "360922.jpg",
        "imgSrc": "https://cdn0.woolworths.media/content/wowproductimages/medium/360922.jpg",
        "name": "Rufus & Coco Ear & Wound Care Gentle Cleansing Liquid each"
    },
    {
        "category": "pet",
        "href": "https://www.woolworths.com.au/shop/productdetails/367810/woolworths-select-bowl-non-skid-large-dog",
        "imgName": "367810.jpg",
        "imgSrc": "https://cdn0.woolworths.media/content/wowproductimages/medium/367810.jpg",
        "name": "Woolworths Select Bowl Non Skid Large Dog each",
        "price": 12.49
    },
    {
        "category": "pet",
        "href": "https://www.woolworths.com.au/shop/productdetails/545776/purina-total-care-flea-tick-control-for-large-dogs",
        "imgName": "545776.jpg",
        "imgSrc": "https://cdn0.woolworths.media/content/wowproductimages/medium/545776.jpg",
        "name": "Purina Total Care Flea&tick Control For Large Dogs 1pk",
        "price": 18,
        "unitPrice": "$18.00 / 1EA"
    },
    {
        "category": "pet",
        "href": "https://www.woolworths.com.au/shop/productdetails/624095/fancy-feast-grilled-prime-filet-of-chicken",
        "imgName": "624095.jpg",
        "imgSrc": "https://cdn0.woolworths.media/content/wowproductimages/medium/624095.jpg",
        "name": "Fancy Feast Grilled Prime Filet Of Chicken 8x85g",
        "price": 8.5,
        "unitPrice": "$1.25 / 100G"
    },
    {
        "category": "pet",
        "href": "https://www.woolworths.com.au/shop/productdetails/656728/4legs-grain-free-puppy-food-3-meats-with-sweet-potato",
        "imgName": "656728.jpg",
        "imgSrc": "https://cdn0.woolworths.media/content/wowproductimages/medium/656728.jpg",
        "name": "4legs Grain Free Puppy Food 3 Meats With Sweet Potato 900g",
        "price": 5.8,
        "unitPrice": "$0.64 / 100G"
    },
    {
        "category": "pet",
        "href": "https://www.woolworths.com.au/shop/productdetails/658595/regal-fresh-fish-tasters",
        "imgName": "658595.jpg",
        "imgSrc": "https://cdn0.woolworths.media/content/wowproductimages/medium/658595.jpg",
        "name": "Regal Fresh Fish Tasters  500g",
        "price": 3.6,
        "unitPrice": "$0.72 / 100G"
    },
    {
        "category": "pet",
        "href": "https://www.woolworths.com.au/shop/productdetails/516946/supercoat-adult-dog-food-sensitive",
        "imgName": "516946.jpg",
        "imgSrc": "https://cdn0.woolworths.media/content/wowproductimages/medium/516946.jpg",
        "name": "Supercoat Adult Dog Food Sensitive 3kg",
        "price": 14.3,
        "unitPrice": "$0.48 / 100G"
    },
    {
        "category": "pet",
        "href": "https://www.woolworths.com.au/shop/productdetails/760470/ultimates-indulge-adult-cat-food-digestive-health",
        "imgName": "760470.jpg",
        "imgSrc": "https://cdn0.woolworths.media/content/wowproductimages/medium/760470.jpg",
        "name": "Ultimates Indulge Adult Cat Food Digestive Health 85g",
        "price": 1.49,
        "unitPrice": "$1.75 / 100G"
    },
    {
        "category": "pet",
        "href": "https://www.woolworths.com.au/shop/productdetails/784672/vitapet-kitchen-bathroom-odour-control-litter",
        "imgName": "784672.jpg",
        "imgSrc": "https://cdn0.woolworths.media/content/wowproductimages/medium/784672.jpg",
        "name": "Vitapet Kitchen & Bathroom Odour Control Litter 6lt",
        "price": 10.6,
        "unitPrice": "$1.77 / 1L"
    },
    {
        "category": "pet",
        "href": "https://www.woolworths.com.au/shop/productdetails/847754/felix-as-good-as-it-looks-salmon-pouch",
        "imgName": "847754.jpg",
        "imgSrc": "https://cdn0.woolworths.media/content/wowproductimages/medium/847754.jpg",
        "name": "Felix As Good As It Looks Salmon Pouch 85g",
        "price": 1,
        "unitPrice": "$1.18 / 100G"
    },
    {
        "category": "pet",
        "href": "https://www.woolworths.com.au/shop/productdetails/963191/dine-daily-cat-food-slices-with-succulent-chicken",
        "imgName": "963191.jpg",
        "imgSrc": "https://cdn0.woolworths.media/content/wowproductimages/medium/963191.jpg",
        "name": "Dine Daily Cat Food Slices With Succulent Chicken 85g",
        "price": 1.1,
        "unitPrice": "$1.29 / 100G"
    },
    {
        "category": "pet",
        "href": "https://www.woolworths.com.au/shop/productdetails/892654/purina-total-care-dog-shampoo-flea-control",
        "imgName": "892654.jpg",
        "imgSrc": "https://cdn0.woolworths.media/content/wowproductimages/medium/892654.jpg",
        "name": "Purina Total Care Dog Shampoo Flea Control 350ml",
        "price": 13.99,
        "unitPrice": "$4.00 / 100ML"
    }
]