[
    {
        "category": "specials",
        "href": "https://www.woolworths.com.au/shop/productdetails/360416/castaway-apple-cider-original-bottles",
        "imgName": "360416.jpg",
        "imgSrc": "https://cdn0.woolworths.media/content/wowproductimages/medium/360416.jpg",
        "name": "Castaway Apple Cider Original Bottles 24x330ml case",
        "price": 42,
        "special": 42
    },
    {
        "category": "specials",
        "href": "https://www.woolworths.com.au/shop/productdetails/360417/castaway-apple-cider-original-bottles",
        "imgName": "360417.jpg",
        "imgSrc": "https://cdn0.woolworths.media/content/wowproductimages/medium/360417.jpg",
        "name": "Castaway Apple Cider Original Bottles 6x330ml pack",
        "price": 12,
        "special": 12
    },
    {
        "category": "specials",
        "href": "https://www.woolworths.com.au/shop/productdetails/32652/naturale-100-recycled-toilet-tissue-2ply-white-soft-strong",
        "imgName": "032652.jpg",
        "imgSrc": "https://cdn0.woolworths.media/content/wowproductimages/medium/032652.jpg",
        "name": "Naturale 100% Recycled Toilet Tissue 2ply White Soft & Strong 12pk",
        "price": 6,
        "special": 5,
        "unitPrice": "$0.18 / 100SS"
    },
    {
        "category": "specials",
        "href": "https://www.woolworths.com.au/shop/productdetails/94378/san-remo-spaghetti-angel-hair-pasta-no-9",
        "imgName": "094378.jpg",
        "imgSrc": "https://cdn0.woolworths.media/content/wowproductimages/medium/094378.jpg",
        "name": "San Remo Spaghetti Angel Hair Pasta No 9 500g",
        "price": 1.95,
        "unitPrice": "$0.39 / 100G"
    },
    {
        "category": "specials",
        "href": "https://www.woolworths.com.au/shop/productdetails/368776/woolworths-select-mustard-dijon",
        "imgName": "368776.jpg",
        "imgSrc": "https://cdn0.woolworths.media/content/wowproductimages/medium/368776.jpg",
        "name": "Woolworths Select Mustard Dijon 200g",
        "price": 2,
        "unitPrice": "$1.00 / 100G"
    },
    {
        "category": "specials",
        "href": "https://www.woolworths.com.au/shop/productdetails/620878/l-oreal-colorista-washout-peach",
        "imgName": "620878.jpg",
        "imgSrc": "https://cdn0.woolworths.media/content/wowproductimages/medium/620878.jpg",
        "name": "L'oreal Colorista Washout Peach each",
        "price": 16.5,
        "special": 11.5
    },
    {
        "category": "specials",
        "href": "https://www.woolworths.com.au/shop/productdetails/250557/woolworths-choccy-mints-biscuit",
        "imgName": "250557.jpg",
        "imgSrc": "https://cdn0.woolworths.media/content/wowproductimages/medium/250557.jpg",
        "name": "Woolworths Choccy Mints Biscuit 200g",
        "price": 1.65,
        "unitPrice": "$0.83 / 100G"
    },
    {
        "category": "specials",
        "href": "https://www.woolworths.com.au/shop/productdetails/188562/arnott-s-tee-vee-snacks-original",
        "imgName": "188562.jpg",
        "imgSrc": "https://cdn0.woolworths.media/content/wowproductimages/medium/188562.jpg",
        "name": "Arnott's Tee Vee Snacks Original 175g",
        "price": 2.5,
        "unitPrice": "$1.43 / 100G"
    },
    {
        "category": "specials",
        "href": "https://www.woolworths.com.au/shop/productdetails/901994/madfish-shiraz-gold-turtle",
        "imgName": "901994.jpg",
        "imgSrc": "https://cdn0.woolworths.media/content/wowproductimages/medium/901994.jpg",
        "name": "Madfish Shiraz Gold Turtle 750ml",
        "price": 22,
        "special": 16
    },
    {
        "category": "specials",
        "href": "https://www.woolworths.com.au/shop/productdetails/911569/devil-s-corner-sauvignon-blanc",
        "imgName": "911569.jpg",
        "imgSrc": "https://cdn0.woolworths.media/content/wowproductimages/medium/911569.jpg",
        "name": "Devil's Corner Sauvignon Blanc  750ml",
        "price": 23,
        "special": 18
    },
    {
        "category": "specials",
        "href": "https://www.woolworths.com.au/shop/productdetails/662888/buderim-ginger-beer-peach",
        "imgName": "662888.jpg",
        "imgSrc": "https://cdn0.woolworths.media/content/wowproductimages/medium/662888.jpg",
        "name": "Buderim Ginger Beer Peach 4x330ml",
        "price": 5.9,
        "special": 4.6,
        "unitPrice": "$3.48 / 1L"
    },
    {
        "category": "specials",
        "href": "https://www.woolworths.com.au/shop/productdetails/360115/underworks-womens-all-day-cushion-foot-socks-black-size-9-11",
        "imgName": "360115.jpg",
        "imgSrc": "https://cdn0.woolworths.media/content/wowproductimages/medium/360115.jpg",
        "name": "Underworks Womens All Day Cushion Foot Socks Black Size 9-11 2pk",
        "price": 15,
        "special": 10,
        "unitPrice": "$5.00 / 1EA"
    },
    {
        "category": "specials",
        "href": "https://www.woolworths.com.au/shop/productdetails/44458/san-remo-spaghetti-wholemeal-pasta",
        "imgName": "044458.jpg",
        "imgSrc": "https://cdn0.woolworths.media/content/wowproductimages/medium/044458.jpg",
        "name": "San Remo Spaghetti Wholemeal Pasta 500g",
        "price": 1.95,
        "unitPrice": "$0.39 / 100G"
    },
    {
        "category": "specials",
        "href": "https://www.woolworths.com.au/shop/productdetails/895829/twisted-frozen-yoghurt-salted-caramel-choc",
        "imgName": "895829.jpg",
        "imgSrc": "https://cdn0.woolworths.media/content/wowproductimages/medium/895829.jpg",
        "name": "Twisted Frozen Yoghurt Salted Caramel Choc 450ml tub",
        "price": 6.99,
        "unitPrice": "$1.46 / 100ML"
    },
    {
        "category": "specials",
        "href": "https://www.woolworths.com.au/shop/productdetails/840481/surf-2-in-1-laundry-powder-top-front-loader-lavender",
        "imgName": "840481.jpg",
        "imgSrc": "https://cdn0.woolworths.media/content/wowproductimages/medium/840481.jpg",
        "name": "Surf 2 In 1 Laundry Powder Top & Front Loader Lavender 1kg",
        "price": 4.49,
        "unitPrice": "$4.49 / 1KG"
    },
    {
        "category": "specials",
        "href": "https://www.woolworths.com.au/shop/productdetails/586676/red-rock-deli-roasted-peanuts-sweet-chilli-basil",
        "imgName": "586676.jpg",
        "imgSrc": "https://cdn0.woolworths.media/content/wowproductimages/medium/586676.jpg",
        "name": "Red Rock Deli Roasted Peanuts Sweet Chilli & Basil 150g",
        "price": 4,
        "special": 3,
        "unitPrice": "$20.00 / 1KG"
    },
    {
        "category": "specials",
        "href": "https://www.woolworths.com.au/shop/productdetails/582820/darell-lea-brittle-dark-almond",
        "imgName": "582820.jpg",
        "imgSrc": "https://cdn0.woolworths.media/content/wowproductimages/medium/582820.jpg",
        "name": "Darell Lea Brittle Dark Almond  200g",
        "price": 5,
        "special": 4,
        "unitPrice": "$2.00 / 100G"
    },
    {
        "category": "specials",
        "href": "https://www.woolworths.com.au/shop/productdetails/32820/masterfoods-mustard-mild-english",
        "imgName": "032820.jpg",
        "imgSrc": "https://cdn0.woolworths.media/content/wowproductimages/medium/032820.jpg",
        "name": "Masterfoods Mustard Mild English 175g",
        "price": 3,
        "special": 2.5,
        "unitPrice": "$1.43 / 100G"
    },
    {
        "category": "specials",
        "href": "https://www.woolworths.com.au/shop/productdetails/768994/three-keys-imported-cotes-du-rhone",
        "imgName": "768994.jpg",
        "imgSrc": "https://cdn0.woolworths.media/content/wowproductimages/medium/768994.jpg",
        "name": "Three Keys Imported Cotes Du Rhone 750ml",
        "price": 15,
        "special": 12
    },
    {
        "category": "specials",
        "href": "https://www.woolworths.com.au/shop/productdetails/105598/homebrand-aluminium-foil",
        "imgName": "105598.jpg",
        "imgSrc": "https://cdn0.woolworths.media/content/wowproductimages/medium/105598.jpg",
        "name": "Homebrand Aluminium Foil  30cmx30m",
        "price": 2.7,
        "unitPrice": "$0.09 / 1M"
    },
    {
        "category": "specials",
        "href": "https://www.woolworths.com.au/shop/productdetails/930176/edgell-black-beans",
        "imgName": "930176.jpg",
        "imgSrc": "https://cdn0.woolworths.media/content/wowproductimages/medium/930176.jpg",
        "name": "Edgell Black Beans  400g",
        "price": 1.95,
        "unitPrice": "$4.88 / 1KG"
    },
    {
        "category": "specials",
        "href": "https://www.woolworths.com.au/shop/productdetails/751233/on-the-go-tropical-snack-mix-with-a-twist",
        "imgName": "751233.jpg",
        "imgSrc": "https://cdn0.woolworths.media/content/wowproductimages/medium/751233.jpg",
        "name": "On The Go Tropical Snack Mix With A Twist 50g",
        "price": 2,
        "special": 1.5,
        "unitPrice": "$3.00 / 100G"
    },
    {
        "category": "specials",
        "href": "https://www.woolworths.com.au/shop/productdetails/772481/cote-mas-blanc-mediterannee",
        "imgName": "772481.jpg",
        "imgSrc": "https://cdn0.woolworths.media/content/wowproductimages/medium/772481.jpg",
        "name": "Cote Mas Blanc Mediterannee  750ml bottle",
        "price": 15,
        "special": 12
    },
    {
        "category": "specials",
        "href": "https://www.woolworths.com.au/shop/productdetails/581169/pine-o-cleen-surface-wipes",
        "imgName": "581169.jpg",
        "imgSrc": "https://cdn0.woolworths.media/content/wowproductimages/medium/581169.jpg",
        "name": "Pine O Cleen Surface Wipes  45pk",
        "price": 4,
        "unitPrice": "$0.09 / 1EA"
    },
    {
        "category": "specials",
        "href": "https://www.woolworths.com.au/shop/productdetails/360551/woolworths-medium-roasting-tray-with-handles",
        "imgName": "360551.jpg",
        "imgSrc": "https://cdn0.woolworths.media/content/wowproductimages/medium/360551.jpg",
        "name": "Woolworths Medium Roasting Tray With Handles 1each",
        "price": 4.5,
        "special": 4,
        "unitPrice": "$4.00 / 1EA"
    },
    {
        "category": "specials",
        "href": "https://www.woolworths.com.au/shop/productdetails/533552/hansells-all-natural-fruit-syrup-mandarin-lime-bitters",
        "imgName": "533552.jpg",
        "imgSrc": "https://cdn0.woolworths.media/content/wowproductimages/medium/533552.jpg",
        "name": "Hansells All Natural Fruit Syrup Mandarin Lime & Bitters 750ml",
        "price": 5.99,
        "special": 5,
        "unitPrice": "$6.67 / 1L"
    },
    {
        "category": "specials",
        "href": "https://www.woolworths.com.au/shop/productdetails/658913/somersby-blackberry-cider-bottles",
        "imgName": "658913.jpg",
        "imgSrc": "https://cdn0.woolworths.media/content/wowproductimages/medium/658913.jpg",
        "name": "Somersby Blackberry Cider Bottles 4x330ml pack",
        "price": 20,
        "special": 19
    },
    {
        "category": "specials",
        "href": "https://www.woolworths.com.au/shop/productdetails/226849/ardmona-tomatoes-chopped-no-added-salt",
        "imgName": "226849.jpg",
        "imgSrc": "https://cdn0.woolworths.media/content/wowproductimages/medium/226849.jpg",
        "name": "Ardmona Tomatoes Chopped No Added Salt 400g",
        "price": 1.4,
        "unitPrice": "$3.50 / 1KG"
    },
    {
        "category": "specials",
        "href": "https://www.woolworths.com.au/shop/productdetails/526940/frey-dark-chocolate-block-85-",
        "imgName": "526940.jpg",
        "imgSrc": "https://cdn0.woolworths.media/content/wowproductimages/medium/526940.jpg",
        "name": "Frey Dark Chocolate Block 85% 100g",
        "price": 2.5,
        "unitPrice": "$2.50 / 100G"
    },
    {
        "category": "specials",
        "href": "https://www.woolworths.com.au/shop/productdetails/732195/edgell-lentils",
        "imgName": "732195.jpg",
        "imgSrc": "https://cdn0.woolworths.media/content/wowproductimages/medium/732195.jpg",
        "name": "Edgell Lentils  400g",
        "price": 1.78,
        "unitPrice": "$4.45 / 1KG"
    },
    {
        "category": "specials",
        "href": "https://www.woolworths.com.au/shop/productdetails/517491/annalisa-diced-tomatoes-garlic-basil",
        "imgName": "517491.jpg",
        "imgSrc": "https://cdn0.woolworths.media/content/wowproductimages/medium/517491.jpg",
        "name": "Annalisa Diced Tomatoes Garlic & Basil 400g",
        "price": 1.45,
        "special": 1,
        "unitPrice": "$2.50 / 1KG"
    },
    {
        "category": "specials",
        "href": "https://www.woolworths.com.au/shop/productdetails/980108/coors-beer-cans",
        "imgName": "980108.jpg",
        "imgSrc": "https://cdn0.woolworths.media/content/wowproductimages/medium/980108.jpg",
        "name": "Coors Beer Cans  12x355ml",
        "price": 29,
        "special": 27
    },
    {
        "category": "specials",
        "href": "https://www.woolworths.com.au/shop/productdetails/603316/tip-top-sandwich-thins-original",
        "imgName": "603316.jpg",
        "imgSrc": "https://cdn0.woolworths.media/content/wowproductimages/medium/603316.jpg",
        "name": "Tip Top Sandwich Thins Original 6pk",
        "price": 3.5,
        "special": 3,
        "unitPrice": "$1.25 / 100G"
    },
    {
        "category": "specials",
        "href": "https://www.woolworths.com.au/shop/productdetails/731856/kurrajong-kitchen-lavosh-bites-original",
        "imgName": "731856.jpg",
        "imgSrc": "https://cdn0.woolworths.media/content/wowproductimages/medium/731856.jpg",
        "name": "Kurrajong Kitchen Lavosh Bites Original  145g",
        "price": 3.7,
        "special": 3,
        "unitPrice": "$2.07 / 100G"
    },
    {
        "category": "specials",
        "href": "https://www.woolworths.com.au/shop/productdetails/47022/bulla-thickened-cream",
        "imgName": "047022.jpg",
        "imgSrc": "https://cdn0.woolworths.media/content/wowproductimages/medium/047022.jpg",
        "name": "Bulla Thickened Cream  600ml",
        "price": 3.9,
        "special": 3.6,
        "unitPrice": "$0.60 / 100ML"
    },
    {
        "category": "specials",
        "href": "https://www.woolworths.com.au/shop/productdetails/293958/s-w-mayonnaise-whole-egg",
        "imgName": "293958.jpg",
        "imgSrc": "https://cdn0.woolworths.media/content/wowproductimages/medium/293958.jpg",
        "name": "S&w Mayonnaise Whole Egg 440g",
        "price": 5.5,
        "special": 4,
        "unitPrice": "$0.91 / 100G"
    },
    {
        "category": "specials",
        "href": "https://www.woolworths.com.au/shop/productdetails/993306/somersby-apple-cider-cans",
        "imgName": "993306.jpg",
        "imgSrc": "https://cdn0.woolworths.media/content/wowproductimages/medium/993306.jpg",
        "name": "Somersby Apple Cider Cans 10x440ml",
        "price": 32,
        "special": 28
    },
    {
        "category": "specials",
        "href": "https://www.woolworths.com.au/shop/productdetails/648160/crayola-crayons-twistables",
        "imgName": "648160.jpg",
        "imgSrc": "https://cdn0.woolworths.media/content/wowproductimages/medium/648160.jpg",
        "name": "Crayola Crayons Twistables  8pk",
        "price": 6,
        "special": 4.8
    },
    {
        "category": "specials",
        "href": "https://www.woolworths.com.au/shop/productdetails/446855/great-northern-brewing-co-super-crisp-lager-cans",
        "imgName": "446855.jpg",
        "imgSrc": "https://cdn0.woolworths.media/content/wowproductimages/medium/446855.jpg",
        "name": "Great Northern Brewing Co Super Crisp Lager Cans 30x375ml case",
        "price": 59,
        "special": 52
    },
    {
        "category": "specials",
        "href": "https://www.woolworths.com.au/shop/productdetails/587305/kettle-sour-cream-chilli-chips",
        "imgName": "587305.jpg",
        "imgSrc": "https://cdn0.woolworths.media/content/wowproductimages/medium/587305.jpg",
        "name": "Kettle Sour Cream & Chilli Chips  175g",
        "price": 4.39,
        "special": 2.5,
        "unitPrice": "$1.43 / 100G"
    },
    {
        "category": "specials",
        "href": "https://www.woolworths.com.au/shop/productdetails/937258/dorsogna-premium-australian-ham-off-the-bone-shaved",
        "imgName": "937258.jpg",
        "imgSrc": "https://cdn0.woolworths.media/content/wowproductimages/medium/937258.jpg",
        "name": "Dorsogna Premium Australian Ham Off The Bone Shaved per kg",
        "price": 27,
        "special": 22,
        "unitPrice": "$22.00 / 1KG"
    },
    {
        "category": "specials",
        "href": "https://www.woolworths.com.au/shop/productdetails/621082/garnier-olia-2p-platinum-black",
        "imgName": "621082.jpg",
        "imgSrc": "https://cdn0.woolworths.media/content/wowproductimages/medium/621082.jpg",
        "name": "Garnier Olia 2p Platinum Black  1 pk",
        "price": 17,
        "special": 12
    },
    {
        "category": "specials",
        "href": "https://www.woolworths.com.au/shop/productdetails/332186/heinz-seriously-good-lite-mayonnaise",
        "imgName": "332186.jpg",
        "imgSrc": "https://cdn0.woolworths.media/content/wowproductimages/medium/332186.jpg",
        "name": "Heinz Seriously Good Lite Mayonnaise  285ml",
        "price": 4,
        "special": 3.5,
        "unitPrice": "$1.23 / 100ML"
    },
    {
        "category": "specials",
        "href": "https://www.woolworths.com.au/shop/productdetails/529193/tresemme-colour-revitalise-shampoo",
        "imgName": "529193.jpg",
        "imgSrc": "https://cdn0.woolworths.media/content/wowproductimages/medium/529193.jpg",
        "name": "Tresemme Colour Revitalise Shampoo  390ml",
        "price": 7,
        "special": 5,
        "unitPrice": "$1.28 / 100ML"
    },
    {
        "category": "specials",
        "href": "https://www.woolworths.com.au/shop/productdetails/976302/vodka-cruiser-ripe-strawberry-bottles",
        "imgName": "976302.jpg",
        "imgSrc": "https://cdn0.woolworths.media/content/wowproductimages/medium/976302.jpg",
        "name": "Vodka Cruiser Ripe Strawberry Bottles 24x275ml case",
        "price": 81,
        "special": 67
    },
    {
        "category": "specials",
        "href": "https://www.woolworths.com.au/shop/productdetails/498331/csr-raw-sugar-sticks",
        "imgName": "498331.jpg",
        "imgSrc": "https://cdn0.woolworths.media/content/wowproductimages/medium/498331.jpg",
        "name": "Csr Raw Sugar Sticks  50pk 150g",
        "price": 2.9,
        "special": 2.6,
        "unitPrice": "$1.73 / 100G"
    },
    {
        "category": "specials",
        "href": "https://www.woolworths.com.au/shop/productdetails/43915/john-west-passionfruit-pulp-in-syrup",
        "imgName": "043915.jpg",
        "imgSrc": "https://cdn0.woolworths.media/content/wowproductimages/medium/043915.jpg",
        "name": "John West Passionfruit Pulp In Syrup 170g",
        "price": 1.8,
        "special": 1.69,
        "unitPrice": "$9.94 / 1KG"
    },
    {
        "category": "specials",
        "href": "https://www.woolworths.com.au/shop/productdetails/31746/multix-aluminium-foil-wide",
        "imgName": "031746.jpg",
        "imgSrc": "https://cdn0.woolworths.media/content/wowproductimages/medium/031746.jpg",
        "name": "Multix Aluminium Foil Wide 30cmx20m",
        "price": 4,
        "special": 3.4,
        "unitPrice": "$0.17 / 1M"
    },
    {
        "category": "specials",
        "href": "https://www.woolworths.com.au/shop/productdetails/533194/d-orsogna-tasty-sticks-peri-peri",
        "imgName": "533194.jpg",
        "imgSrc": "https://cdn0.woolworths.media/content/wowproductimages/medium/533194.jpg",
        "name": "D'orsogna Tasty Sticks Peri Peri 200g",
        "price": 5.3,
        "special": 4.5,
        "unitPrice": "$22.50 / 1KG"
    },
    {
        "category": "specials",
        "href": "https://www.woolworths.com.au/shop/productdetails/587304/kettle-sea-salt-vinegar-chips",
        "imgName": "587304.jpg",
        "imgSrc": "https://cdn0.woolworths.media/content/wowproductimages/medium/587304.jpg",
        "name": "Kettle Sea Salt & Vinegar Chips  175g",
        "price": 4.39,
        "special": 2.5,
        "unitPrice": "$1.43 / 100G"
    },
    {
        "category": "specials",
        "href": "https://www.woolworths.com.au/shop/productdetails/661053/aunty-betty-s-whipped-cream-blue",
        "imgName": "661053.jpg",
        "imgSrc": "https://cdn0.woolworths.media/content/wowproductimages/medium/661053.jpg",
        "name": "Aunty Betty's Whipped Cream Blue 250ml",
        "price": 4,
        "special": 3,
        "unitPrice": "$1.20 / 100ML"
    },
    {
        "category": "specials",
        "href": "https://www.woolworths.com.au/shop/productdetails/859333/glenlivet-founders-reserve-whisky",
        "imgName": "859333.jpg",
        "imgSrc": "https://cdn0.woolworths.media/content/wowproductimages/medium/859333.jpg",
        "name": "Glenlivet Founders Reserve Whisky 700ml",
        "price": 69,
        "special": 55
    },
    {
        "category": "specials",
        "href": "https://www.woolworths.com.au/shop/productdetails/41814/sakata-rice-crackers-plain",
        "imgName": "041814.jpg",
        "imgSrc": "https://cdn0.woolworths.media/content/wowproductimages/medium/041814.jpg",
        "name": "Sakata Rice Crackers Plain 100g",
        "price": 2.49,
        "special": 2,
        "unitPrice": "$2.00 / 100G"
    },
    {
        "category": "specials",
        "href": "https://www.woolworths.com.au/shop/productdetails/446492/red-rock-deli-chips-champagne-viniagrette-shallot",
        "imgName": "446492.jpg",
        "imgSrc": "https://cdn0.woolworths.media/content/wowproductimages/medium/446492.jpg",
        "name": "Red Rock Deli Chips Champagne Viniagrette Shallot 150g",
        "price": 4.49,
        "special": 3,
        "unitPrice": "$2.00 / 100G"
    },
    {
        "category": "specials",
        "href": "https://www.woolworths.com.au/shop/productdetails/906081/absolut-raspberri-vodka",
        "imgName": "906081.jpg",
        "imgSrc": "https://cdn0.woolworths.media/content/wowproductimages/medium/906081.jpg",
        "name": "Absolut Raspberri Vodka  700ml",
        "price": 51,
        "special": 40
    },
    {
        "category": "specials",
        "href": "https://www.woolworths.com.au/shop/productdetails/627087/healthy-boy-seafood-dipping-sauce",
        "imgName": "627087.jpg",
        "imgSrc": "https://cdn0.woolworths.media/content/wowproductimages/medium/627087.jpg",
        "name": "Healthy Boy Seafood Dipping Sauce  250ml",
        "price": 3.5,
        "special": 3,
        "unitPrice": "$1.20 / 100ML"
    },
    {
        "category": "specials",
        "href": "https://www.woolworths.com.au/shop/productdetails/620354/deeko-collection-white-side-plates-matt-finish-17-5cm",
        "imgName": "620354.jpg",
        "imgSrc": "https://cdn0.woolworths.media/content/wowproductimages/medium/620354.jpg",
        "name": "Deeko Collection White Side Plates Matt Finish 17.5cm 10pk",
        "price": 3.5,
        "special": 2.8,
        "unitPrice": "$0.28 / 1EA"
    },
    {
        "category": "specials",
        "href": "https://www.woolworths.com.au/shop/productdetails/708309/safcol-responsibly-fished-tuna-in-oil-italian-style",
        "imgName": "708309.jpg",
        "imgSrc": "https://cdn0.woolworths.media/content/wowproductimages/medium/708309.jpg",
        "name": "Safcol Responsibly Fished Tuna In Oil Italian Style 425g",
        "price": 4,
        "unitPrice": "$9.41 / 1KG"
    },
    {
        "category": "specials",
        "href": "https://www.woolworths.com.au/shop/productdetails/244271/9-grain-tip-top-pumpkin-seed",
        "imgName": "244271.jpg",
        "imgSrc": "https://cdn0.woolworths.media/content/wowproductimages/medium/244271.jpg",
        "name": "9 Grain Tip Top Pumpkin Seed 700g",
        "price": 3.3,
        "unitPrice": "$0.47 / 100G"
    },
    {
        "category": "specials",
        "href": "https://www.woolworths.com.au/shop/productdetails/377099/tom-organic-tampons-mini",
        "imgName": "377099.jpg",
        "imgSrc": "https://cdn0.woolworths.media/content/wowproductimages/medium/377099.jpg",
        "name": "Tom Organic Tampons Mini 16pk",
        "price": 6,
        "unitPrice": "$0.38 / 1EA"
    },
    {
        "category": "specials",
        "href": "https://www.woolworths.com.au/shop/productdetails/722778/macleans-toothpaste-little-teeth",
        "imgName": "722778.jpg",
        "imgSrc": "https://cdn0.woolworths.media/content/wowproductimages/medium/722778.jpg",
        "name": "Macleans Toothpaste Little Teeth 63g",
        "price": 1.7,
        "unitPrice": "$2.70 / 100G"
    },
    {
        "category": "specials",
        "href": "https://www.woolworths.com.au/shop/productdetails/37278/edco-jumbo-thick-sponges",
        "imgName": "037278.jpg",
        "imgSrc": "https://cdn0.woolworths.media/content/wowproductimages/medium/037278.jpg",
        "name": "Edco Jumbo Thick Sponges  3pk",
        "price": 2.99,
        "unitPrice": "$1.00 / 1EA"
    },
    {
        "category": "specials",
        "href": "https://www.woolworths.com.au/shop/productdetails/96722/maggie-beer-quince-paste",
        "imgName": "096722.jpg",
        "imgSrc": "https://cdn0.woolworths.media/content/wowproductimages/medium/096722.jpg",
        "name": "Maggie Beer Quince Paste  100g",
        "price": 5.98,
        "special": 5,
        "unitPrice": "$50.00 / 1KG"
    },
    {
        "category": "specials",
        "href": "https://www.woolworths.com.au/shop/productdetails/610400/woolworths-lunchbox-bread-roll-white",
        "imgName": "610400.jpg",
        "imgSrc": "https://cdn0.woolworths.media/content/wowproductimages/medium/610400.jpg",
        "name": "Woolworths Lunchbox Bread Roll White 6pk",
        "price": 1.5,
        "unitPrice": "$0.25 / 1EA"
    },
    {
        "category": "specials",
        "href": "https://www.woolworths.com.au/shop/productdetails/39484/san-remo-elbows-italian-pasta-no-35",
        "imgName": "039484.jpg",
        "imgSrc": "https://cdn0.woolworths.media/content/wowproductimages/medium/039484.jpg",
        "name": "San Remo Elbows Italian Pasta No 35 500g",
        "price": 1.95,
        "unitPrice": "$0.39 / 100G"
    },
    {
        "category": "specials",
        "href": "https://www.woolworths.com.au/shop/productdetails/757861/fountain-barbecue-sauce-no-added-sugar",
        "imgName": "757861.jpg",
        "imgSrc": "https://cdn0.woolworths.media/content/wowproductimages/medium/757861.jpg",
        "name": "Fountain Barbecue Sauce No Added Sugar 500ml",
        "price": 2,
        "unitPrice": "$0.40 / 100ML"
    },
    {
        "category": "specials",
        "href": "https://www.woolworths.com.au/shop/productdetails/331599/abbott-s-village-bakery-country-grains-bread",
        "imgName": "331599.jpg",
        "imgSrc": "https://cdn0.woolworths.media/content/wowproductimages/medium/331599.jpg",
        "name": "Abbott's Village Bakery Country Grains Bread 850g",
        "price": 3.5,
        "unitPrice": "$0.41 / 100G"
    },
    {
        "category": "specials",
        "href": "https://www.woolworths.com.au/shop/productdetails/298121/woolworths-bread-rolls-bacon-cheese",
        "imgName": "298121.jpg",
        "imgSrc": "https://cdn0.woolworths.media/content/wowproductimages/medium/298121.jpg",
        "name": "Woolworths Bread Rolls Bacon & Cheese 6pk",
        "price": 4.5,
        "unitPrice": "$0.75 / 1EA"
    },
    {
        "category": "specials",
        "href": "https://www.woolworths.com.au/shop/productdetails/726260/toni-guy-shampoo-for-damaged-hair",
        "imgName": "726260.jpg",
        "imgSrc": "https://cdn0.woolworths.media/content/wowproductimages/medium/726260.jpg",
        "name": "Toni & Guy Shampoo For Damaged Hair 250ml",
        "price": 16,
        "unitPrice": "$6.40 / 100ML"
    },
    {
        "category": "specials",
        "href": "https://www.woolworths.com.au/shop/productdetails/38909/gravox-gravy-mix-roast-meat",
        "imgName": "038909.jpg",
        "imgSrc": "https://cdn0.woolworths.media/content/wowproductimages/medium/038909.jpg",
        "name": "Gravox Gravy Mix Roast Meat 120g",
        "price": 3.3,
        "special": 2.5,
        "unitPrice": "$0.21 / 10G"
    },
    {
        "category": "specials",
        "href": "https://www.woolworths.com.au/shop/productdetails/579482/bosisto-s-floor-cleaner",
        "imgName": "579482.jpg",
        "imgSrc": "https://cdn0.woolworths.media/content/wowproductimages/medium/579482.jpg",
        "name": "Bosisto's Floor Cleaner  750ml",
        "price": 6,
        "special": 4,
        "unitPrice": "$0.53 / 100ML"
    },
    {
        "category": "specials",
        "href": "https://www.woolworths.com.au/shop/productdetails/232832/burgen-bread-traditional-rye",
        "imgName": "232832.jpg",
        "imgSrc": "https://cdn0.woolworths.media/content/wowproductimages/medium/232832.jpg",
        "name": "Burgen Bread Traditional Rye 700g",
        "price": 4.9,
        "unitPrice": "$0.70 / 100G"
    },
    {
        "category": "specials",
        "href": "https://www.woolworths.com.au/shop/productdetails/722749/clio-comfort-bra-assorted-colours-10-12",
        "imgName": "722749.jpg",
        "imgSrc": "https://cdn0.woolworths.media/content/wowproductimages/medium/722749.jpg",
        "name": "Clio Comfort Bra Assorted Colours 10-12 each",
        "price": 7.5,
        "special": 5.25
    },
    {
        "category": "specials",
        "href": "https://www.woolworths.com.au/shop/productdetails/698868/woolworths-select-extra-virgin-spanish-olive-oil",
        "imgName": "698868.jpg",
        "imgSrc": "https://cdn0.woolworths.media/content/wowproductimages/medium/698868.jpg",
        "name": "Woolworths Select Extra Virgin Spanish Olive Oil 1l",
        "price": 7,
        "unitPrice": "$0.70 / 100ML"
    },
    {
        "category": "specials",
        "href": "https://www.woolworths.com.au/shop/productdetails/744799/eveready-super-heavy-duty-aaa-batteries",
        "imgName": "744799.jpg",
        "imgSrc": "https://cdn0.woolworths.media/content/wowproductimages/medium/744799.jpg",
        "name": "Eveready Super Heavy Duty Aaa Batteries  10pk",
        "price": 6,
        "unitPrice": "$0.60 / 1EA"
    },
    {
        "category": "specials",
        "href": "https://www.woolworths.com.au/shop/productdetails/230504/woolworths-barbecue-sauce-squeeze",
        "imgName": "230504.jpg",
        "imgSrc": "https://cdn0.woolworths.media/content/wowproductimages/medium/230504.jpg",
        "name": "Woolworths Barbecue Sauce Squeeze 500ml",
        "price": 1.5,
        "unitPrice": "$0.30 / 100ML"
    },
    {
        "category": "specials",
        "href": "https://www.woolworths.com.au/shop/productdetails/720011/macleans-toothpaste-milk-teeth",
        "imgName": "720011.jpg",
        "imgSrc": "https://cdn0.woolworths.media/content/wowproductimages/medium/720011.jpg",
        "name": "Macleans Toothpaste Milk Teeth 63g",
        "price": 1.7,
        "unitPrice": "$2.70 / 100G"
    },
    {
        "category": "specials",
        "href": "https://www.woolworths.com.au/shop/productdetails/586413/finish-quantum-ultimate-dishwashing-tablets-original",
        "imgName": "586413.jpg",
        "imgSrc": "https://cdn0.woolworths.media/content/wowproductimages/medium/586413.jpg",
        "name": "Finish Quantum Ultimate Dishwashing Tablets Original 32pk",
        "price": 28,
        "special": 18,
        "unitPrice": "$0.56 / 1EA"
    },
    {
        "category": "specials",
        "href": "https://www.woolworths.com.au/shop/productdetails/421467/woolworths-cookie-ginger-chocolate",
        "imgName": "421467.jpg",
        "imgSrc": "https://cdn0.woolworths.media/content/wowproductimages/medium/421467.jpg",
        "name": "Woolworths Cookie Ginger & Chocolate 5pk 290g",
        "price": 2.5,
        "unitPrice": "$0.50 / 1EA"
    },
    {
        "category": "specials",
        "href": "https://www.woolworths.com.au/shop/productdetails/720043/gravox-gravy-liquid-best-ever-chip-gravy",
        "imgName": "720043.jpg",
        "imgSrc": "https://cdn0.woolworths.media/content/wowproductimages/medium/720043.jpg",
        "name": "Gravox Gravy Liquid Best Ever Chip Gravy 165g",
        "price": 2,
        "unitPrice": "$1.21 / 100G"
    },
    {
        "category": "specials",
        "href": "https://www.woolworths.com.au/shop/productdetails/56962/olive-grove-lite-spread",
        "imgName": "056962.jpg",
        "imgSrc": "https://cdn0.woolworths.media/content/wowproductimages/medium/056962.jpg",
        "name": "Olive Grove Lite Spread 500g",
        "price": 3.5,
        "unitPrice": "$0.70 / 100G"
    },
    {
        "category": "specials",
        "href": "https://www.woolworths.com.au/shop/productdetails/421468/woolworths-cookie-granola",
        "imgName": "421468.jpg",
        "imgSrc": "https://cdn0.woolworths.media/content/wowproductimages/medium/421468.jpg",
        "name": "Woolworths Cookie Granola 5pk 290g",
        "price": 2.5,
        "unitPrice": "$0.50 / 1EA"
    },
    {
        "category": "specials",
        "href": "https://www.woolworths.com.au/shop/productdetails/503244/banana-boat-suncomfort-sunscreen-spf50",
        "imgName": "503244.jpg",
        "imgSrc": "https://cdn0.woolworths.media/content/wowproductimages/medium/503244.jpg",
        "name": "Banana Boat Suncomfort Sunscreen Spf50 175ml tube",
        "price": 17,
        "special": 13.6,
        "unitPrice": "$7.77 / 100ML"
    },
    {
        "category": "specials",
        "href": "https://www.woolworths.com.au/shop/productdetails/574619/bega-tasty-cheese-slices",
        "imgName": "574619.jpg",
        "imgSrc": "https://cdn0.woolworths.media/content/wowproductimages/medium/574619.jpg",
        "name": "Bega Tasty Cheese Slices  750g",
        "price": 11,
        "unitPrice": "$14.67 / 1KG"
    },
    {
        "category": "specials",
        "href": "https://www.woolworths.com.au/shop/productdetails/486437/sunsilk-conditioner-refreshing-hydration",
        "imgName": "486437.jpg",
        "imgSrc": "https://cdn0.woolworths.media/content/wowproductimages/medium/486437.jpg",
        "name": "Sunsilk Conditioner Refreshing Hydration 700ml",
        "price": 10,
        "special": 7,
        "unitPrice": "$1.00 / 100ML"
    },
    {
        "category": "specials",
        "href": "https://www.woolworths.com.au/shop/productdetails/826730/smith-s-share-pack-crinkle-cut-original",
        "imgName": "826730.jpg",
        "imgSrc": "https://cdn0.woolworths.media/content/wowproductimages/medium/826730.jpg",
        "name": "Smith's Share Pack Crinkle Cut Original 170g",
        "price": 3.29,
        "special": 2.5,
        "unitPrice": "$1.47 / 100G"
    },
    {
        "category": "specials",
        "href": "https://www.woolworths.com.au/shop/productdetails/544695/mayfair-shortcut-bacon",
        "imgName": "544695.jpg",
        "imgSrc": "https://cdn0.woolworths.media/content/wowproductimages/medium/544695.jpg",
        "name": "Mayfair Shortcut Bacon 1kg",
        "price": 9,
        "unitPrice": "$9.00 / 1KG"
    },
    {
        "category": "specials",
        "href": "https://www.woolworths.com.au/shop/productdetails/465120/always-fresh-kalamata-olives-wedges",
        "imgName": "465120.jpg",
        "imgSrc": "https://cdn0.woolworths.media/content/wowproductimages/medium/465120.jpg",
        "name": "Always Fresh Kalamata Olives Wedges 220g",
        "price": 5,
        "special": 4.5,
        "unitPrice": "$20.45 / 1KG"
    },
    {
        "category": "specials",
        "href": "https://www.woolworths.com.au/shop/productdetails/24489/jim-beam-white-label-bourbon-cola-cans",
        "imgName": "024489.jpg",
        "imgSrc": "https://cdn0.woolworths.media/content/wowproductimages/medium/024489.jpg",
        "name": "Jim Beam White Label Bourbon & Cola Cans 24x375ml",
        "price": 88,
        "special": 85
    },
    {
        "category": "specials",
        "href": "https://www.woolworths.com.au/shop/productdetails/39442/san-remo-spirals-pasta-no-16",
        "imgName": "039442.jpg",
        "imgSrc": "https://cdn0.woolworths.media/content/wowproductimages/medium/039442.jpg",
        "name": "San Remo Spirals Pasta No 16 500g",
        "price": 1.95,
        "unitPrice": "$0.39 / 100G"
    },
    {
        "category": "specials",
        "href": "https://www.woolworths.com.au/shop/productdetails/578394/fantastic-chilli-salt-pepper-rice-mini",
        "imgName": "578394.jpg",
        "imgSrc": "https://cdn0.woolworths.media/content/wowproductimages/medium/578394.jpg",
        "name": "Fantastic Chilli Salt & Pepper Rice Mini 80g",
        "price": 2.5,
        "special": 1.5,
        "unitPrice": "$1.88 / 100G"
    },
    {
        "category": "specials",
        "href": "https://www.woolworths.com.au/shop/productdetails/114632/red-bull-energy-drink",
        "imgName": "114632.jpg",
        "imgSrc": "https://cdn0.woolworths.media/content/wowproductimages/medium/114632.jpg",
        "name": "Red Bull Energy Drink  250ml",
        "price": 3,
        "unitPrice": "$12.00 / 1L"
    },
    {
        "category": "specials",
        "href": "https://www.woolworths.com.au/shop/productdetails/696343/woolworths-canned-soup-homestyle-chicken-sweet-corn",
        "imgName": "696343.jpg",
        "imgSrc": "https://cdn0.woolworths.media/content/wowproductimages/medium/696343.jpg",
        "name": "Woolworths Canned Soup Homestyle Chicken & Sweet Corn 505g",
        "price": 2,
        "unitPrice": "$0.40 / 100G"
    },
    {
        "category": "specials",
        "href": "https://www.woolworths.com.au/shop/productdetails/772047/jim-beam-bourbon-whiskey-zero-sugar-cola",
        "imgName": "772047.jpg",
        "imgSrc": "https://cdn0.woolworths.media/content/wowproductimages/medium/772047.jpg",
        "name": "Jim Beam Bourbon Whiskey Zero Sugar Cola 10x375ml pack",
        "price": 44,
        "special": 37
    },
    {
        "category": "specials",
        "href": "https://www.woolworths.com.au/shop/productdetails/44025/san-remo-macaroni-pasta-no-38",
        "imgName": "044025.jpg",
        "imgSrc": "https://cdn0.woolworths.media/content/wowproductimages/medium/044025.jpg",
        "name": "San Remo Macaroni Pasta No 38 500g",
        "price": 1.95,
        "unitPrice": "$0.39 / 100G"
    },
    {
        "category": "specials",
        "href": "https://www.woolworths.com.au/shop/productdetails/541414/truvee-pinot-gris",
        "imgName": "541414.jpg",
        "imgSrc": "https://cdn0.woolworths.media/content/wowproductimages/medium/541414.jpg",
        "name": "Truvee Pinot Gris  750ml",
        "price": 20,
        "special": 16
    },
    {
        "category": "specials",
        "href": "https://www.woolworths.com.au/shop/productdetails/34435/masterfoods-seafood-sauce-cocktail",
        "imgName": "034435.jpg",
        "imgSrc": "https://cdn0.woolworths.media/content/wowproductimages/medium/034435.jpg",
        "name": "Masterfoods Seafood Sauce Cocktail 260g",
        "price": 2.4,
        "special": 2,
        "unitPrice": "$0.77 / 100G"
    },
    {
        "category": "specials",
        "href": "https://www.woolworths.com.au/shop/productdetails/598237/majans-bhuja-snacks-original-mix",
        "imgName": "598237.jpg",
        "imgSrc": "https://cdn0.woolworths.media/content/wowproductimages/medium/598237.jpg",
        "name": "Majans Bhuja Snacks Original Mix  5pk 125g",
        "price": 3.29,
        "unitPrice": "$2.63 / 100G"
    },
    {
        "category": "specials",
        "href": "https://www.woolworths.com.au/shop/productdetails/897421/mckenzie-s-lentil-flour",
        "imgName": "897421.jpg",
        "imgSrc": "https://cdn0.woolworths.media/content/wowproductimages/medium/897421.jpg",
        "name": "Mckenzie's Lentil Flour  330g",
        "price": 3.6,
        "special": 3,
        "unitPrice": "$9.09 / 1KG"
    },
    {
        "category": "specials",
        "href": "https://www.woolworths.com.au/shop/productdetails/39951/crisco-sunflower-oil",
        "imgName": "039951.jpg",
        "imgSrc": "https://cdn0.woolworths.media/content/wowproductimages/medium/039951.jpg",
        "name": "Crisco Sunflower Oil 2l",
        "price": 10,
        "unitPrice": "$0.50 / 100ML"
    },
    {
        "category": "specials",
        "href": "https://www.woolworths.com.au/shop/productdetails/759572/toni-guy-conditioner-for-normal-hair",
        "imgName": "759572.jpg",
        "imgSrc": "https://cdn0.woolworths.media/content/wowproductimages/medium/759572.jpg",
        "name": "Toni & Guy Conditioner For Normal Hair 250ml",
        "price": 16,
        "unitPrice": "$6.40 / 100ML"
    },
    {
        "category": "specials",
        "href": "https://www.woolworths.com.au/shop/productdetails/435099/woolworths-country-loaf-mixed-grain",
        "imgName": "435099.jpg",
        "imgSrc": "https://cdn0.woolworths.media/content/wowproductimages/medium/435099.jpg",
        "name": "Woolworths Country Loaf Mixed Grain 850g",
        "price": 2.5,
        "unitPrice": "$0.29 / 100G"
    },
    {
        "category": "specials",
        "href": "https://www.woolworths.com.au/shop/productdetails/583781/aeroplane-glitter-jelly-lime",
        "imgName": "583781.jpg",
        "imgSrc": "https://cdn0.woolworths.media/content/wowproductimages/medium/583781.jpg",
        "name": "Aeroplane Glitter Jelly Lime  85g",
        "price": 1.5,
        "unitPrice": "$1.76 / 100G"
    },
    {
        "category": "specials",
        "href": "https://www.woolworths.com.au/shop/productdetails/336040/glen-moray-scotch-whisky-12-years-old",
        "imgName": "336040.jpg",
        "imgSrc": "https://cdn0.woolworths.media/content/wowproductimages/medium/336040.jpg",
        "name": "Glen Moray Scotch Whisky 12 Years Old 700ml",
        "price": 56,
        "special": 55
    },
    {
        "category": "specials",
        "href": "https://www.woolworths.com.au/shop/productdetails/979203/mishka-vodka-luscious-berry-bottle",
        "imgName": "979203.jpg",
        "imgSrc": "https://cdn0.woolworths.media/content/wowproductimages/medium/979203.jpg",
        "name": "Mishka Vodka Luscious Berry Bottle 4x275",
        "price": 14,
        "special": 12
    },
    {
        "category": "specials",
        "href": "https://www.woolworths.com.au/shop/productdetails/94375/leggo-s-pesto-traditional-basil",
        "imgName": "094375.jpg",
        "imgSrc": "https://cdn0.woolworths.media/content/wowproductimages/medium/094375.jpg",
        "name": "Leggo's Pesto Traditional Basil 190g",
        "price": 4.59,
        "special": 4,
        "unitPrice": "$2.11 / 100G"
    },
    {
        "category": "specials",
        "href": "https://www.woolworths.com.au/shop/productdetails/853880/essentials-plastic-icecream-scoop",
        "imgName": "853880.jpg",
        "imgSrc": "https://cdn0.woolworths.media/content/wowproductimages/medium/853880.jpg",
        "name": "Essentials Plastic Icecream Scoop  each",
        "price": 2
    },
    {
        "category": "specials",
        "href": "https://www.woolworths.com.au/shop/productdetails/224737/woolworths-english-muffins",
        "imgName": "224737.jpg",
        "imgSrc": "https://cdn0.woolworths.media/content/wowproductimages/medium/224737.jpg",
        "name": "Woolworths English Muffins  6pk",
        "price": 2,
        "unitPrice": "$0.33 / 1EA"
    },
    {
        "category": "specials",
        "href": "https://www.woolworths.com.au/shop/productdetails/452061/leggo-s-pasta-bake-sundried-tomato-garlic",
        "imgName": "452061.jpg",
        "imgSrc": "https://cdn0.woolworths.media/content/wowproductimages/medium/452061.jpg",
        "name": "Leggo's Pasta Bake Sundried Tomato Garlic 500g",
        "price": 3,
        "unitPrice": "$0.60 / 100G"
    },
    {
        "category": "specials",
        "href": "https://www.woolworths.com.au/shop/productdetails/247191/moxie-tampons-super",
        "imgName": "247191.jpg",
        "imgSrc": "https://cdn0.woolworths.media/content/wowproductimages/medium/247191.jpg",
        "name": "Moxie Tampons Super 16pk",
        "price": 4.5,
        "unitPrice": "$0.28 / 1EA"
    },
    {
        "category": "specials",
        "href": "https://www.woolworths.com.au/shop/productdetails/726251/toni-guy-damage-repair-conditioner-for-damaged-hair",
        "imgName": "726251.jpg",
        "imgSrc": "https://cdn0.woolworths.media/content/wowproductimages/medium/726251.jpg",
        "name": "Toni & Guy Damage Repair Conditioner For Damaged Hair 250ml",
        "price": 16,
        "unitPrice": "$6.40 / 100ML"
    },
    {
        "category": "specials",
        "href": "https://www.woolworths.com.au/shop/productdetails/25528/ocean-spray-fruit-sauce-cranberry-whole-berry",
        "imgName": "025528.jpg",
        "imgSrc": "https://cdn0.woolworths.media/content/wowproductimages/medium/025528.jpg",
        "name": "Ocean Spray Fruit Sauce Cranberry Whole Berry 275g",
        "price": 3.6,
        "special": 2.8,
        "unitPrice": "$1.02 / 100G"
    },
    {
        "category": "specials",
        "href": "https://www.woolworths.com.au/shop/productdetails/661130/kellogg-s-nutri-grain-to-go-original-nut",
        "imgName": "661130.jpg",
        "imgSrc": "https://cdn0.woolworths.media/content/wowproductimages/medium/661130.jpg",
        "name": "Kellogg's Nutri Grain To Go Original & Nut 60g",
        "price": 2.5,
        "special": 2,
        "unitPrice": "$3.33 / 100G"
    },
    {
        "category": "specials",
        "href": "https://www.woolworths.com.au/shop/productdetails/226415/philips-cfl-tornado-warm-white-globe-20w-es-base",
        "imgName": "226415.jpg",
        "imgSrc": "https://cdn0.woolworths.media/content/wowproductimages/medium/226415.jpg",
        "name": "Philips Cfl Tornado Warm White Globe 20w Es Base each",
        "price": 6.5,
        "special": 5.2
    },
    {
        "category": "specials",
        "href": "https://www.woolworths.com.au/shop/productdetails/258672/masterfoods-tomato-sauce-tomato",
        "imgName": "258672.jpg",
        "imgSrc": "https://cdn0.woolworths.media/content/wowproductimages/medium/258672.jpg",
        "name": "Masterfoods Tomato Sauce Tomato 920ml",
        "price": 4,
        "unitPrice": "$0.43 / 100ML"
    },
    {
        "category": "specials",
        "href": "https://www.woolworths.com.au/shop/productdetails/749588/the-one-tip-top-sandwich-bread-wholemeal",
        "imgName": "749588.jpg",
        "imgSrc": "https://cdn0.woolworths.media/content/wowproductimages/medium/749588.jpg",
        "name": "The One Tip Top Sandwich Bread Wholemeal 700g",
        "price": 3,
        "unitPrice": "$0.43 / 100G"
    },
    {
        "category": "specials",
        "href": "https://www.woolworths.com.au/shop/productdetails/33564/cottee-s-conserve-raspberry",
        "imgName": "033564.jpg",
        "imgSrc": "https://cdn0.woolworths.media/content/wowproductimages/medium/033564.jpg",
        "name": "Cottee's Conserve Raspberry 500g",
        "price": 2.5,
        "unitPrice": "$0.50 / 100G"
    },
    {
        "category": "specials",
        "href": "https://www.woolworths.com.au/shop/productdetails/274307/praise-dressings-coleslaw",
        "imgName": "274307.jpg",
        "imgSrc": "https://cdn0.woolworths.media/content/wowproductimages/medium/274307.jpg",
        "name": "Praise Dressings Coleslaw 330ml",
        "price": 3,
        "special": 1.75,
        "unitPrice": "$0.53 / 100ML"
    },
    {
        "category": "specials",
        "href": "https://www.woolworths.com.au/shop/productdetails/325104/matilda-bay-fat-yak-pale-ale-bottles",
        "imgName": "325104.jpg",
        "imgSrc": "https://cdn0.woolworths.media/content/wowproductimages/medium/325104.jpg",
        "name": "Matilda Bay Fat Yak Pale Ale Bottles 24x345ml case",
        "price": 62,
        "special": 53
    },
    {
        "category": "specials",
        "href": "https://www.woolworths.com.au/shop/productdetails/364708/gage-roads-atomic-pale-ale-bottles",
        "imgName": "364708.jpg",
        "imgSrc": "https://cdn0.woolworths.media/content/wowproductimages/medium/364708.jpg",
        "name": "Gage Roads Atomic Pale Ale Bottles 24x330ml case",
        "price": 62,
        "special": 56
    },
    {
        "category": "specials",
        "href": "https://www.woolworths.com.au/shop/productdetails/531518/woolworths-chicken-blasts",
        "imgName": "531518.jpg",
        "imgSrc": "https://cdn0.woolworths.media/content/wowproductimages/medium/531518.jpg",
        "name": "Woolworths Chicken Blasts  200g",
        "price": 1.4,
        "unitPrice": "$0.70 / 100G"
    },
    {
        "category": "specials",
        "href": "https://www.woolworths.com.au/shop/productdetails/984300/rekorderlig-passionfruit",
        "imgName": "984300.jpg",
        "imgSrc": "https://cdn0.woolworths.media/content/wowproductimages/medium/984300.jpg",
        "name": "Rekorderlig Passionfruit  4x330ml",
        "price": 20,
        "special": 18
    },
    {
        "category": "specials",
        "href": "https://www.woolworths.com.au/shop/productdetails/653207/5-seeds-apple-cider-crisp-cans",
        "imgName": "653207.jpg",
        "imgSrc": "https://cdn0.woolworths.media/content/wowproductimages/medium/653207.jpg",
        "name": "5 Seeds Apple Cider Crisp Cans 10x330ml pack",
        "price": 22,
        "special": 20
    },
    {
        "category": "specials",
        "href": "https://www.woolworths.com.au/shop/productdetails/174162/tate-lyles-golden-syrup",
        "imgName": "174162.jpg",
        "imgSrc": "https://cdn0.woolworths.media/content/wowproductimages/medium/174162.jpg",
        "name": "Tate & Lyles Golden Syrup  454g",
        "price": 5.15,
        "special": 4.49,
        "unitPrice": "$0.99 / 100G"
    },
    {
        "category": "specials",
        "href": "https://www.woolworths.com.au/shop/productdetails/769558/bega-tasty-cheese-slices",
        "imgName": "769558.jpg",
        "imgSrc": "https://cdn0.woolworths.media/content/wowproductimages/medium/769558.jpg",
        "name": "Bega Tasty Cheese Slices 500g",
        "price": 8.5,
        "unitPrice": "$17.00 / 1KG"
    },
    {
        "category": "specials",
        "href": "https://www.woolworths.com.au/shop/productdetails/533563/arnott-s-entertainers-crackers-rosemary-sea-salt",
        "imgName": "533563.jpg",
        "imgSrc": "https://cdn0.woolworths.media/content/wowproductimages/medium/533563.jpg",
        "name": "Arnott's Entertainers Crackers Rosemary & Sea Salt 150g",
        "price": 3.8,
        "special": 3,
        "unitPrice": "$2.00 / 100G"
    },
    {
        "category": "specials",
        "href": "https://www.woolworths.com.au/shop/productdetails/430595/pedigree-dentaflex-small",
        "imgName": "430595.jpg",
        "imgSrc": "https://cdn0.woolworths.media/content/wowproductimages/medium/430595.jpg",
        "name": "Pedigree Dentaflex Small 40g",
        "price": 3.59,
        "special": 2.55,
        "unitPrice": "$6.38 / 100G"
    },
    {
        "category": "specials",
        "href": "https://www.woolworths.com.au/shop/productdetails/79427/betty-crocker-vanilla-frosting",
        "imgName": "079427.jpg",
        "imgSrc": "https://cdn0.woolworths.media/content/wowproductimages/medium/079427.jpg",
        "name": "Betty Crocker Vanilla Frosting 453g",
        "price": 4,
        "unitPrice": "$0.88 / 100G"
    },
    {
        "category": "specials",
        "href": "https://www.woolworths.com.au/shop/productdetails/17357/crown-lager-stubbies",
        "imgName": "017357.jpg",
        "imgSrc": "https://cdn0.woolworths.media/content/wowproductimages/medium/017357.jpg",
        "name": "Crown Lager Stubbies 6x375ml pack",
        "price": 22.6,
        "special": 20
    },
    {
        "category": "specials",
        "href": "https://www.woolworths.com.au/shop/productdetails/84128/helga-s-bread-traditional-white",
        "imgName": "084128.jpg",
        "imgSrc": "https://cdn0.woolworths.media/content/wowproductimages/medium/084128.jpg",
        "name": "Helga's Bread Traditional White 750g",
        "price": 3.5,
        "unitPrice": "$0.47 / 100G"
    },
    {
        "category": "specials",
        "href": "https://www.woolworths.com.au/shop/productdetails/987800/orchard-thieves-apple-cider-bottles",
        "imgName": "987800.jpg",
        "imgSrc": "https://cdn0.woolworths.media/content/wowproductimages/medium/987800.jpg",
        "name": "Orchard Thieves Apple Cider Bottles 6x330ml case",
        "price": 20,
        "special": 15
    },
    {
        "category": "specials",
        "href": "https://www.woolworths.com.au/shop/productdetails/258426/johnsons-sensitive-wipes-dry-skin",
        "imgName": "258426.jpg",
        "imgSrc": "https://cdn0.woolworths.media/content/wowproductimages/medium/258426.jpg",
        "name": "Johnsons Sensitive Wipes Dry Skin 25pk",
        "price": 6,
        "unitPrice": "$0.24 / 1EA"
    },
    {
        "category": "specials",
        "href": "https://www.woolworths.com.au/shop/productdetails/757539/gravox-gravy-liquid-best-ever-bangers-mash",
        "imgName": "757539.jpg",
        "imgSrc": "https://cdn0.woolworths.media/content/wowproductimages/medium/757539.jpg",
        "name": "Gravox Gravy Liquid Best Ever Bangers & Mash 165g",
        "price": 2,
        "unitPrice": "$1.21 / 100G"
    },
    {
        "category": "specials",
        "href": "https://www.woolworths.com.au/shop/productdetails/522726/tefal-intuition-frypan-stainless-steel",
        "imgName": "522726.jpg",
        "imgSrc": "https://cdn0.woolworths.media/content/wowproductimages/medium/522726.jpg",
        "name": "Tefal Intuition Frypan Stainless Steel 24cm each",
        "price": 39.95,
        "special": 29.95
    },
    {
        "category": "specials",
        "href": "https://www.woolworths.com.au/shop/productdetails/801782/golden-circle-cordial-strawberry-lemonade",
        "imgName": "801782.jpg",
        "imgSrc": "https://cdn0.woolworths.media/content/wowproductimages/medium/801782.jpg",
        "name": "Golden Circle Cordial Strawberry Lemonade 2l",
        "price": 3,
        "unitPrice": "$1.50 / 1L"
    },
    {
        "category": "specials",
        "href": "https://www.woolworths.com.au/shop/productdetails/33350/libra-tampons-super",
        "imgName": "033350.jpg",
        "imgSrc": "https://cdn0.woolworths.media/content/wowproductimages/medium/033350.jpg",
        "name": "Libra Tampons Super 32pk",
        "price": 7.5,
        "unitPrice": "$0.23 / 1EA"
    },
    {
        "category": "specials",
        "href": "https://www.woolworths.com.au/shop/productdetails/979701/dos-equis-lager-especial",
        "imgName": "979701.jpg",
        "imgSrc": "https://cdn0.woolworths.media/content/wowproductimages/medium/979701.jpg",
        "name": "Dos Equis Lager Especial  6x355ml bottles",
        "price": 20.8,
        "special": 18
    },
    {
        "category": "specials",
        "href": "https://www.woolworths.com.au/shop/productdetails/916424/jack-daniels-tennessee-whiskey-cola-cans",
        "imgName": "916424.jpg",
        "imgSrc": "https://cdn0.woolworths.media/content/wowproductimages/medium/916424.jpg",
        "name": "Jack Daniels Tennessee Whiskey & Cola Cans 10x375ml",
        "price": 47,
        "special": 45
    },
    {
        "category": "specials",
        "href": "https://www.woolworths.com.au/shop/productdetails/788462/mckenzie-s-coconut-flour",
        "imgName": "788462.jpg",
        "imgSrc": "https://cdn0.woolworths.media/content/wowproductimages/medium/788462.jpg",
        "name": "Mckenzie's Coconut Flour  330g",
        "price": 3.6,
        "special": 3,
        "unitPrice": "$9.09 / 1KG"
    },
    {
        "category": "specials",
        "href": "https://www.woolworths.com.au/shop/productdetails/876765/palmolive-limited-edition-divine-blends-dishwashing-liquid",
        "imgName": "876765.jpg",
        "imgSrc": "https://cdn0.woolworths.media/content/wowproductimages/medium/876765.jpg",
        "name": "Palmolive Limited Edition Divine Blends Dishwashing Liquid 375ml",
        "price": 3,
        "unitPrice": "$0.80 / 100ML"
    },
    {
        "category": "specials",
        "href": "https://www.woolworths.com.au/shop/productdetails/841326/surf-front-top-loader-laundry-liquid-detergent-lavender",
        "imgName": "841326.jpg",
        "imgSrc": "https://cdn0.woolworths.media/content/wowproductimages/medium/841326.jpg",
        "name": "Surf Front & Top Loader Laundry Liquid Detergent Lavender 1l",
        "price": 4.99,
        "unitPrice": "$4.99 / 1L"
    },
    {
        "category": "specials",
        "href": "https://www.woolworths.com.au/shop/productdetails/603722/tip-top-sandwich-thins-lightly-seeded",
        "imgName": "603722.jpg",
        "imgSrc": "https://cdn0.woolworths.media/content/wowproductimages/medium/603722.jpg",
        "name": "Tip Top Sandwich Thins Lightly Seeded 6pk",
        "price": 3.5,
        "special": 3,
        "unitPrice": "$1.25 / 100G"
    },
    {
        "category": "specials",
        "href": "https://www.woolworths.com.au/shop/productdetails/659252/sargents-premium-chunky-beef-smoky-bbq-pies",
        "imgName": "659252.jpg",
        "imgSrc": "https://cdn0.woolworths.media/content/wowproductimages/medium/659252.jpg",
        "name": "Sargents Premium Chunky Beef Smoky Bbq Pies 4pk 700g",
        "price": 8.5,
        "special": 7,
        "unitPrice": "$1.00 / 100G"
    },
    {
        "category": "specials",
        "href": "https://www.woolworths.com.au/shop/productdetails/779749/eddystone-point-pinot-gris",
        "imgName": "779749.jpg",
        "imgSrc": "https://cdn0.woolworths.media/content/wowproductimages/medium/779749.jpg",
        "name": "Eddystone Point Pinot Gris  750ml",
        "price": 30,
        "special": 26
    },
    {
        "category": "specials",
        "href": "https://www.woolworths.com.au/shop/productdetails/491026/lindt-cooking-chocolate-milk",
        "imgName": "491026.jpg",
        "imgSrc": "https://cdn0.woolworths.media/content/wowproductimages/medium/491026.jpg",
        "name": "Lindt Cooking Chocolate Milk 180g",
        "price": 6,
        "special": 4,
        "unitPrice": "$2.22 / 100G"
    },
    {
        "category": "specials",
        "href": "https://www.woolworths.com.au/shop/productdetails/828604/valcom-rice-paper",
        "imgName": "828604.jpg",
        "imgSrc": "https://cdn0.woolworths.media/content/wowproductimages/medium/828604.jpg",
        "name": "Valcom Rice Paper  250g",
        "price": 2.2,
        "special": 1.95,
        "unitPrice": "$0.78 / 100G"
    },
    {
        "category": "specials",
        "href": "https://www.woolworths.com.au/shop/productdetails/779748/eddystone-point-pinot-noir",
        "imgName": "779748.jpg",
        "imgSrc": "https://cdn0.woolworths.media/content/wowproductimages/medium/779748.jpg",
        "name": "Eddystone Point Pinot Noir  750ml bottle",
        "price": 31,
        "special": 26
    },
    {
        "category": "specials",
        "href": "https://www.woolworths.com.au/shop/productdetails/657608/monteith-s-american-pale-ale-bottles",
        "imgName": "657608.jpg",
        "imgSrc": "https://cdn0.woolworths.media/content/wowproductimages/medium/657608.jpg",
        "name": "Monteith's American Pale Ale Bottles 24x330ml case",
        "price": 65,
        "special": 50
    },
    {
        "category": "specials",
        "href": "https://www.woolworths.com.au/shop/productdetails/907461/smirnoff-ice-double-black-vodka-cans",
        "imgName": "907461.jpg",
        "imgSrc": "https://cdn0.woolworths.media/content/wowproductimages/medium/907461.jpg",
        "name": "Smirnoff Ice Double Black Vodka Cans 10x375ml",
        "price": 49,
        "special": 47
    },
    {
        "category": "specials",
        "href": "https://www.woolworths.com.au/shop/productdetails/901690/singha-premium-lager-beer-bottles",
        "imgName": "901690.jpg",
        "imgSrc": "https://cdn0.woolworths.media/content/wowproductimages/medium/901690.jpg",
        "name": "Singha Premium Lager Beer Bottles 6x330ml pack",
        "price": 18.8,
        "special": 16
    },
    {
        "category": "specials",
        "href": "https://www.woolworths.com.au/shop/productdetails/986700/mist-wood-gin-grapefruit-lime",
        "imgName": "986700.jpg",
        "imgSrc": "https://cdn0.woolworths.media/content/wowproductimages/medium/986700.jpg",
        "name": "Mist Wood Gin Grapefruit & Lime  4x320ml",
        "price": 23,
        "special": 22
    },
    {
        "category": "specials",
        "href": "https://www.woolworths.com.au/shop/productdetails/581283/woolworths-potato-bake-chilled-meal",
        "imgName": "581283.jpg",
        "imgSrc": "https://cdn0.woolworths.media/content/wowproductimages/medium/581283.jpg",
        "name": "Woolworths Potato Bake Chilled Meal 650g",
        "price": 10,
        "special": 9,
        "unitPrice": "$1.38 / 100G"
    },
    {
        "category": "specials",
        "href": "https://www.woolworths.com.au/shop/productdetails/9817/revlon-colour-silk-hair-colour-10-black",
        "imgName": "009817.jpg",
        "imgSrc": "https://cdn0.woolworths.media/content/wowproductimages/medium/009817.jpg",
        "name": "Revlon Colour Silk Hair Colour 10 Black each",
        "price": 9,
        "special": 7
    },
    {
        "category": "specials",
        "href": "https://www.woolworths.com.au/shop/productdetails/551748/rokeby-farms-swedish-style-quark-natural-yoghurt",
        "imgName": "551748.jpg",
        "imgSrc": "https://cdn0.woolworths.media/content/wowproductimages/medium/551748.jpg",
        "name": "Rokeby Farms Swedish Style Quark Natural Yoghurt 170g",
        "price": 2.8,
        "special": 1.8,
        "unitPrice": "$1.06 / 100G"
    },
    {
        "category": "specials",
        "href": "https://www.woolworths.com.au/shop/productdetails/438577/aveeno-daily-moisture-lotion",
        "imgName": "438577.jpg",
        "imgSrc": "https://cdn0.woolworths.media/content/wowproductimages/medium/438577.jpg",
        "name": "Aveeno Daily Moisture Lotion  350ml",
        "price": 12.99,
        "special": 10.35,
        "unitPrice": "$2.96 / 100ML"
    },
    {
        "category": "specials",
        "href": "https://www.woolworths.com.au/shop/productdetails/604078/christmas-cards-assorted",
        "imgName": "604078.jpg",
        "imgSrc": "https://cdn0.woolworths.media/content/wowproductimages/medium/604078.jpg",
        "name": "Christmas Cards Assorted  30 pack",
        "price": 3,
        "special": 2.1,
        "unitPrice": "$2.10 / 1EA"
    },
    {
        "category": "specials",
        "href": "https://www.woolworths.com.au/shop/productdetails/575012/voeu-naturals-facial-cream-cleanser",
        "imgName": "575012.jpg",
        "imgSrc": "https://cdn0.woolworths.media/content/wowproductimages/medium/575012.jpg",
        "name": "Voeu Naturals Facial Cream Cleanser 150ml",
        "price": 8,
        "special": 6,
        "unitPrice": "$4.00 / 100ML"
    },
    {
        "category": "specials",
        "href": "https://www.woolworths.com.au/shop/productdetails/544692/annabel-karmel-6-veggie-ravioli",
        "imgName": "544692.jpg",
        "imgSrc": "https://cdn0.woolworths.media/content/wowproductimages/medium/544692.jpg",
        "name": "Annabel Karmel 6 Veggie Ravioli 200g",
        "price": 4,
        "special": 3,
        "unitPrice": "$1.50 / 100G"
    },
    {
        "category": "specials",
        "href": "https://www.woolworths.com.au/shop/productdetails/790297/gippsland-toffee-honeycomb-yoghurt",
        "imgName": "790297.jpg",
        "imgSrc": "https://cdn0.woolworths.media/content/wowproductimages/medium/790297.jpg",
        "name": "Gippsland Toffee Honeycomb Yoghurt 720g",
        "price": 7,
        "special": 5,
        "unitPrice": "$0.69 / 100G"
    },
    {
        "category": "specials",
        "href": "https://www.woolworths.com.au/shop/productdetails/605610/christmas-woodland-wrapping-paper",
        "imgName": "605610.jpg",
        "imgSrc": "https://cdn0.woolworths.media/content/wowproductimages/medium/605610.jpg",
        "name": "Christmas Woodland Wrapping Paper 5m",
        "price": 3,
        "special": 2.4,
        "unitPrice": "$2.40 / 1EA"
    },
    {
        "category": "specials",
        "href": "https://www.woolworths.com.au/shop/productdetails/553062/sabco-stainless-steel-toilet-set",
        "imgName": "553062.jpg",
        "imgSrc": "https://cdn0.woolworths.media/content/wowproductimages/medium/553062.jpg",
        "name": "Sabco Stainless Steel Toilet Set ea",
        "price": 12.99,
        "special": 10.39
    },
    {
        "category": "specials",
        "href": "https://www.woolworths.com.au/shop/productdetails/657239/nature-s-gift-loaf-style-chicken-duck-wet-dog-food",
        "imgName": "657239.jpg",
        "imgSrc": "https://cdn0.woolworths.media/content/wowproductimages/medium/657239.jpg",
        "name": "Nature's Gift Loaf Style Chicken & Duck Wet Dog Food 100g",
        "price": 1,
        "special": 0.75,
        "unitPrice": "$0.75 / 100G"
    },
    {
        "category": "specials",
        "href": "https://www.woolworths.com.au/shop/productdetails/604041/christmas-ribbon-bow-pillow-pack",
        "imgName": "604041.jpg",
        "imgSrc": "https://cdn0.woolworths.media/content/wowproductimages/medium/604041.jpg",
        "name": "Christmas Ribbon Bow Pillow Pack 20pk",
        "price": 3,
        "special": 2.4,
        "unitPrice": "$2.40 / 1EA"
    },
    {
        "category": "specials",
        "href": "https://www.woolworths.com.au/shop/productdetails/661047/aunt-betty-s-whipped-cream-chocolate-heaven",
        "imgName": "661047.jpg",
        "imgSrc": "https://cdn0.woolworths.media/content/wowproductimages/medium/661047.jpg",
        "name": "Aunt Betty's Whipped Cream Chocolate Heaven 250ml",
        "price": 4,
        "special": 3,
        "unitPrice": "$1.20 / 100ML"
    },
    {
        "category": "specials",
        "href": "https://www.woolworths.com.au/shop/productdetails/517602/picasso-fresh-pizza-chicken-bacon",
        "imgName": "517602.jpg",
        "imgSrc": "https://cdn0.woolworths.media/content/wowproductimages/medium/517602.jpg",
        "name": "Picasso Fresh Pizza Chicken & Bacon 460g",
        "price": 4.5,
        "unitPrice": "$0.98 / 100G"
    },
    {
        "category": "specials",
        "href": "https://www.woolworths.com.au/shop/productdetails/604076/christmas-disney-wrapping-paper",
        "imgName": "604076.jpg",
        "imgSrc": "https://cdn0.woolworths.media/content/wowproductimages/medium/604076.jpg",
        "name": "Christmas Disney Wrapping Paper 3m",
        "price": 3,
        "special": 2.4,
        "unitPrice": "$2.40 / 1EA"
    },
    {
        "category": "specials",
        "href": "https://www.woolworths.com.au/shop/productdetails/234923/alfa-one-rice-bran-oil",
        "imgName": "234923.jpg",
        "imgSrc": "https://cdn0.woolworths.media/content/wowproductimages/medium/234923.jpg",
        "name": "Alfa One Rice Bran Oil 4l",
        "price": 12,
        "unitPrice": "$0.30 / 100ML"
    },
    {
        "category": "specials",
        "href": "https://www.woolworths.com.au/shop/productdetails/640243/enjoy-life-dark-chocolate-crunchy-cookies",
        "imgName": "640243.jpg",
        "imgSrc": "https://cdn0.woolworths.media/content/wowproductimages/medium/640243.jpg",
        "name": "Enjoy Life Dark Chocolate Crunchy Cookies 182g",
        "price": 6.5,
        "special": 5,
        "unitPrice": "$2.75 / 100G"
    },
    {
        "category": "specials",
        "href": "https://www.woolworths.com.au/shop/productdetails/593818/woolworths-festive-pretzels",
        "imgName": "593818.jpg",
        "imgSrc": "https://cdn0.woolworths.media/content/wowproductimages/medium/593818.jpg",
        "name": "Woolworths Festive Pretzels 250g",
        "price": 3,
        "special": 2,
        "unitPrice": "$0.80 / 100G"
    },
    {
        "category": "specials",
        "href": "https://www.woolworths.com.au/shop/productdetails/294465/gloria-jeans-ground-coffee-hazelnut",
        "imgName": "294465.jpg",
        "imgSrc": "https://cdn0.woolworths.media/content/wowproductimages/medium/294465.jpg",
        "name": "Gloria Jeans Ground Coffee Hazelnut 200g",
        "price": 8.8,
        "special": 7.5,
        "unitPrice": "$3.75 / 100G"
    },
    {
        "category": "specials",
        "href": "https://www.woolworths.com.au/shop/productdetails/791424/d-agostino-pizza-pepperoni",
        "imgName": "791424.jpg",
        "imgSrc": "https://cdn0.woolworths.media/content/wowproductimages/medium/791424.jpg",
        "name": "D'agostino Pizza Pepperoni 420g",
        "price": 3.5,
        "unitPrice": "$0.83 / 100G"
    },
    {
        "category": "specials",
        "href": "https://www.woolworths.com.au/shop/productdetails/517601/picasso-fresh-pizza-pepperoni",
        "imgName": "517601.jpg",
        "imgSrc": "https://cdn0.woolworths.media/content/wowproductimages/medium/517601.jpg",
        "name": "Picasso Fresh Pizza Pepperoni 390g",
        "price": 4.5,
        "unitPrice": "$1.15 / 100G"
    },
    {
        "category": "specials",
        "href": "https://www.woolworths.com.au/shop/productdetails/603940/christmas-woodland-tree-top-star-silver",
        "imgName": "603940.jpg",
        "imgSrc": "https://cdn0.woolworths.media/content/wowproductimages/medium/603940.jpg",
        "name": "Christmas Woodland Tree Top Star Silver each",
        "price": 4,
        "special": 2.8,
        "unitPrice": "$2.80 / 1EA"
    },
    {
        "category": "specials",
        "href": "https://www.woolworths.com.au/shop/productdetails/652122/natvia-natural-sweetener-organic-stevia",
        "imgName": "652122.jpg",
        "imgSrc": "https://cdn0.woolworths.media/content/wowproductimages/medium/652122.jpg",
        "name": "Natvia Natural Sweetener Organic Stevia 600g",
        "price": 14.75,
        "special": 13,
        "unitPrice": "$2.17 / 100G"
    },
    {
        "category": "specials",
        "href": "https://www.woolworths.com.au/shop/productdetails/659436/jalna-yoghurt-lactose-free-whole-milk-natural",
        "imgName": "659436.jpg",
        "imgSrc": "https://cdn0.woolworths.media/content/wowproductimages/medium/659436.jpg",
        "name": "Jalna Yoghurt Lactose Free Whole Milk Natural 1kg",
        "price": 7.5,
        "special": 5.5,
        "unitPrice": "$0.55 / 100G"
    },
    {
        "category": "specials",
        "href": "https://www.woolworths.com.au/shop/productdetails/664981/tassal-tasmanian-fresh-salmon-skin-on",
        "imgName": "664981.jpg",
        "imgSrc": "https://cdn0.woolworths.media/content/wowproductimages/medium/664981.jpg",
        "name": "Tassal Tasmanian Fresh Salmon Skin On 450g",
        "price": 16,
        "special": 15,
        "unitPrice": "$33.33 / 1KG"
    },
    {
        "category": "specials",
        "href": "https://www.woolworths.com.au/shop/productdetails/575013/voeu-naturals-facial-scrub",
        "imgName": "575013.jpg",
        "imgSrc": "https://cdn0.woolworths.media/content/wowproductimages/medium/575013.jpg",
        "name": "Voeu Naturals Facial Scrub 150ml",
        "price": 8,
        "special": 6,
        "unitPrice": "$4.00 / 100ML"
    },
    {
        "category": "specials",
        "href": "https://www.woolworths.com.au/shop/productdetails/660744/nudie-icelandic-strawberry-yoghurt",
        "imgName": "660744.jpg",
        "imgSrc": "https://cdn0.woolworths.media/content/wowproductimages/medium/660744.jpg",
        "name": "Nudie Icelandic Strawberry Yoghurt 500g",
        "price": 7,
        "special": 5,
        "unitPrice": "$1.00 / 100G"
    },
    {
        "category": "specials",
        "href": "https://www.woolworths.com.au/shop/productdetails/544209/annabel-karmel-chicken-butternut-pumpkin-lasagne",
        "imgName": "544209.jpg",
        "imgSrc": "https://cdn0.woolworths.media/content/wowproductimages/medium/544209.jpg",
        "name": "Annabel Karmel Chicken & Butternut Pumpkin Lasagne 200g",
        "price": 4,
        "special": 3,
        "unitPrice": "$1.50 / 100G"
    },
    {
        "category": "specials",
        "href": "https://www.woolworths.com.au/shop/productdetails/967396/ski-divine-vanilla",
        "imgName": "967396.jpg",
        "imgSrc": "https://cdn0.woolworths.media/content/wowproductimages/medium/967396.jpg",
        "name": "Ski Divine Vanilla  12x100g",
        "price": 6,
        "unitPrice": "$0.50 / 100G"
    },
    {
        "category": "specials",
        "href": "https://www.woolworths.com.au/shop/productdetails/648070/danone-yopro-yoghurt-passionfruit",
        "imgName": "648070.jpg",
        "imgSrc": "https://cdn0.woolworths.media/content/wowproductimages/medium/648070.jpg",
        "name": "Danone Yopro Yoghurt Passionfruit 160g",
        "price": 2.25,
        "special": 2,
        "unitPrice": "$1.25 / 100G"
    },
    {
        "category": "specials",
        "href": "https://www.woolworths.com.au/shop/productdetails/778575/aussie-bodies-protein-fx-lo-carb-bar-rocky-road",
        "imgName": "778575.jpg",
        "imgSrc": "https://cdn0.woolworths.media/content/wowproductimages/medium/778575.jpg",
        "name": "Aussie Bodies Protein Fx Lo Carb Bar Rocky Road 30g",
        "price": 2.5,
        "special": 2,
        "unitPrice": "$6.67 / 100G"
    },
    {
        "category": "specials",
        "href": "https://www.woolworths.com.au/shop/productdetails/888621/woolworths-after-sun-spray-aloe-vera",
        "imgName": "888621.jpg",
        "imgSrc": "https://cdn0.woolworths.media/content/wowproductimages/medium/888621.jpg",
        "name": "Woolworths After Sun Spray Aloe Vera 175g",
        "price": 7.5,
        "unitPrice": "$4.29 / 100G"
    },
    {
        "category": "specials",
        "href": "https://www.woolworths.com.au/shop/productdetails/571466/reeses-peanut-butter-chocolate",
        "imgName": "571466.jpg",
        "imgSrc": "https://cdn0.woolworths.media/content/wowproductimages/medium/571466.jpg",
        "name": "Reeses Peanut Butter Chocolate 649g",
        "price": 8.5,
        "special": 6,
        "unitPrice": "$0.92 / 100G"
    },
    {
        "category": "specials",
        "href": "https://www.woolworths.com.au/shop/productdetails/3909/caffe-aurora-italian-ground-coffee-italian-style",
        "imgName": "003909.jpg",
        "imgSrc": "https://cdn0.woolworths.media/content/wowproductimages/medium/003909.jpg",
        "name": "Caffe Aurora Italian Ground Coffee Italian Style 1kg",
        "price": 15,
        "unitPrice": "$1.50 / 100G"
    },
    {
        "category": "specials",
        "href": "https://www.woolworths.com.au/shop/productdetails/565834/aroma-essentials-candle-rose",
        "imgName": "565834.jpg",
        "imgSrc": "https://cdn0.woolworths.media/content/wowproductimages/medium/565834.jpg",
        "name": "Aroma Essentials Candle Rose 185g",
        "price": 10,
        "special": 6,
        "unitPrice": "$3.24 / 100G"
    },
    {
        "category": "specials",
        "href": "https://www.woolworths.com.au/shop/productdetails/531732/yumi-s-beetroort-hommus-dip",
        "imgName": "531732.jpg",
        "imgSrc": "https://cdn0.woolworths.media/content/wowproductimages/medium/531732.jpg",
        "name": "Yumi's Beetroort & Hommus Dip 200g",
        "price": 4,
        "special": 3,
        "unitPrice": "$15.00 / 1KG"
    },
    {
        "category": "specials",
        "href": "https://www.woolworths.com.au/shop/productdetails/571928/i-j-fish-strips",
        "imgName": "571928.jpg",
        "imgSrc": "https://cdn0.woolworths.media/content/wowproductimages/medium/571928.jpg",
        "name": "I&j Fish Strips  375g",
        "price": 6.99,
        "special": 4,
        "unitPrice": "$10.67 / 1KG"
    },
    {
        "category": "specials",
        "href": "https://www.woolworths.com.au/shop/productdetails/605241/woolworths-bbq-tongs-with-grip",
        "imgName": "605241.jpg",
        "imgSrc": "https://cdn0.woolworths.media/content/wowproductimages/medium/605241.jpg",
        "name": "Woolworths Bbq Tongs With Grip each",
        "price": 5,
        "special": 4,
        "unitPrice": "$4.00 / 1EA"
    },
    {
        "category": "specials",
        "href": "https://www.woolworths.com.au/shop/productdetails/262750/purina-total-care-toy-scamper-mouse-scamper-mouse",
        "imgName": "262750.jpg",
        "imgSrc": "https://cdn0.woolworths.media/content/wowproductimages/medium/262750.jpg",
        "name": "Purina Total Care Toy Scamper Mouse Scamper Mouse each",
        "price": 6.09,
        "special": 4.85
    },
    {
        "category": "specials",
        "href": "https://www.woolworths.com.au/shop/productdetails/145194/valvoline-oil-2-stroke-motor",
        "imgName": "145194.jpg",
        "imgSrc": "https://cdn0.woolworths.media/content/wowproductimages/medium/145194.jpg",
        "name": "Valvoline Oil 2 Stroke Motor 1l",
        "price": 11,
        "special": 8.8,
        "unitPrice": "$0.88 / 100ML"
    },
    {
        "category": "specials",
        "href": "https://www.woolworths.com.au/shop/productdetails/604063/christmas-jumbo-wrap-99cm",
        "imgName": "604063.jpg",
        "imgSrc": "https://cdn0.woolworths.media/content/wowproductimages/medium/604063.jpg",
        "name": "Christmas Jumbo Wrap 99cm 8m",
        "price": 5,
        "special": 4,
        "unitPrice": "$4.00 / 1EA"
    },
    {
        "category": "specials",
        "href": "https://www.woolworths.com.au/shop/productdetails/260411/napro-palette-permanent-colour-medium-blondes",
        "imgName": "260411.jpg",
        "imgSrc": "https://cdn0.woolworths.media/content/wowproductimages/medium/260411.jpg",
        "name": "Napro Palette Permanent Colour Medium Blondes 140ml",
        "price": 7.95,
        "unitPrice": "$7.95 / 1EA"
    },
    {
        "category": "specials",
        "href": "https://www.woolworths.com.au/shop/productdetails/660390/vitasoy-almond-milky",
        "imgName": "660390.jpg",
        "imgSrc": "https://cdn0.woolworths.media/content/wowproductimages/medium/660390.jpg",
        "name": "Vitasoy Almond Milky 1l",
        "price": 3.8,
        "special": 2.65,
        "unitPrice": "$2.65 / 1L"
    },
    {
        "category": "specials",
        "href": "https://www.woolworths.com.au/shop/productdetails/88972/colmans-ingredients-english-mustard",
        "imgName": "088972.jpg",
        "imgSrc": "https://cdn0.woolworths.media/content/wowproductimages/medium/088972.jpg",
        "name": "Colmans Ingredients English Mustard 100g",
        "price": 4.3,
        "special": 3,
        "unitPrice": "$3.00 / 100G"
    },
    {
        "category": "specials",
        "href": "https://www.woolworths.com.au/shop/productdetails/782475/inspire-bakeware-loaf-pan",
        "imgName": "782475.jpg",
        "imgSrc": "https://cdn0.woolworths.media/content/wowproductimages/medium/782475.jpg",
        "name": "Inspire Bakeware Loaf Pan 28cm each",
        "price": 6,
        "special": 4.2
    },
    {
        "category": "specials",
        "href": "https://www.woolworths.com.au/shop/productdetails/764199/australian-pure-facial-cleanser",
        "imgName": "764199.jpg",
        "imgSrc": "https://cdn0.woolworths.media/content/wowproductimages/medium/764199.jpg",
        "name": "Australian Pure Facial Cleanser  250ml",
        "price": 5.15,
        "special": 3.6,
        "unitPrice": "$1.44 / 100ML"
    },
    {
        "category": "specials",
        "href": "https://www.woolworths.com.au/shop/productdetails/349621/wallaby-bread-improver",
        "imgName": "349621.jpg",
        "imgSrc": "https://cdn0.woolworths.media/content/wowproductimages/medium/349621.jpg",
        "name": "Wallaby Bread Improver  125g",
        "price": 4,
        "special": 3.4,
        "unitPrice": "$2.72 / 100G"
    },
    {
        "category": "specials",
        "href": "https://www.woolworths.com.au/shop/productdetails/552564/talleys-chilled-mussels-lime-coriander",
        "imgName": "552564.jpg",
        "imgSrc": "https://cdn0.woolworths.media/content/wowproductimages/medium/552564.jpg",
        "name": "Talleys Chilled Mussels Lime & Coriander  375g",
        "price": 7,
        "special": 6,
        "unitPrice": "$16.00 / 1KG"
    },
    {
        "category": "specials",
        "href": "https://www.woolworths.com.au/shop/productdetails/517600/picasso-fresh-pizza-margarita",
        "imgName": "517600.jpg",
        "imgSrc": "https://cdn0.woolworths.media/content/wowproductimages/medium/517600.jpg",
        "name": "Picasso Fresh Pizza Margarita 410g",
        "price": 4.5,
        "unitPrice": "$1.10 / 100G"
    },
    {
        "category": "specials",
        "href": "https://www.woolworths.com.au/shop/productdetails/881432/connoisseur-ice-cream-sicilian-blood-orange-choc",
        "imgName": "881432.jpg",
        "imgSrc": "https://cdn0.woolworths.media/content/wowproductimages/medium/881432.jpg",
        "name": "Connoisseur Ice Cream Sicilian Blood Orange Choc 4pk 455ml",
        "price": 8.4,
        "special": 6,
        "unitPrice": "$1.32 / 100ML"
    },
    {
        "category": "specials",
        "href": "https://www.woolworths.com.au/shop/productdetails/826404/colgate-total-mouthwash-peppermint",
        "imgName": "826404.jpg",
        "imgSrc": "https://cdn0.woolworths.media/content/wowproductimages/medium/826404.jpg",
        "name": "Colgate Total Mouthwash Peppermint 500ml",
        "price": 9,
        "special": 4.5,
        "unitPrice": "$0.90 / 100ML"
    },
    {
        "category": "specials",
        "href": "https://www.woolworths.com.au/shop/productdetails/706711/colgate-sensitive-pro-relief-multi-protection-toothpaste",
        "imgName": "706711.jpg",
        "imgSrc": "https://cdn0.woolworths.media/content/wowproductimages/medium/706711.jpg",
        "name": "Colgate Sensitive Pro-relief Multi-protection Toothpaste 110g",
        "price": 10,
        "special": 9,
        "unitPrice": "$8.18 / 100G"
    },
    {
        "category": "specials",
        "href": "https://www.woolworths.com.au/shop/productdetails/660983/arkadia-vanilla-bean-diy-ice-cream",
        "imgName": "660983.jpg",
        "imgSrc": "https://cdn0.woolworths.media/content/wowproductimages/medium/660983.jpg",
        "name": "Arkadia Vanilla Bean Diy Ice Cream 170g",
        "price": 6,
        "special": 4,
        "unitPrice": "$1.18 / 100G"
    },
    {
        "category": "specials",
        "href": "https://www.woolworths.com.au/shop/productdetails/505879/balnea-liquid-hand-wash-enriching-pump",
        "imgName": "505879.jpg",
        "imgSrc": "https://cdn0.woolworths.media/content/wowproductimages/medium/505879.jpg",
        "name": "Balnea Liquid Hand Wash Enriching Pump 250ml",
        "price": 1.5,
        "unitPrice": "$0.60 / 100ML"
    },
    {
        "category": "specials",
        "href": "https://www.woolworths.com.au/shop/productdetails/765578/cottee-s-squeezy-topping-caramel",
        "imgName": "765578.jpg",
        "imgSrc": "https://cdn0.woolworths.media/content/wowproductimages/medium/765578.jpg",
        "name": "Cottee's Squeezy Topping Caramel 575g",
        "price": 3.2,
        "unitPrice": "$0.56 / 100G"
    },
    {
        "category": "specials",
        "href": "https://www.woolworths.com.au/shop/productdetails/9803/revlon-colour-silk-hair-colour-60-dark-ash-brown",
        "imgName": "009803.jpg",
        "imgSrc": "https://cdn0.woolworths.media/content/wowproductimages/medium/009803.jpg",
        "name": "Revlon Colour Silk Hair Colour 60 Dark Ash Brown each",
        "price": 9,
        "special": 7
    },
    {
        "category": "specials",
        "href": "https://www.woolworths.com.au/shop/productdetails/748855/arnott-s-tim-tam-value-pack",
        "imgName": "748855.jpg",
        "imgSrc": "https://cdn0.woolworths.media/content/wowproductimages/medium/748855.jpg",
        "name": "Arnott's Tim Tam Value Pack 330g",
        "price": 3.6,
        "unitPrice": "$1.09 / 100G"
    },
    {
        "category": "specials",
        "href": "https://www.woolworths.com.au/shop/productdetails/538538/jameson-glasses-gift-pack",
        "imgName": "538538.jpg",
        "imgSrc": "https://cdn0.woolworths.media/content/wowproductimages/medium/538538.jpg",
        "name": "Jameson Glasses Gift Pack  700ml",
        "price": 49,
        "special": 46
    },
    {
        "category": "specials",
        "href": "https://www.woolworths.com.au/shop/productdetails/572473/woolworths-peach-slices-in-juice",
        "imgName": "572473.jpg",
        "imgSrc": "https://cdn0.woolworths.media/content/wowproductimages/medium/572473.jpg",
        "name": "Woolworths Peach Slices In Juice 695g",
        "price": 3.5,
        "special": 3,
        "unitPrice": "$4.32 / 1KG"
    },
    {
        "category": "specials",
        "href": "https://www.woolworths.com.au/shop/productdetails/446483/maggi-beef-goulash-recipe-base",
        "imgName": "446483.jpg",
        "imgSrc": "https://cdn0.woolworths.media/content/wowproductimages/medium/446483.jpg",
        "name": "Maggi Beef Goulash Recipe Base 33g",
        "price": 1.75,
        "unitPrice": "$5.30 / 100G"
    },
    {
        "category": "specials",
        "href": "https://www.woolworths.com.au/shop/productdetails/751277/uncle-tobys-cheerios",
        "imgName": "751277.jpg",
        "imgSrc": "https://cdn0.woolworths.media/content/wowproductimages/medium/751277.jpg",
        "name": "Uncle Tobys Cheerios",
        "price": 5,
        "unitPrice": "$0.86 / 100G"
    },
    {
        "category": "specials",
        "href": "https://www.woolworths.com.au/shop/productdetails/556112/dairy-farmers-kids-milk-chocolate",
        "imgName": "556112.jpg",
        "imgSrc": "https://cdn0.woolworths.media/content/wowproductimages/medium/556112.jpg",
        "name": "Dairy Farmers Kids Milk Chocolate 150ml",
        "price": 1,
        "unitPrice": "$6.67 / 1L"
    },
    {
        "category": "specials",
        "href": "https://www.woolworths.com.au/shop/productdetails/761353/kellogg-s-rice-bubbles",
        "imgName": "761353.jpg",
        "imgSrc": "https://cdn0.woolworths.media/content/wowproductimages/medium/761353.jpg",
        "name": "Kellogg's Rice Bubbles  705g",
        "price": 6.99,
        "special": 6,
        "unitPrice": "$0.85 / 100G"
    },
    {
        "category": "specials",
        "href": "https://www.woolworths.com.au/shop/productdetails/40353/king-island-cape-wickham-double-brie-cheese",
        "imgName": "040353.jpg",
        "imgSrc": "https://cdn0.woolworths.media/content/wowproductimages/medium/040353.jpg",
        "name": "King Island Cape Wickham Double Brie Cheese 200g",
        "price": 12,
        "special": 8,
        "unitPrice": "$40.00 / 1KG"
    },
    {
        "category": "specials",
        "href": "https://www.woolworths.com.au/shop/productdetails/740544/philips-cfl-tornado-cool-daylight-12w-es-base",
        "imgName": "740544.jpg",
        "imgSrc": "https://cdn0.woolworths.media/content/wowproductimages/medium/740544.jpg",
        "name": "Philips Cfl Tornado Cool Daylight 12w Es Base each",
        "price": 6.5,
        "special": 5.2,
        "unitPrice": "$5.20 / 1EA"
    },
    {
        "category": "specials",
        "href": "https://www.woolworths.com.au/shop/productdetails/9815/revlon-colour-silk-hair-colour-41-medium-brown",
        "imgName": "009815.jpg",
        "imgSrc": "https://cdn0.woolworths.media/content/wowproductimages/medium/009815.jpg",
        "name": "Revlon Colour Silk Hair Colour 41 Medium Brown each",
        "price": 9,
        "special": 7
    },
    {
        "category": "specials",
        "href": "https://www.woolworths.com.au/shop/productdetails/656932/byron-bay-chunky-milk-choc-cookies",
        "imgName": "656932.jpg",
        "imgSrc": "https://cdn0.woolworths.media/content/wowproductimages/medium/656932.jpg",
        "name": "Byron Bay Chunky Milk Choc Cookies 100g",
        "price": 2.5,
        "special": 2,
        "unitPrice": "$2.00 / 100G"
    },
    {
        "category": "specials",
        "href": "https://www.woolworths.com.au/shop/productdetails/604048/christmas-bon-bons-entertaining",
        "imgName": "604048.jpg",
        "imgSrc": "https://cdn0.woolworths.media/content/wowproductimages/medium/604048.jpg",
        "name": "Christmas Bon Bons Entertaining 12pk",
        "price": 15,
        "special": 10,
        "unitPrice": "$10.00 / 1EA"
    },
    {
        "category": "specials",
        "href": "https://www.woolworths.com.au/shop/productdetails/631235/aussie-bodies-lo-carb-protein-bar-whip-d-english-toffee",
        "imgName": "631235.jpg",
        "imgSrc": "https://cdn0.woolworths.media/content/wowproductimages/medium/631235.jpg",
        "name": "Aussie Bodies Lo Carb Protein Bar Whip'd English Toffee 30g",
        "price": 2.5,
        "special": 2,
        "unitPrice": "$6.67 / 100G"
    },
    {
        "category": "specials",
        "href": "https://www.woolworths.com.au/shop/productdetails/540268/chris-heritage-vanilla-creme-brule",
        "imgName": "540268.jpg",
        "imgSrc": "https://cdn0.woolworths.media/content/wowproductimages/medium/540268.jpg",
        "name": "Chris' Heritage Vanilla Creme Brule  160g",
        "price": 5,
        "special": 4,
        "unitPrice": "$2.50 / 100G"
    },
    {
        "category": "specials",
        "href": "https://www.woolworths.com.au/shop/productdetails/547135/bulla-sour-cream",
        "imgName": "547135.jpg",
        "imgSrc": "https://cdn0.woolworths.media/content/wowproductimages/medium/547135.jpg",
        "name": "Bulla Sour Cream  400ml",
        "price": 3.75,
        "unitPrice": "$0.94 / 100ML"
    },
    {
        "category": "specials",
        "href": "https://www.woolworths.com.au/shop/productdetails/620885/l-oreal-colorista-washout-turquoise",
        "imgName": "620885.jpg",
        "imgSrc": "https://cdn0.woolworths.media/content/wowproductimages/medium/620885.jpg",
        "name": "L'oreal Colorista Washout Turquoise each",
        "price": 16.5,
        "special": 11.5
    },
    {
        "category": "specials",
        "href": "https://www.woolworths.com.au/shop/productdetails/881209/decor-match-ups-storer-tall-oblong",
        "imgName": "881209.jpg",
        "imgSrc": "https://cdn0.woolworths.media/content/wowproductimages/medium/881209.jpg",
        "name": "Decor Match-ups Storer Tall Oblong 800ml",
        "price": 5.99,
        "special": 2.99
    },
    {
        "category": "specials",
        "href": "https://www.woolworths.com.au/shop/productdetails/579238/macro-organic-rice-flour",
        "imgName": "579238.jpg",
        "imgSrc": "https://cdn0.woolworths.media/content/wowproductimages/medium/579238.jpg",
        "name": "Macro Organic Rice Flour  500g",
        "price": 4,
        "special": 3.5,
        "unitPrice": "$0.70 / 100G"
    },
    {
        "category": "specials",
        "href": "https://www.woolworths.com.au/shop/productdetails/346837/woolworths-pasta-macaroni",
        "imgName": "346837.jpg",
        "imgSrc": "https://cdn0.woolworths.media/content/wowproductimages/medium/346837.jpg",
        "name": "Woolworths Pasta Macaroni 500g",
        "price": 1,
        "unitPrice": "$0.20 / 100G"
    },
    {
        "category": "specials",
        "href": "https://www.woolworths.com.au/shop/productdetails/593819/woolworths-festive-pretzels",
        "imgName": "593819.jpg",
        "imgSrc": "https://cdn0.woolworths.media/content/wowproductimages/medium/593819.jpg",
        "name": "Woolworths Festive Pretzels 500g",
        "price": 5,
        "special": 3,
        "unitPrice": "$0.60 / 100G"
    },
    {
        "category": "specials",
        "href": "https://www.woolworths.com.au/shop/productdetails/571526/original-source-shower-milk-green-banana-bamboo",
        "imgName": "571526.jpg",
        "imgSrc": "https://cdn0.woolworths.media/content/wowproductimages/medium/571526.jpg",
        "name": "Original Source Shower Milk Green Banana & Bamboo 250ml",
        "price": 4,
        "special": 3.5,
        "unitPrice": "$1.40 / 100ML"
    },
    {
        "category": "specials",
        "href": "https://www.woolworths.com.au/shop/productdetails/620882/chris-traditional-french-onion",
        "imgName": "620882.jpg",
        "imgSrc": "https://cdn0.woolworths.media/content/wowproductimages/medium/620882.jpg",
        "name": "Chris' Traditional French Onion  200g",
        "price": 3.5,
        "unitPrice": "$1.75 / 100G"
    },
    {
        "category": "specials",
        "href": "https://www.woolworths.com.au/shop/productdetails/659419/jalna-lactose-free-whole-milk-strawberry-yoghurt",
        "imgName": "659419.jpg",
        "imgSrc": "https://cdn0.woolworths.media/content/wowproductimages/medium/659419.jpg",
        "name": "Jalna Lactose Free Whole Milk Strawberry Yoghurt 1kg",
        "price": 7.5,
        "special": 5.5,
        "unitPrice": "$0.55 / 100G"
    },
    {
        "category": "specials",
        "href": "https://www.woolworths.com.au/shop/productdetails/915870/canadian-club-whisky-dry-cans",
        "imgName": "915870.jpg",
        "imgSrc": "https://cdn0.woolworths.media/content/wowproductimages/medium/915870.jpg",
        "name": "Canadian Club Whisky & Dry Cans 24x375ml",
        "price": 88,
        "special": 85
    },
    {
        "category": "specials",
        "href": "https://www.woolworths.com.au/shop/productdetails/260437/l-oreal-casting-cr-me-gloss-200-ebony-black",
        "imgName": "260437.jpg",
        "imgSrc": "https://cdn0.woolworths.media/content/wowproductimages/medium/260437.jpg",
        "name": "L'oreal Casting Cr\u00e8me Gloss 200 Ebony Black 1pk",
        "price": 16,
        "special": 11
    },
    {
        "category": "specials",
        "href": "https://www.woolworths.com.au/shop/productdetails/526015/woolworths-peach-in-strawberry-jelly",
        "imgName": "526015.jpg",
        "imgSrc": "https://cdn0.woolworths.media/content/wowproductimages/medium/526015.jpg",
        "name": "Woolworths Peach In Strawberry Jelly  4pk 480g",
        "price": 2.5,
        "unitPrice": "$5.21 / 1KG"
    },
    {
        "category": "specials",
        "href": "https://www.woolworths.com.au/shop/productdetails/521233/patties-party-sausage-rolls",
        "imgName": "521233.jpg",
        "imgSrc": "https://cdn0.woolworths.media/content/wowproductimages/medium/521233.jpg",
        "name": "Patties Party Sausage Rolls  24pk 900g",
        "price": 13,
        "special": 9,
        "unitPrice": "$1.00 / 100G"
    },
    {
        "category": "specials",
        "href": "https://www.woolworths.com.au/shop/productdetails/179084/woolworths-olives-green-stuffed-chilli-garlic",
        "imgName": "179084.jpg",
        "imgSrc": "https://cdn0.woolworths.media/content/wowproductimages/medium/179084.jpg",
        "name": "Woolworths Olives Green Stuffed Chilli Garlic per kg",
        "price": 19.95,
        "unitPrice": "$19.95 / 1KG"
    },
    {
        "category": "specials",
        "href": "https://www.woolworths.com.au/shop/productdetails/716873/wild-turkey-101-6-5-cola-cans",
        "imgName": "716873.jpg",
        "imgSrc": "https://cdn0.woolworths.media/content/wowproductimages/medium/716873.jpg",
        "name": "Wild Turkey 101 6.5% & Cola Cans 10x375ml",
        "price": 54,
        "special": 52
    },
    {
        "category": "specials",
        "href": "https://www.woolworths.com.au/shop/productdetails/532343/creative-gourmet-frozen-pineapple-pieces",
        "imgName": "532343.jpg",
        "imgSrc": "https://cdn0.woolworths.media/content/wowproductimages/medium/532343.jpg",
        "name": "Creative Gourmet Frozen Pineapple Pieces  500g",
        "price": 6,
        "special": 4.5,
        "unitPrice": "$9.00 / 1KG"
    },
    {
        "category": "specials",
        "href": "https://www.woolworths.com.au/shop/productdetails/723464/olsent-halogen-reflector-mr16-12v-35w",
        "imgName": "723464.jpg",
        "imgSrc": "https://cdn0.woolworths.media/content/wowproductimages/medium/723464.jpg",
        "name": "Olsent Halogen Reflector Mr16 12v 35w 6pk",
        "price": 8,
        "unitPrice": "$1.33 / 1EA"
    },
    {
        "category": "specials",
        "href": "https://www.woolworths.com.au/shop/productdetails/861174/woolworths-select-heavy-duty-sponge-scourers",
        "imgName": "861174.jpg",
        "imgSrc": "https://cdn0.woolworths.media/content/wowproductimages/medium/861174.jpg",
        "name": "Woolworths Select Heavy Duty Sponge Scourers  3pk",
        "price": 1.99,
        "unitPrice": "$0.66 / 1EA"
    },
    {
        "category": "specials",
        "href": "https://www.woolworths.com.au/shop/productdetails/517355/freedom-foods-maple-almond-clusters-gluten-free",
        "imgName": "517355.jpg",
        "imgSrc": "https://cdn0.woolworths.media/content/wowproductimages/medium/517355.jpg",
        "name": "Freedom Foods Maple Almond Clusters Gluten Free 350g",
        "price": 5.5,
        "special": 3.5,
        "unitPrice": "$1.00 / 100G"
    },
    {
        "category": "specials",
        "href": "https://www.woolworths.com.au/shop/productdetails/7239/calidad-hp-printer-ink-564-black",
        "imgName": "007239.jpg",
        "imgSrc": "https://cdn0.woolworths.media/content/wowproductimages/medium/007239.jpg",
        "name": "Calidad Hp Printer Ink 564 Black each",
        "price": 14
    },
    {
        "category": "specials",
        "href": "https://www.woolworths.com.au/shop/productdetails/763672/ingham-chicken-breast-tenders-gluten-free",
        "imgName": "763672.jpg",
        "imgSrc": "https://cdn0.woolworths.media/content/wowproductimages/medium/763672.jpg",
        "name": "Ingham Chicken Breast Tenders Gluten Free 400g",
        "price": 9,
        "special": 8,
        "unitPrice": "$20.00 / 1KG"
    },
    {
        "category": "specials",
        "href": "https://www.woolworths.com.au/shop/productdetails/748317/maggi-stir-fry-creations-sweet-chilli-ginger-lemongrass-chicken",
        "imgName": "748317.jpg",
        "imgSrc": "https://cdn0.woolworths.media/content/wowproductimages/medium/748317.jpg",
        "name": "Maggi Stir Fry Creations Sweet Chilli, Ginger & Lemongrass Chicken 150g",
        "price": 3,
        "unitPrice": "$2.00 / 100G"
    },
    {
        "category": "specials",
        "href": "https://www.woolworths.com.au/shop/productdetails/604064/christmas-wrapping-paper-70cm-x-3m",
        "imgName": "604064.jpg",
        "imgSrc": "https://cdn0.woolworths.media/content/wowproductimages/medium/604064.jpg",
        "name": "Christmas Wrapping Paper 70cm X 3m 3pk",
        "price": 4,
        "special": 3.2,
        "unitPrice": "$3.20 / 1EA"
    },
    {
        "category": "specials",
        "href": "https://www.woolworths.com.au/shop/productdetails/521916/mic-matic-shine-mechanical-pencils",
        "imgName": "521916.jpg",
        "imgSrc": "https://cdn0.woolworths.media/content/wowproductimages/medium/521916.jpg",
        "name": "Mic Matic Shine Mechanical Pencils  4pk",
        "price": 4.5,
        "special": 3.15
    },
    {
        "category": "specials",
        "href": "https://www.woolworths.com.au/shop/productdetails/544365/annabel-karmel-cottage-pie",
        "imgName": "544365.jpg",
        "imgSrc": "https://cdn0.woolworths.media/content/wowproductimages/medium/544365.jpg",
        "name": "Annabel Karmel Cottage Pie  200g",
        "price": 4,
        "special": 3,
        "unitPrice": "$1.50 / 100G"
    },
    {
        "category": "specials",
        "href": "https://www.woolworths.com.au/shop/productdetails/565833/aroma-essentials-candle-french-pear",
        "imgName": "565833.jpg",
        "imgSrc": "https://cdn0.woolworths.media/content/wowproductimages/medium/565833.jpg",
        "name": "Aroma Essentials Candle French Pear 185g",
        "price": 10,
        "special": 6,
        "unitPrice": "$3.24 / 100G"
    },
    {
        "category": "specials",
        "href": "https://www.woolworths.com.au/shop/productdetails/650680/brita-fill-enjoy-grey-jug",
        "imgName": "650680.jpg",
        "imgSrc": "https://cdn0.woolworths.media/content/wowproductimages/medium/650680.jpg",
        "name": "Brita Fill & Enjoy Grey Jug 2.4l",
        "price": 44.95,
        "special": 35.96
    },
    {
        "category": "specials",
        "href": "https://www.woolworths.com.au/shop/productdetails/795220/nature-s-way-super-greens-wild-reds-berry-powder",
        "imgName": "795220.jpg",
        "imgSrc": "https://cdn0.woolworths.media/content/wowproductimages/medium/795220.jpg",
        "name": "Nature's Way Super Greens &wild Reds Berry Powder 100g",
        "price": 20,
        "unitPrice": "$20.00 / 100G"
    },
    {
        "category": "specials",
        "href": "https://www.woolworths.com.au/shop/productdetails/657022/nature-s-gift-sustain-chicken-fish-dry-dog-food",
        "imgName": "657022.jpg",
        "imgSrc": "https://cdn0.woolworths.media/content/wowproductimages/medium/657022.jpg",
        "name": "Nature's Gift Sustain Chicken & Fish Dry Dog Food 2.5kg",
        "price": 13,
        "special": 10,
        "unitPrice": "$0.40 / 100G"
    },
    {
        "category": "specials",
        "href": "https://www.woolworths.com.au/shop/productdetails/703614/red-rock-deli-dip-roasted-red-capsicum-pecorino-cashews-basil",
        "imgName": "703614.jpg",
        "imgSrc": "https://cdn0.woolworths.media/content/wowproductimages/medium/703614.jpg",
        "name": "Red Rock Deli Dip Roasted Red Capsicum, Pecorino, Cashews & Basil 150g",
        "price": 4.6,
        "special": 4,
        "unitPrice": "$2.67 / 100G"
    },
    {
        "category": "specials",
        "href": "https://www.woolworths.com.au/shop/productdetails/724704/dove-pampering-body-wash-coconut-and-jasmine",
        "imgName": "724704.jpg",
        "imgSrc": "https://cdn0.woolworths.media/content/wowproductimages/medium/724704.jpg",
        "name": "Dove Pampering Body Wash Coconut And Jasmine 375ml",
        "price": 5.75,
        "unitPrice": "$1.53 / 100ML"
    },
    {
        "category": "specials",
        "href": "https://www.woolworths.com.au/shop/productdetails/573467/only-organic-extra-virgin-coconut-oil",
        "imgName": "573467.jpg",
        "imgSrc": "https://cdn0.woolworths.media/content/wowproductimages/medium/573467.jpg",
        "name": "Only Organic Extra Virgin Coconut Oil 300g",
        "price": 5,
        "unitPrice": "$1.67 / 100G"
    },
    {
        "category": "specials",
        "href": "https://www.woolworths.com.au/shop/productdetails/404165/skin-republic-collagen-infusion-fask-mask",
        "imgName": "404165.jpg",
        "imgSrc": "https://cdn0.woolworths.media/content/wowproductimages/medium/404165.jpg",
        "name": "Skin Republic Collagen Infusion Fask Mask each",
        "price": 8,
        "special": 6.4,
        "unitPrice": "$6.40 / 1EA"
    },
    {
        "category": "specials",
        "href": "https://www.woolworths.com.au/shop/productdetails/657209/molson-canadian-lager-cans",
        "imgName": "657209.jpg",
        "imgSrc": "https://cdn0.woolworths.media/content/wowproductimages/medium/657209.jpg",
        "name": "Molson Canadian Lager Cans 6x355ml pack",
        "price": 20.8,
        "special": 20
    },
    {
        "category": "specials",
        "href": "https://www.woolworths.com.au/shop/productdetails/622350/harpic-fresh-power6-toilet-cleaner-tropical-blossom",
        "imgName": "622350.jpg",
        "imgSrc": "https://cdn0.woolworths.media/content/wowproductimages/medium/622350.jpg",
        "name": "Harpic Fresh Power6 Toilet Cleaner Tropical Blossom 39g",
        "price": 5,
        "special": 4,
        "unitPrice": "$10.26 / 100G"
    },
    {
        "category": "specials",
        "href": "https://www.woolworths.com.au/shop/productdetails/771315/dermaveen-body-wash-soap-free",
        "imgName": "771315.jpg",
        "imgSrc": "https://cdn0.woolworths.media/content/wowproductimages/medium/771315.jpg",
        "name": "Dermaveen Body Wash Soap Free 500ml",
        "price": 14,
        "unitPrice": "$2.80 / 100ML"
    },
    {
        "category": "specials",
        "href": "https://www.woolworths.com.au/shop/productdetails/792684/praise-dressing-deli-style-aioli-light",
        "imgName": "792684.jpg",
        "imgSrc": "https://cdn0.woolworths.media/content/wowproductimages/medium/792684.jpg",
        "name": "Praise Dressing Deli Style Aioli Light 250ml",
        "price": 4,
        "special": 2.5,
        "unitPrice": "$1.00 / 100ML"
    },
    {
        "category": "specials",
        "href": "https://www.woolworths.com.au/shop/productdetails/70237/l-oreal-excellence-cr-me-3-0-darkest-brown",
        "imgName": "070237.jpg",
        "imgSrc": "https://cdn0.woolworths.media/content/wowproductimages/medium/070237.jpg",
        "name": "L'oreal Excellence Cr\u00e8me 3.0 Darkest Brown 1pk",
        "price": 17.5,
        "special": 12
    },
    {
        "category": "specials",
        "href": "https://www.woolworths.com.au/shop/productdetails/580320/premium-crispbread-original",
        "imgName": "580320.jpg",
        "imgSrc": "https://cdn0.woolworths.media/content/wowproductimages/medium/580320.jpg",
        "name": "Premium Crispbread Original 400g",
        "price": 3,
        "unitPrice": "$0.75 / 100G"
    },
    {
        "category": "specials",
        "href": "https://www.woolworths.com.au/shop/productdetails/551859/woolworths-almond-ice-cream-sticks",
        "imgName": "551859.jpg",
        "imgSrc": "https://cdn0.woolworths.media/content/wowproductimages/medium/551859.jpg",
        "name": "Woolworths Almond Ice Cream Sticks 4pk 424ml",
        "price": 4,
        "unitPrice": "$0.94 / 100ML"
    },
    {
        "category": "specials",
        "href": "https://www.woolworths.com.au/shop/productdetails/594952/gatorade-g-active-flavoured-water-orange",
        "imgName": "594952.jpg",
        "imgSrc": "https://cdn0.woolworths.media/content/wowproductimages/medium/594952.jpg",
        "name": "Gatorade G Active Flavoured Water Orange 600ml",
        "price": 3.5,
        "special": 2.15,
        "unitPrice": "$3.58 / 1L"
    },
    {
        "category": "specials",
        "href": "https://www.woolworths.com.au/shop/productdetails/939943/voost-calcium-vitamin-d-effervescent",
        "imgName": "939943.jpg",
        "imgSrc": "https://cdn0.woolworths.media/content/wowproductimages/medium/939943.jpg",
        "name": "Voost Calcium Vitamin D Effervescent  10pk",
        "price": 3.5,
        "unitPrice": "$35.00 / 100EA"
    },
    {
        "category": "specials",
        "href": "https://www.woolworths.com.au/shop/productdetails/830355/harry-s-ice-cream-peanut-butter-fudge",
        "imgName": "830355.jpg",
        "imgSrc": "https://cdn0.woolworths.media/content/wowproductimages/medium/830355.jpg",
        "name": "Harry's Ice Cream Peanut Butter Fudge 475ml tub",
        "price": 5,
        "special": 4,
        "unitPrice": "$0.84 / 100ML"
    },
    {
        "category": "specials",
        "href": "https://www.woolworths.com.au/shop/productdetails/828999/the-natural-confectionery-co-party-mix",
        "imgName": "828999.jpg",
        "imgSrc": "https://cdn0.woolworths.media/content/wowproductimages/medium/828999.jpg",
        "name": "The Natural Confectionery Co Party Mix  240g bag",
        "price": 4,
        "special": 3,
        "unitPrice": "$1.25 / 100G"
    },
    {
        "category": "specials",
        "href": "https://www.woolworths.com.au/shop/productdetails/36079/arnott-s-classic-assorted",
        "imgName": "036079.jpg",
        "imgSrc": "https://cdn0.woolworths.media/content/wowproductimages/medium/036079.jpg",
        "name": "Arnott's Classic Assorted  500g",
        "price": 4.5,
        "unitPrice": "$0.90 / 100G"
    },
    {
        "category": "specials",
        "href": "https://www.woolworths.com.au/shop/productdetails/657211/angry-orchard-apple-cider-crisp-bottles",
        "imgName": "657211.jpg",
        "imgSrc": "https://cdn0.woolworths.media/content/wowproductimages/medium/657211.jpg",
        "name": "Angry Orchard Apple Cider Crisp Bottles 6x355ml pack",
        "price": 21,
        "special": 14
    },
    {
        "category": "specials",
        "href": "https://www.woolworths.com.au/shop/productdetails/728190/easy-off-bam-bathroom-cleaner-active-foam-lemon-zing",
        "imgName": "728190.jpg",
        "imgSrc": "https://cdn0.woolworths.media/content/wowproductimages/medium/728190.jpg",
        "name": "Easy Off Bam Bathroom Cleaner Active Foam Lemon Zing 390g",
        "price": 5,
        "unitPrice": "$1.28 / 100G"
    },
    {
        "category": "specials",
        "href": "https://www.woolworths.com.au/shop/productdetails/625693/whiskas-1-years-cat-food-chicken-in-jelly",
        "imgName": "625693.jpg",
        "imgSrc": "https://cdn0.woolworths.media/content/wowproductimages/medium/625693.jpg",
        "name": "Whiskas 1+ Years Cat Food Chicken In Jelly 12x85g",
        "price": 7,
        "unitPrice": "$0.69 / 100G"
    },
    {
        "category": "specials",
        "href": "https://www.woolworths.com.au/shop/productdetails/479203/thai-gourmet-curry-paste-green",
        "imgName": "479203.jpg",
        "imgSrc": "https://cdn0.woolworths.media/content/wowproductimages/medium/479203.jpg",
        "name": "Thai Gourmet Curry Paste Green 240g",
        "price": 2.5,
        "unitPrice": "$1.04 / 100G"
    },
    {
        "category": "specials",
        "href": "https://www.woolworths.com.au/shop/productdetails/650612/vodka-cruiser-vodka-juicy-watermelon",
        "imgName": "650612.jpg",
        "imgSrc": "https://cdn0.woolworths.media/content/wowproductimages/medium/650612.jpg",
        "name": "Vodka Cruiser Vodka Juicy Watermelon 24x275ml",
        "price": 81,
        "special": 67
    },
    {
        "category": "specials",
        "href": "https://www.woolworths.com.au/shop/productdetails/508828/aurricchio-provolone-classico",
        "imgName": "508828.jpg",
        "imgSrc": "https://cdn0.woolworths.media/content/wowproductimages/medium/508828.jpg",
        "name": "Aurricchio Provolone Classico 200g",
        "price": 10,
        "special": 8,
        "unitPrice": "$40.00 / 1KG"
    },
    {
        "category": "specials",
        "href": "https://www.woolworths.com.au/shop/productdetails/625159/whiskas-1-years-cat-food-beef-in-jelly",
        "imgName": "625159.jpg",
        "imgSrc": "https://cdn0.woolworths.media/content/wowproductimages/medium/625159.jpg",
        "name": "Whiskas 1+ Years Cat Food Beef In Jelly 12x85g",
        "price": 7,
        "unitPrice": "$0.69 / 100G"
    },
    {
        "category": "specials",
        "href": "https://www.woolworths.com.au/shop/productdetails/167145/lean-cuisine-bowl-thai-green-curry-with-rice",
        "imgName": "167145.jpg",
        "imgSrc": "https://cdn0.woolworths.media/content/wowproductimages/medium/167145.jpg",
        "name": "Lean Cuisine Bowl Thai Green Curry With Rice 280g",
        "price": 5.7,
        "special": 5,
        "unitPrice": "$1.79 / 100G"
    },
    {
        "category": "specials",
        "href": "https://www.woolworths.com.au/shop/productdetails/510064/calidad-brother-printer-ink-lc-73-lc-40-tri-colour",
        "imgName": "510064.jpg",
        "imgSrc": "https://cdn0.woolworths.media/content/wowproductimages/medium/510064.jpg",
        "name": "Calidad Brother Printer Ink Lc-73 Lc-40 Tri-colour each",
        "price": 35
    },
    {
        "category": "specials",
        "href": "https://www.woolworths.com.au/shop/productdetails/380419/maybelline-ny-lip-colour-renovation-infinite-petal",
        "imgName": "380419.jpg",
        "imgSrc": "https://cdn0.woolworths.media/content/wowproductimages/medium/380419.jpg",
        "name": "Maybelline Ny Lip Colour Renovation Infinite Petal 1.8ml",
        "price": 22.95,
        "special": 16
    },
    {
        "category": "specials",
        "href": "https://www.woolworths.com.au/shop/productdetails/583620/john-frieda-sheer-blond-treatment-brilliantly-brighter",
        "imgName": "583620.jpg",
        "imgSrc": "https://cdn0.woolworths.media/content/wowproductimages/medium/583620.jpg",
        "name": "John Frieda Sheer Blond Treatment Brilliantly Brighter 118ml",
        "price": 18,
        "special": 10.8,
        "unitPrice": "$9.15 / 100ML"
    },
    {
        "category": "specials",
        "href": "https://www.woolworths.com.au/shop/productdetails/466100/omo-ultimate-laundry-detergent-washing-powder-front-top-loader",
        "imgName": "466100.jpg",
        "imgSrc": "https://cdn0.woolworths.media/content/wowproductimages/medium/466100.jpg",
        "name": "Omo Ultimate Laundry Detergent Washing Powder Front & Top Loader 1kg",
        "price": 11,
        "special": 8.2,
        "unitPrice": "$8.20 / 1KG"
    },
    {
        "category": "specials",
        "href": "https://www.woolworths.com.au/shop/productdetails/521236/asiana-dynasty-banquet-selection-value-pack",
        "imgName": "521236.jpg",
        "imgSrc": "https://cdn0.woolworths.media/content/wowproductimages/medium/521236.jpg",
        "name": "Asiana Dynasty Banquet Selection Value Pack 1kg",
        "price": 10,
        "unitPrice": "$1.00 / 100G"
    },
    {
        "category": "specials",
        "href": "https://www.woolworths.com.au/shop/productdetails/531685/majans-bhuja-mix-hot",
        "imgName": "531685.jpg",
        "imgSrc": "https://cdn0.woolworths.media/content/wowproductimages/medium/531685.jpg",
        "name": "Majans Bhuja Mix Hot 150g",
        "price": 3.85,
        "special": 2.5,
        "unitPrice": "$16.67 / 1KG"
    },
    {
        "category": "specials",
        "href": "https://www.woolworths.com.au/shop/productdetails/347682/heinz-big-eat-chicken-bacon-casserole",
        "imgName": "347682.jpg",
        "imgSrc": "https://cdn0.woolworths.media/content/wowproductimages/medium/347682.jpg",
        "name": "Heinz Big Eat Chicken & Bacon Casserole 410g",
        "price": 2.5,
        "unitPrice": "$6.10 / 1KG"
    },
    {
        "category": "specials",
        "href": "https://www.woolworths.com.au/shop/productdetails/153649/maybelline-full-n-soft-mascara-velvet-black-waterproof",
        "imgName": "153649.jpg",
        "imgSrc": "https://cdn0.woolworths.media/content/wowproductimages/medium/153649.jpg",
        "name": "Maybelline Full N Soft Mascara Velvet Black Waterproof 8.2ml",
        "price": 19,
        "special": 13.3,
        "unitPrice": "$16.22 / 10ML"
    },
    {
        "category": "specials",
        "href": "https://www.woolworths.com.au/shop/productdetails/847710/friskies-seafood-sensations",
        "imgName": "847710.jpg",
        "imgSrc": "https://cdn0.woolworths.media/content/wowproductimages/medium/847710.jpg",
        "name": "Friskies Seafood Sensations 1kg",
        "price": 4,
        "unitPrice": "$0.40 / 100G"
    },
    {
        "category": "specials",
        "href": "https://www.woolworths.com.au/shop/productdetails/531709/yumi-s-avocado-dip",
        "imgName": "531709.jpg",
        "imgSrc": "https://cdn0.woolworths.media/content/wowproductimages/medium/531709.jpg",
        "name": "Yumi's Avocado Dip 200g",
        "price": 4,
        "special": 3,
        "unitPrice": "$15.00 / 1KG"
    },
    {
        "category": "specials",
        "href": "https://www.woolworths.com.au/shop/productdetails/200695/sanitarium-weet-bix",
        "imgName": "200695.jpg",
        "imgSrc": "https://cdn0.woolworths.media/content/wowproductimages/medium/200695.jpg",
        "name": "Sanitarium Weet-bix  1.2kg",
        "price": 4,
        "unitPrice": "$0.33 / 100G"
    },
    {
        "category": "specials",
        "href": "https://www.woolworths.com.au/shop/productdetails/521990/bic-fun-graphite-hb-pencils",
        "imgName": "521990.jpg",
        "imgSrc": "https://cdn0.woolworths.media/content/wowproductimages/medium/521990.jpg",
        "name": "Bic Fun Graphite Hb Pencils  8pk",
        "price": 6,
        "special": 4.2
    },
    {
        "category": "specials",
        "href": "https://www.woolworths.com.au/shop/productdetails/745783/batiste-blush-dry-shampoo",
        "imgName": "745783.jpg",
        "imgSrc": "https://cdn0.woolworths.media/content/wowproductimages/medium/745783.jpg",
        "name": "Batiste Blush Dry Shampoo 200ml",
        "price": 10,
        "special": 7,
        "unitPrice": "$3.50 / 100ML"
    },
    {
        "category": "specials",
        "href": "https://www.woolworths.com.au/shop/productdetails/656654/lip-smacker-coca-cola-tin",
        "imgName": "656654.jpg",
        "imgSrc": "https://cdn0.woolworths.media/content/wowproductimages/medium/656654.jpg",
        "name": "Lip Smacker Coca Cola Tin 4 pack",
        "price": 10,
        "special": 8,
        "unitPrice": "$8.00 / 1EA"
    },
    {
        "category": "specials",
        "href": "https://www.woolworths.com.au/shop/productdetails/781383/woolworths-select-dishwashing-cleaner-liquid",
        "imgName": "781383.jpg",
        "imgSrc": "https://cdn0.woolworths.media/content/wowproductimages/medium/781383.jpg",
        "name": "Woolworths Select Dishwashing Cleaner Liquid 250ml",
        "price": 2.99,
        "unitPrice": "$1.20 / 100ML"
    },
    {
        "category": "specials",
        "href": "https://www.woolworths.com.au/shop/productdetails/114110/johnson-s-baby-hair-care-shampoo",
        "imgName": "114110.jpg",
        "imgSrc": "https://cdn0.woolworths.media/content/wowproductimages/medium/114110.jpg",
        "name": "Johnson's Baby Hair Care Shampoo 500ml",
        "price": 8,
        "unitPrice": "$1.60 / 100ML"
    },
    {
        "category": "specials",
        "href": "https://www.woolworths.com.au/shop/productdetails/317517/brita-replacement-water-filter-maxtra-cartridge",
        "imgName": "317517.jpg",
        "imgSrc": "https://cdn0.woolworths.media/content/wowproductimages/medium/317517.jpg",
        "name": "Brita Replacement Water Filter Maxtra Cartridge 3pk",
        "price": 35.99,
        "special": 28,
        "unitPrice": "$9.33 / 1EA"
    },
    {
        "category": "specials",
        "href": "https://www.woolworths.com.au/shop/productdetails/215177/blackmores-womens-vitality",
        "imgName": "215177.jpg",
        "imgSrc": "https://cdn0.woolworths.media/content/wowproductimages/medium/215177.jpg",
        "name": "Blackmores Womens Vitality  50pk",
        "price": 20,
        "unitPrice": "$40.00 / 100EA"
    },
    {
        "category": "specials",
        "href": "https://www.woolworths.com.au/shop/productdetails/305700/horlicks-malted-milk-drink",
        "imgName": "305700.jpg",
        "imgSrc": "https://cdn0.woolworths.media/content/wowproductimages/medium/305700.jpg",
        "name": "Horlicks Malted Milk Drink 500g",
        "price": 11.5,
        "special": 10,
        "unitPrice": "$2.00 / 100G"
    },
    {
        "category": "specials",
        "href": "https://www.woolworths.com.au/shop/productdetails/763695/banana-boat-ultra-clear-spf-50-sunscreen-spray",
        "imgName": "763695.jpg",
        "imgSrc": "https://cdn0.woolworths.media/content/wowproductimages/medium/763695.jpg",
        "name": "Banana Boat Ultra Clear Spf 50+ Sunscreen Spray 175g",
        "price": 17.5,
        "special": 14,
        "unitPrice": "$8.00 / 100G"
    },
    {
        "category": "specials",
        "href": "https://www.woolworths.com.au/shop/productdetails/662482/staedtler-triplus-fineliner",
        "imgName": "662482.jpg",
        "imgSrc": "https://cdn0.woolworths.media/content/wowproductimages/medium/662482.jpg",
        "name": "Staedtler Triplus Fineliner 10pk",
        "price": 21,
        "special": 16.5
    },
    {
        "category": "specials",
        "href": "https://www.woolworths.com.au/shop/productdetails/603807/l-or-espresso-sontuoso-coffee-capsule",
        "imgName": "603807.jpg",
        "imgSrc": "https://cdn0.woolworths.media/content/wowproductimages/medium/603807.jpg",
        "name": "L'or Espresso Sontuoso Coffee Capsule 10pk 52g",
        "price": 6,
        "special": 4,
        "unitPrice": "$7.69 / 100G"
    },
    {
        "category": "specials",
        "href": "https://www.woolworths.com.au/shop/productdetails/544698/primo-roast-beef",
        "imgName": "544698.jpg",
        "imgSrc": "https://cdn0.woolworths.media/content/wowproductimages/medium/544698.jpg",
        "name": "Primo Roast Beef  80g",
        "price": 3,
        "unitPrice": "$37.50 / 1KG"
    },
    {
        "category": "specials",
        "href": "https://www.woolworths.com.au/shop/productdetails/567550/sealord-hoki-beer-batter",
        "imgName": "567550.jpg",
        "imgSrc": "https://cdn0.woolworths.media/content/wowproductimages/medium/567550.jpg",
        "name": "Sealord Hoki Beer Batter  6pk 390g",
        "price": 8.79,
        "special": 7,
        "unitPrice": "$17.95 / 1KG"
    },
    {
        "category": "specials",
        "href": "https://www.woolworths.com.au/shop/productdetails/704059/schick-womens-razor-exacta-2",
        "imgName": "704059.jpg",
        "imgSrc": "https://cdn0.woolworths.media/content/wowproductimages/medium/704059.jpg",
        "name": "Schick Womens Razor Exacta 2 5pk",
        "price": 3,
        "unitPrice": "$0.60 / 1EA"
    },
    {
        "category": "specials",
        "href": "https://www.woolworths.com.au/shop/productdetails/633859/four-n-twenty-party-sausage-roll-tray",
        "imgName": "633859.jpg",
        "imgSrc": "https://cdn0.woolworths.media/content/wowproductimages/medium/633859.jpg",
        "name": "Four'n Twenty? Party Sausage Roll Tray 12pk",
        "price": 7,
        "special": 5,
        "unitPrice": "$1.00 / 100G"
    },
    {
        "category": "specials",
        "href": "https://www.woolworths.com.au/shop/productdetails/905981/arrogant-frog-imported-ribet-red-cabernet-merlot",
        "imgName": "905981.jpg",
        "imgSrc": "https://cdn0.woolworths.media/content/wowproductimages/medium/905981.jpg",
        "name": "Arrogant Frog Imported Ribet Red Cabernet Merlot 750ml",
        "price": 13,
        "special": 10
    },
    {
        "category": "specials",
        "href": "https://www.woolworths.com.au/shop/productdetails/258872/pantene-pro-v-daily-moisture-renewal-shampoo",
        "imgName": "258872.jpg",
        "imgSrc": "https://cdn0.woolworths.media/content/wowproductimages/medium/258872.jpg",
        "name": "Pantene Pro-v Daily Moisture Renewal Shampoo 350ml",
        "price": 4.5,
        "unitPrice": "$1.29 / 100ML"
    },
    {
        "category": "specials",
        "href": "https://www.woolworths.com.au/shop/productdetails/214469/waterthins-fine-wafer-cracker-natural",
        "imgName": "214469.jpg",
        "imgSrc": "https://cdn0.woolworths.media/content/wowproductimages/medium/214469.jpg",
        "name": "Waterthins Fine Wafer Cracker Natural 150g",
        "price": 3.2,
        "special": 2.5,
        "unitPrice": "$1.67 / 100G"
    },
    {
        "category": "specials",
        "href": "https://www.woolworths.com.au/shop/productdetails/182847/palmolive-body-wash-hydrating-gel",
        "imgName": "182847.jpg",
        "imgSrc": "https://cdn0.woolworths.media/content/wowproductimages/medium/182847.jpg",
        "name": "Palmolive Body Wash Hydrating Gel 500ml",
        "price": 5.4,
        "special": 5,
        "unitPrice": "$1.00 / 100ML"
    },
    {
        "category": "specials",
        "href": "https://www.woolworths.com.au/shop/productdetails/741301/1000-hour-eyelashes-brow-dye-kit-black",
        "imgName": "741301.jpg",
        "imgSrc": "https://cdn0.woolworths.media/content/wowproductimages/medium/741301.jpg",
        "name": "1000 Hour Eyelashes & Brow Dye Kit Black each",
        "price": 18.99,
        "special": 14,
        "unitPrice": "$14.00 / 1EA"
    },
    {
        "category": "specials",
        "href": "https://www.woolworths.com.au/shop/productdetails/830356/harry-s-ice-cream-triple-choc-brownie",
        "imgName": "830356.jpg",
        "imgSrc": "https://cdn0.woolworths.media/content/wowproductimages/medium/830356.jpg",
        "name": "Harry's Ice Cream Triple Choc Brownie 475ml tub",
        "price": 5,
        "special": 4,
        "unitPrice": "$0.84 / 100ML"
    },
    {
        "category": "specials",
        "href": "https://www.woolworths.com.au/shop/productdetails/370918/johnsons-frag-free-wipes-wipes-fragrance-free",
        "imgName": "370918.jpg",
        "imgSrc": "https://cdn0.woolworths.media/content/wowproductimages/medium/370918.jpg",
        "name": "Johnsons Frag Free Wipes Wipes Fragrance Free 25pk",
        "price": 6,
        "unitPrice": "$0.24 / 1EA"
    },
    {
        "category": "specials",
        "href": "https://www.woolworths.com.au/shop/productdetails/313420/san-remo-penne-wholemeal-pasta",
        "imgName": "313420.jpg",
        "imgSrc": "https://cdn0.woolworths.media/content/wowproductimages/medium/313420.jpg",
        "name": "San Remo Penne Wholemeal Pasta 500g",
        "price": 1.95,
        "unitPrice": "$0.39 / 100G"
    },
    {
        "category": "specials",
        "href": "https://www.woolworths.com.au/shop/productdetails/347092/white-wings-cake-mix-rich-chocolate-cake",
        "imgName": "347092.jpg",
        "imgSrc": "https://cdn0.woolworths.media/content/wowproductimages/medium/347092.jpg",
        "name": "White Wings Cake Mix Rich Chocolate Cake 530g",
        "price": 4,
        "unitPrice": "$0.75 / 100G"
    },
    {
        "category": "specials",
        "href": "https://www.woolworths.com.au/shop/productdetails/609001/gold-belgian-chocolate-lava-cake",
        "imgName": "609001.jpg",
        "imgSrc": "https://cdn0.woolworths.media/content/wowproductimages/medium/609001.jpg",
        "name": "Gold Belgian Chocolate Lava Cake 2pk 180g",
        "price": 4,
        "special": 3.5,
        "unitPrice": "$1.94 / 100G"
    },
    {
        "category": "specials",
        "href": "https://www.woolworths.com.au/shop/productdetails/370912/saxbys-diet-ginger-beer",
        "imgName": "370912.jpg",
        "imgSrc": "https://cdn0.woolworths.media/content/wowproductimages/medium/370912.jpg",
        "name": "Saxbys Diet Ginger Beer  8x375ml",
        "price": 10,
        "special": 8.2,
        "unitPrice": "$2.73 / 1L"
    },
    {
        "category": "specials",
        "href": "https://www.woolworths.com.au/shop/productdetails/524445/energizer-duo-lightning-micro-usb-cable-1-2m",
        "imgName": "524445.jpg",
        "imgSrc": "https://cdn0.woolworths.media/content/wowproductimages/medium/524445.jpg",
        "name": "Energizer Duo Lightning-micro Usb Cable 1.2m each",
        "price": 30,
        "special": 21
    },
    {
        "category": "specials",
        "href": "https://www.woolworths.com.au/shop/productdetails/305693/home-essentials-utensil-beech-wood-stirring-spoon",
        "imgName": "305693.jpg",
        "imgSrc": "https://cdn0.woolworths.media/content/wowproductimages/medium/305693.jpg",
        "name": "Home Essentials Utensil Beech Wood Stirring Spoon each",
        "price": 3
    },
    {
        "category": "specials",
        "href": "https://www.woolworths.com.au/shop/productdetails/845595/john-frieda-frizz-ease-forever-smooth-conditioner",
        "imgName": "845595.jpg",
        "imgSrc": "https://cdn0.woolworths.media/content/wowproductimages/medium/845595.jpg",
        "name": "John Frieda Frizz Ease Forever Smooth Conditioner 250ml",
        "price": 16,
        "special": 9.6,
        "unitPrice": "$3.84 / 100ML"
    },
    {
        "category": "specials",
        "href": "https://www.woolworths.com.au/shop/productdetails/574781/diet-rite-cordial-lime",
        "imgName": "574781.jpg",
        "imgSrc": "https://cdn0.woolworths.media/content/wowproductimages/medium/574781.jpg",
        "name": "Diet Rite Cordial Lime 1l",
        "price": 3.5,
        "special": 3,
        "unitPrice": "$3.00 / 1L"
    },
    {
        "category": "specials",
        "href": "https://www.woolworths.com.au/shop/productdetails/35007/homebrand-white-rice-long-grain",
        "imgName": "035007.jpg",
        "imgSrc": "https://cdn0.woolworths.media/content/wowproductimages/medium/035007.jpg",
        "name": "Homebrand White Rice Long Grain 1kg",
        "price": 1.4,
        "unitPrice": "$0.14 / 100G"
    },
    {
        "category": "specials",
        "href": "https://www.woolworths.com.au/shop/productdetails/598939/biore-charcoal-acne-scrub",
        "imgName": "598939.jpg",
        "imgSrc": "https://cdn0.woolworths.media/content/wowproductimages/medium/598939.jpg",
        "name": "Biore Charcoal Acne Scrub 127g",
        "price": 10,
        "special": 7,
        "unitPrice": "$5.51 / 100G"
    },
    {
        "category": "specials",
        "href": "https://www.woolworths.com.au/shop/productdetails/172638/campbells-real-vegetable-liquid-stock-salt-reduced",
        "imgName": "172638.jpg",
        "imgSrc": "https://cdn0.woolworths.media/content/wowproductimages/medium/172638.jpg",
        "name": "Campbells Real Vegetable Liquid Stock Salt Reduced 1l",
        "price": 3.99,
        "unitPrice": "$0.40 / 100ML"
    },
    {
        "category": "specials",
        "href": "https://www.woolworths.com.au/shop/productdetails/240822/la-casa-del-formaggio-bambini-bocconcini",
        "imgName": "240822.jpg",
        "imgSrc": "https://cdn0.woolworths.media/content/wowproductimages/medium/240822.jpg",
        "name": "La Casa Del Formaggio Bambini Bocconcini  220g",
        "price": 5.25,
        "special": 4.2,
        "unitPrice": "$19.09 / 1KG"
    },
    {
        "category": "specials",
        "href": "https://www.woolworths.com.au/shop/productdetails/582718/darell-lea-little-brittle-peanut",
        "imgName": "582718.jpg",
        "imgSrc": "https://cdn0.woolworths.media/content/wowproductimages/medium/582718.jpg",
        "name": "Darell Lea Little Brittle Peanut  200g",
        "price": 5,
        "special": 4,
        "unitPrice": "$2.00 / 100G"
    },
    {
        "category": "specials",
        "href": "https://www.woolworths.com.au/shop/productdetails/786898/sunrice-thai-red-chicken-curry-with-jasmine-rice",
        "imgName": "786898.jpg",
        "imgSrc": "https://cdn0.woolworths.media/content/wowproductimages/medium/786898.jpg",
        "name": "Sunrice Thai Red Chicken Curry With Jasmine Rice 350g",
        "price": 4.5,
        "unitPrice": "$1.29 / 100G"
    },
    {
        "category": "specials",
        "href": "https://www.woolworths.com.au/shop/productdetails/38288/dilmah-premium-quality-tea-bags",
        "imgName": "038288.jpg",
        "imgSrc": "https://cdn0.woolworths.media/content/wowproductimages/medium/038288.jpg",
        "name": "Dilmah Premium Quality Tea Bags 100pk 200g",
        "price": 4.8,
        "special": 3,
        "unitPrice": "$1.50 / 100G"
    },
    {
        "category": "specials",
        "href": "https://www.woolworths.com.au/shop/productdetails/588752/big-bag-cheezels",
        "imgName": "588752.jpg",
        "imgSrc": "https://cdn0.woolworths.media/content/wowproductimages/medium/588752.jpg",
        "name": "Big Bag Cheezels   330g",
        "price": 4,
        "unitPrice": "$1.21 / 100G"
    },
    {
        "category": "specials",
        "href": "https://www.woolworths.com.au/shop/productdetails/757519/gravox-gravy-mix-traditional-reduced-salt",
        "imgName": "757519.jpg",
        "imgSrc": "https://cdn0.woolworths.media/content/wowproductimages/medium/757519.jpg",
        "name": "Gravox Gravy Mix Traditional Reduced Salt 120g",
        "price": 3.3,
        "special": 2.5,
        "unitPrice": "$0.21 / 10G"
    },
    {
        "category": "specials",
        "href": "https://www.woolworths.com.au/shop/productdetails/211296/loacker-quadratini-wafers-vanilla",
        "imgName": "211296.jpg",
        "imgSrc": "https://cdn0.woolworths.media/content/wowproductimages/medium/211296.jpg",
        "name": "Loacker Quadratini Wafers Vanilla 125g",
        "price": 2.3,
        "special": 2,
        "unitPrice": "$1.60 / 100G"
    },
    {
        "category": "specials",
        "href": "https://www.woolworths.com.au/shop/productdetails/626515/ob-finest-sunflower-thyme-specialty-cracker",
        "imgName": "626515.jpg",
        "imgSrc": "https://cdn0.woolworths.media/content/wowproductimages/medium/626515.jpg",
        "name": "Ob Finest Sunflower & Thyme Specialty Cracker 150g",
        "price": 6,
        "unitPrice": "$4.00 / 100G"
    },
    {
        "category": "specials",
        "href": "https://www.woolworths.com.au/shop/productdetails/353459/tena-men-level-1",
        "imgName": "353459.jpg",
        "imgSrc": "https://cdn0.woolworths.media/content/wowproductimages/medium/353459.jpg",
        "name": "Tena Men Level 1 12pk",
        "price": 8,
        "unitPrice": "$0.67 / 1EA"
    },
    {
        "category": "specials",
        "href": "https://www.woolworths.com.au/shop/productdetails/22729/giesen-marlborough-pinot-noir",
        "imgName": "022729.jpg",
        "imgSrc": "https://cdn0.woolworths.media/content/wowproductimages/medium/022729.jpg",
        "name": "Giesen Marlborough Pinot Noir  750ml",
        "price": 20,
        "special": 16
    },
    {
        "category": "specials",
        "href": "https://www.woolworths.com.au/shop/productdetails/662127/lindt-mini-pralines",
        "imgName": "662127.jpg",
        "imgSrc": "https://cdn0.woolworths.media/content/wowproductimages/medium/662127.jpg",
        "name": "Lindt Mini Pralines  180g",
        "price": 15,
        "special": 12,
        "unitPrice": "$6.67 / 100G"
    },
    {
        "category": "specials",
        "href": "https://www.woolworths.com.au/shop/productdetails/316790/john-frieda-conditioner-luxurious-volume",
        "imgName": "316790.jpg",
        "imgSrc": "https://cdn0.woolworths.media/content/wowproductimages/medium/316790.jpg",
        "name": "John Frieda Conditioner Luxurious Volume 250ml",
        "price": 16,
        "special": 9.6,
        "unitPrice": "$3.84 / 100ML"
    },
    {
        "category": "specials",
        "href": "https://www.woolworths.com.au/shop/productdetails/769653/rescue-remedy-liquid-drops",
        "imgName": "769653.jpg",
        "imgSrc": "https://cdn0.woolworths.media/content/wowproductimages/medium/769653.jpg",
        "name": "Rescue Remedy Liquid Drops 10ml",
        "price": 20,
        "special": 15,
        "unitPrice": "$150.00 / 100ML"
    },
    {
        "category": "specials",
        "href": "https://www.woolworths.com.au/shop/productdetails/744189/homebrand-plasticware-food-storage-mini",
        "imgName": "744189.jpg",
        "imgSrc": "https://cdn0.woolworths.media/content/wowproductimages/medium/744189.jpg",
        "name": "Homebrand Plasticware Food Storage Mini 8pk",
        "price": 2,
        "unitPrice": "$0.25 / 1EA"
    },
    {
        "category": "specials",
        "href": "https://www.woolworths.com.au/shop/productdetails/5649/green-s-gravy-granules-for-chicken",
        "imgName": "005649.jpg",
        "imgSrc": "https://cdn0.woolworths.media/content/wowproductimages/medium/005649.jpg",
        "name": "Green's Gravy Granules For Chicken 120g",
        "price": 3.8,
        "special": 3,
        "unitPrice": "$0.25 / 10G"
    },
    {
        "category": "specials",
        "href": "https://www.woolworths.com.au/shop/productdetails/661038/heinz-ruskettes-banana-pumpkin",
        "imgName": "661038.jpg",
        "imgSrc": "https://cdn0.woolworths.media/content/wowproductimages/medium/661038.jpg",
        "name": "Heinz Ruskettes Banana & Pumpkin 12m 84g",
        "price": 4.5,
        "special": 3,
        "unitPrice": "$3.57 / 100G"
    },
    {
        "category": "specials",
        "href": "https://www.woolworths.com.au/shop/productdetails/622937/duck-toilet-fresh-disc-marine",
        "imgName": "622937.jpg",
        "imgSrc": "https://cdn0.woolworths.media/content/wowproductimages/medium/622937.jpg",
        "name": "Duck Toilet Fresh Disc Marine 36ml",
        "price": 5.8,
        "special": 4,
        "unitPrice": "$11.11 / 100ML"
    },
    {
        "category": "specials",
        "href": "https://www.woolworths.com.au/shop/productdetails/335088/macro-organic-fruit-coconut-shredded",
        "imgName": "335088.jpg",
        "imgSrc": "https://cdn0.woolworths.media/content/wowproductimages/medium/335088.jpg",
        "name": "Macro Organic Fruit Coconut Shredded 200g",
        "price": 3.8,
        "special": 3,
        "unitPrice": "$15.00 / 1KG"
    },
    {
        "category": "specials",
        "href": "https://www.woolworths.com.au/shop/productdetails/521912/essentials-universal-grater",
        "imgName": "521912.jpg",
        "imgSrc": "https://cdn0.woolworths.media/content/wowproductimages/medium/521912.jpg",
        "name": "Essentials Universal Grater  each",
        "price": 2
    },
    {
        "category": "specials",
        "href": "https://www.woolworths.com.au/shop/productdetails/516947/lucky-dog-meaty-chew-lamb",
        "imgName": "516947.jpg",
        "imgSrc": "https://cdn0.woolworths.media/content/wowproductimages/medium/516947.jpg",
        "name": "Lucky Dog Meaty Chew Lamb 4pk 96g",
        "price": 5.5,
        "special": 4,
        "unitPrice": "$4.17 / 100G"
    },
    {
        "category": "specials",
        "href": "https://www.woolworths.com.au/shop/productdetails/543764/obela-dip-paprika-red-pepper",
        "imgName": "543764.jpg",
        "imgSrc": "https://cdn0.woolworths.media/content/wowproductimages/medium/543764.jpg",
        "name": "Obela Dip Paprika Red Pepper 220g",
        "price": 4.4,
        "special": 4,
        "unitPrice": "$1.82 / 100G"
    },
    {
        "category": "specials",
        "href": "https://www.woolworths.com.au/shop/productdetails/318264/i-j-light-and-crispy-crumbed-original-jumbo-pack",
        "imgName": "318264.jpg",
        "imgSrc": "https://cdn0.woolworths.media/content/wowproductimages/medium/318264.jpg",
        "name": "I&j Light And Crispy Crumbed Original Jumbo Pack 1kg",
        "price": 10,
        "unitPrice": "$10.00 / 1KG"
    },
    {
        "category": "specials",
        "href": "https://www.woolworths.com.au/shop/productdetails/559268/woolworths-earl-grey-tea",
        "imgName": "559268.jpg",
        "imgSrc": "https://cdn0.woolworths.media/content/wowproductimages/medium/559268.jpg",
        "name": "Woolworths Earl Grey Tea 50pk",
        "price": 2.2,
        "unitPrice": "$2.20 / 100G"
    },
    {
        "category": "specials",
        "href": "https://www.woolworths.com.au/shop/productdetails/939768/pure-blonde-ultra-low-carb-lager-bottles",
        "imgName": "939768.jpg",
        "imgSrc": "https://cdn0.woolworths.media/content/wowproductimages/medium/939768.jpg",
        "name": "Pure Blonde Ultra Low Carb Lager Bottles 12x375ml pack",
        "price": 31,
        "special": 28
    },
    {
        "category": "specials",
        "href": "https://www.woolworths.com.au/shop/productdetails/214472/waterthins-fine-wafer-cracker-pepper-and-chives",
        "imgName": "214472.jpg",
        "imgSrc": "https://cdn0.woolworths.media/content/wowproductimages/medium/214472.jpg",
        "name": "Waterthins Fine Wafer Cracker Pepper And Chives 150g",
        "price": 3.2,
        "special": 2.5,
        "unitPrice": "$1.67 / 100G"
    },
    {
        "category": "specials",
        "href": "https://www.woolworths.com.au/shop/productdetails/733481/cenovis-krill-oil-glucosamine-capsules",
        "imgName": "733481.jpg",
        "imgSrc": "https://cdn0.woolworths.media/content/wowproductimages/medium/733481.jpg",
        "name": "Cenovis Krill Oil + Glucosamine Capsules 60",
        "price": 15,
        "unitPrice": "$25.00 / 100EA"
    },
    {
        "category": "specials",
        "href": "https://www.woolworths.com.au/shop/productdetails/257473/maggi-pork-gravy-mix",
        "imgName": "257473.jpg",
        "imgSrc": "https://cdn0.woolworths.media/content/wowproductimages/medium/257473.jpg",
        "name": "Maggi Pork Gravy Mix 26g",
        "price": 1,
        "special": 0.8,
        "unitPrice": "$0.31 / 10G"
    },
    {
        "category": "specials",
        "href": "https://www.woolworths.com.au/shop/productdetails/655709/blue-moon-belgian-white-wheat-beer-bottles",
        "imgName": "655709.jpg",
        "imgSrc": "https://cdn0.woolworths.media/content/wowproductimages/medium/655709.jpg",
        "name": "Blue Moon Belgian White Wheat Beer Bottles 6x330ml pack",
        "price": 22.8,
        "special": 21
    },
    {
        "category": "specials",
        "href": "https://www.woolworths.com.au/shop/productdetails/505671/woolworths-roasted-capsicum-strips-prepacked",
        "imgName": "505671.jpg",
        "imgSrc": "https://cdn0.woolworths.media/content/wowproductimages/medium/505671.jpg",
        "name": "Woolworths Roasted Capsicum Strips Prepacked 180g",
        "price": 3.5,
        "special": 3,
        "unitPrice": "$1.67 / 100G"
    },
    {
        "category": "specials",
        "href": "https://www.woolworths.com.au/shop/productdetails/36216/arnott-s-chocolate-monte",
        "imgName": "036216.jpg",
        "imgSrc": "https://cdn0.woolworths.media/content/wowproductimages/medium/036216.jpg",
        "name": "Arnott's Chocolate Monte  200g",
        "price": 2.5,
        "unitPrice": "$1.25 / 100G"
    },
    {
        "category": "specials",
        "href": "https://www.woolworths.com.au/shop/productdetails/77498/barilla-bows-farfalle-pasta-no-65",
        "imgName": "077498.jpg",
        "imgSrc": "https://cdn0.woolworths.media/content/wowproductimages/medium/077498.jpg",
        "name": "Barilla Bows Farfalle Pasta No 65 500g",
        "price": 1.99,
        "unitPrice": "$0.40 / 100G"
    },
    {
        "category": "specials",
        "href": "https://www.woolworths.com.au/shop/productdetails/605217/finish-dishwasher-freshener-lemon-lime",
        "imgName": "605217.jpg",
        "imgSrc": "https://cdn0.woolworths.media/content/wowproductimages/medium/605217.jpg",
        "name": "Finish Dishwasher Freshener Lemon Lime each",
        "price": 5.5,
        "unitPrice": "$5.50 / 1EA"
    },
    {
        "category": "specials",
        "href": "https://www.woolworths.com.au/shop/productdetails/600212/starburst-fruity-burst-chewing-gum",
        "imgName": "600212.jpg",
        "imgSrc": "https://cdn0.woolworths.media/content/wowproductimages/medium/600212.jpg",
        "name": "Starburst Fruity Burst Chewing Gum 28g",
        "price": 2,
        "special": 1.6,
        "unitPrice": "$5.71 / 100G"
    },
    {
        "category": "specials",
        "href": "https://www.woolworths.com.au/shop/productdetails/62874/carlton-mid-strength-lager-stubbies",
        "imgName": "062874.jpg",
        "imgSrc": "https://cdn0.woolworths.media/content/wowproductimages/medium/062874.jpg",
        "name": "Carlton Mid Strength Lager Stubbies 24x375ml case",
        "price": 48,
        "special": 43
    },
    {
        "category": "specials",
        "href": "https://www.woolworths.com.au/shop/productdetails/779251/woolworths-frozen-meat-pies",
        "imgName": "779251.jpg",
        "imgSrc": "https://cdn0.woolworths.media/content/wowproductimages/medium/779251.jpg",
        "name": "Woolworths Frozen Meat Pies 4pk 700g",
        "price": 3.5,
        "unitPrice": "$0.50 / 100G"
    },
    {
        "category": "specials",
        "href": "https://www.woolworths.com.au/shop/productdetails/702357/pandaroo-ingredients-chinese-cooking-wine",
        "imgName": "702357.jpg",
        "imgSrc": "https://cdn0.woolworths.media/content/wowproductimages/medium/702357.jpg",
        "name": "Pandaroo Ingredients Chinese Cooking Wine 375ml",
        "price": 3.45,
        "special": 3.1,
        "unitPrice": "$0.83 / 100ML"
    },
    {
        "category": "specials",
        "href": "https://www.woolworths.com.au/shop/productdetails/532346/pure-produce-company-authentic-dip",
        "imgName": "532346.jpg",
        "imgSrc": "https://cdn0.woolworths.media/content/wowproductimages/medium/532346.jpg",
        "name": "Pure Produce Company Authentic Dip  4 pack",
        "price": 6,
        "special": 5,
        "unitPrice": "$12.50 / 1KG"
    },
    {
        "category": "specials",
        "href": "https://www.woolworths.com.au/shop/productdetails/420499/philips-light-globe-led-10-5w-1055-lumen-cool-es",
        "imgName": "420499.jpg",
        "imgSrc": "https://cdn0.woolworths.media/content/wowproductimages/medium/420499.jpg",
        "name": "Philips Light Globe Led 10.5w 1055 Lumen Cool Es each",
        "price": 13,
        "unitPrice": "$13.00 / 1EA"
    },
    {
        "category": "specials",
        "href": "https://www.woolworths.com.au/shop/productdetails/371387/my-dog-senior-dog-food-lamb-rice-carrots",
        "imgName": "371387.jpg",
        "imgSrc": "https://cdn0.woolworths.media/content/wowproductimages/medium/371387.jpg",
        "name": "My Dog Senior Dog Food Lamb Rice & Carrots 400g",
        "price": 2.1,
        "special": 1.8,
        "unitPrice": "$0.45 / 100G"
    },
    {
        "category": "specials",
        "href": "https://www.woolworths.com.au/shop/productdetails/637597/lynx-shower-gel-you-got-the-mo",
        "imgName": "637597.jpg",
        "imgSrc": "https://cdn0.woolworths.media/content/wowproductimages/medium/637597.jpg",
        "name": "Lynx Shower Gel You Got The Mo 400ml",
        "price": 6.25,
        "special": 4.3,
        "unitPrice": "$1.08 / 100ML"
    },
    {
        "category": "specials",
        "href": "https://www.woolworths.com.au/shop/productdetails/252148/lea-perrins-sauce-worcestershire",
        "imgName": "252148.jpg",
        "imgSrc": "https://cdn0.woolworths.media/content/wowproductimages/medium/252148.jpg",
        "name": "Lea & Perrins Sauce Worcestershire  290ml",
        "price": 3.4,
        "special": 2.9,
        "unitPrice": "$1.00 / 100ML"
    },
    {
        "category": "specials",
        "href": "https://www.woolworths.com.au/shop/productdetails/458675/pantene-3-minute-miracle-conditioner-colour-protect",
        "imgName": "458675.jpg",
        "imgSrc": "https://cdn0.woolworths.media/content/wowproductimages/medium/458675.jpg",
        "name": "Pantene 3 Minute Miracle Conditioner Colour Protect 180ml",
        "price": 4.5,
        "unitPrice": "$2.50 / 100ML"
    },
    {
        "category": "specials",
        "href": "https://www.woolworths.com.au/shop/productdetails/309214/south-cape-trilogy-herb-sundried-vintage-cheddar-cheese",
        "imgName": "309214.jpg",
        "imgSrc": "https://cdn0.woolworths.media/content/wowproductimages/medium/309214.jpg",
        "name": "South Cape Trilogy Herb Sundried Vintage Cheddar Cheese 140g",
        "price": 6,
        "special": 4.5,
        "unitPrice": "$32.14 / 1KG"
    },
    {
        "category": "specials",
        "href": "https://www.woolworths.com.au/shop/productdetails/536508/woolworths-mozzarella-shredded-cheese",
        "imgName": "536508.jpg",
        "imgSrc": "https://cdn0.woolworths.media/content/wowproductimages/medium/536508.jpg",
        "name": "Woolworths Mozzarella Shredded Cheese 250g",
        "price": 3.5,
        "unitPrice": "$14.00 / 1KG"
    },
    {
        "category": "specials",
        "href": "https://www.woolworths.com.au/shop/productdetails/519449/nicabate-quit-smoking-extra-strength-gum-fresh-mint",
        "imgName": "519449.jpg",
        "imgSrc": "https://cdn0.woolworths.media/content/wowproductimages/medium/519449.jpg",
        "name": "Nicabate Quit Smoking Extra Strength Gum Fresh Mint 100pk",
        "price": 33,
        "special": 29,
        "unitPrice": "$29.00 / 100EA"
    },
    {
        "category": "specials",
        "href": "https://www.woolworths.com.au/shop/productdetails/657755/my-dog-kangaroo-dog-food",
        "imgName": "657755.jpg",
        "imgSrc": "https://cdn0.woolworths.media/content/wowproductimages/medium/657755.jpg",
        "name": "My Dog Kangaroo Dog Food 400g",
        "price": 2.1,
        "special": 1.8,
        "unitPrice": "$0.45 / 100G"
    },
    {
        "category": "specials",
        "href": "https://www.woolworths.com.au/shop/productdetails/763331/bic-atlantis-retractable-pen-black",
        "imgName": "763331.jpg",
        "imgSrc": "https://cdn0.woolworths.media/content/wowproductimages/medium/763331.jpg",
        "name": "Bic Atlantis Retractable Pen Black 4pk",
        "price": 5.5,
        "special": 3.7
    },
    {
        "category": "specials",
        "href": "https://www.woolworths.com.au/shop/productdetails/976908/hahn-ultra-lager-low-alcohol-bottle",
        "imgName": "976908.jpg",
        "imgSrc": "https://cdn0.woolworths.media/content/wowproductimages/medium/976908.jpg",
        "name": "Hahn Ultra Lager Low Alcohol Bottle 24x330ml case",
        "price": 43,
        "special": 38
    },
    {
        "category": "specials",
        "href": "https://www.woolworths.com.au/shop/productdetails/599322/ainsley-harriott-singapore-spice-rice-spice",
        "imgName": "599322.jpg",
        "imgSrc": "https://cdn0.woolworths.media/content/wowproductimages/medium/599322.jpg",
        "name": "Ainsley Harriott Singapore Spice Rice Spice 105g",
        "price": 2.1,
        "unitPrice": "$2.00 / 100G"
    },
    {
        "category": "specials",
        "href": "https://www.woolworths.com.au/shop/productdetails/505876/balnea-liquid-hand-wash-anti-bac-vitamin-e-pump",
        "imgName": "505876.jpg",
        "imgSrc": "https://cdn0.woolworths.media/content/wowproductimages/medium/505876.jpg",
        "name": "Balnea Liquid Hand Wash Anti-bac Vitamin E Pump 250ml",
        "price": 1.5,
        "unitPrice": "$0.60 / 100ML"
    },
    {
        "category": "specials",
        "href": "https://www.woolworths.com.au/shop/productdetails/2328/l-oreal-preference-5-palma-brown",
        "imgName": "002328.jpg",
        "imgSrc": "https://cdn0.woolworths.media/content/wowproductimages/medium/002328.jpg",
        "name": "L'oreal Preference 5 Palma Brown 1pk",
        "price": 19,
        "special": 13
    },
    {
        "category": "specials",
        "href": "https://www.woolworths.com.au/shop/productdetails/854106/inspire-soup-ladle",
        "imgName": "854106.jpg",
        "imgSrc": "https://cdn0.woolworths.media/content/wowproductimages/medium/854106.jpg",
        "name": "Inspire Soup Ladle  each",
        "price": 6
    },
    {
        "category": "specials",
        "href": "https://www.woolworths.com.au/shop/productdetails/830184/cadbury-breakaway-hazelnut-biscuit",
        "imgName": "830184.jpg",
        "imgSrc": "https://cdn0.woolworths.media/content/wowproductimages/medium/830184.jpg",
        "name": "Cadbury Breakaway Hazelnut Biscuit 180g",
        "price": 4,
        "special": 3,
        "unitPrice": "$1.67 / 100G"
    },
    {
        "category": "specials",
        "href": "https://www.woolworths.com.au/shop/productdetails/110573/castello-cheese-white-soft",
        "imgName": "110573.jpg",
        "imgSrc": "https://cdn0.woolworths.media/content/wowproductimages/medium/110573.jpg",
        "name": "Castello Cheese White Soft 300g",
        "price": 11.99,
        "special": 9,
        "unitPrice": "$30.00 / 1KG"
    },
    {
        "category": "specials",
        "href": "https://www.woolworths.com.au/shop/productdetails/717800/just-caught-prawn-gyoza",
        "imgName": "717800.jpg",
        "imgSrc": "https://cdn0.woolworths.media/content/wowproductimages/medium/717800.jpg",
        "name": "Just Caught Prawn Gyoza 500g",
        "price": 8.5,
        "special": 6.5,
        "unitPrice": "$13.00 / 1KG"
    },
    {
        "category": "specials",
        "href": "https://www.woolworths.com.au/shop/productdetails/302306/perfect-italiano-extra-sharp-grated-parmesan",
        "imgName": "302306.jpg",
        "imgSrc": "https://cdn0.woolworths.media/content/wowproductimages/medium/302306.jpg",
        "name": "Perfect Italiano Extra Sharp Grated Parmesan 125g",
        "price": 3.25,
        "unitPrice": "$26.00 / 1KG"
    },
    {
        "category": "specials",
        "href": "https://www.woolworths.com.au/shop/productdetails/660072/omo-specialty-laundry-liquid-colours-darks",
        "imgName": "660072.jpg",
        "imgSrc": "https://cdn0.woolworths.media/content/wowproductimages/medium/660072.jpg",
        "name": "Omo Specialty Laundry Liquid Colours & Darks 1l",
        "price": 12,
        "special": 8.6,
        "unitPrice": "$8.60 / 1L"
    },
    {
        "category": "specials",
        "href": "https://www.woolworths.com.au/shop/productdetails/651204/colgate-total-charcoal-deep-clean",
        "imgName": "651204.jpg",
        "imgSrc": "https://cdn0.woolworths.media/content/wowproductimages/medium/651204.jpg",
        "name": "Colgate Total Charcoal Deep Clean 110g",
        "price": 5,
        "special": 3,
        "unitPrice": "$2.73 / 100G"
    },
    {
        "category": "specials",
        "href": "https://www.woolworths.com.au/shop/productdetails/460576/schick-hydro-razor-3-refill",
        "imgName": "460576.jpg",
        "imgSrc": "https://cdn0.woolworths.media/content/wowproductimages/medium/460576.jpg",
        "name": "Schick Hydro Razor 3 Refill 6pk",
        "price": 15,
        "unitPrice": "$2.50 / 1EA"
    },
    {
        "category": "specials",
        "href": "https://www.woolworths.com.au/shop/productdetails/550464/nescafe-gold-iced-coffee-concentrate-espresso",
        "imgName": "550464.jpg",
        "imgSrc": "https://cdn0.woolworths.media/content/wowproductimages/medium/550464.jpg",
        "name": "Nescafe Gold Iced Coffee Concentrate Espresso 96ml",
        "price": 6.5,
        "special": 4.5,
        "unitPrice": "$4.69 / 100ML"
    },
    {
        "category": "specials",
        "href": "https://www.woolworths.com.au/shop/productdetails/332068/nice-natural-nut-bar-trail-mix",
        "imgName": "332068.jpg",
        "imgSrc": "https://cdn0.woolworths.media/content/wowproductimages/medium/332068.jpg",
        "name": "Nice & Natural Nut Bar Trail Mix 192g",
        "price": 4,
        "special": 3,
        "unitPrice": "$1.56 / 100G"
    },
    {
        "category": "specials",
        "href": "https://www.woolworths.com.au/shop/productdetails/325768/john-frieda-conditioner-sheer-blonde-go-blonder",
        "imgName": "325768.jpg",
        "imgSrc": "https://cdn0.woolworths.media/content/wowproductimages/medium/325768.jpg",
        "name": "John Frieda Conditioner Sheer Blonde Go Blonder 250ml",
        "price": 18,
        "special": 10.8,
        "unitPrice": "$4.32 / 100ML"
    },
    {
        "category": "specials",
        "href": "https://www.woolworths.com.au/shop/productdetails/789050/shine-microfibre-cloths-assorted",
        "imgName": "789050.jpg",
        "imgSrc": "https://cdn0.woolworths.media/content/wowproductimages/medium/789050.jpg",
        "name": "Shine Microfibre Cloths Assorted 10pk",
        "price": 8.99,
        "unitPrice": "$0.90 / 1EA"
    },
    {
        "category": "specials",
        "href": "https://www.woolworths.com.au/shop/productdetails/39711/san-remo-spaghetti-thin-pasta-no-4",
        "imgName": "039711.jpg",
        "imgSrc": "https://cdn0.woolworths.media/content/wowproductimages/medium/039711.jpg",
        "name": "San Remo Spaghetti Thin Pasta No 4 750g",
        "price": 2.9,
        "unitPrice": "$0.39 / 100G"
    },
    {
        "category": "specials",
        "href": "https://www.woolworths.com.au/shop/productdetails/591719/mccormick-produce-partner-scallop-potato",
        "imgName": "591719.jpg",
        "imgSrc": "https://cdn0.woolworths.media/content/wowproductimages/medium/591719.jpg",
        "name": "Mccormick Produce Partner Scallop Potato 40g",
        "price": 1.69,
        "special": 1.5,
        "unitPrice": "$3.75 / 100G"
    },
    {
        "category": "specials",
        "href": "https://www.woolworths.com.au/shop/productdetails/533557/hansells-all-natural-fruit-syrup-lemon-raspberry-elderberry",
        "imgName": "533557.jpg",
        "imgSrc": "https://cdn0.woolworths.media/content/wowproductimages/medium/533557.jpg",
        "name": "Hansells All Natural Fruit Syrup Lemon Raspberry & Elderberry 750ml",
        "price": 5.99,
        "special": 5,
        "unitPrice": "$6.67 / 1L"
    },
    {
        "category": "specials",
        "href": "https://www.woolworths.com.au/shop/productdetails/575846/twinings-sleep",
        "imgName": "575846.jpg",
        "imgSrc": "https://cdn0.woolworths.media/content/wowproductimages/medium/575846.jpg",
        "name": "Twinings Sleep  18pk",
        "price": 4,
        "unitPrice": "$0.22 / 1EA"
    },
    {
        "category": "specials",
        "href": "https://www.woolworths.com.au/shop/productdetails/661638/tresemme-shampoo-botanique-smoothe-remedy",
        "imgName": "661638.jpg",
        "imgSrc": "https://cdn0.woolworths.media/content/wowproductimages/medium/661638.jpg",
        "name": "Tresemme Shampoo Botanique Smoothe Remedy 390ml",
        "price": 7,
        "special": 5,
        "unitPrice": "$1.28 / 100ML"
    },
    {
        "category": "specials",
        "href": "https://www.woolworths.com.au/shop/productdetails/43083/moro-extra-light-olive-oil",
        "imgName": "043083.jpg",
        "imgSrc": "https://cdn0.woolworths.media/content/wowproductimages/medium/043083.jpg",
        "name": "Moro Extra Light Olive Oil 4l",
        "price": 29,
        "unitPrice": "$0.73 / 100ML"
    },
    {
        "category": "specials",
        "href": "https://www.woolworths.com.au/shop/productdetails/861367/ob-finest-sesame-wafer-crackers",
        "imgName": "861367.jpg",
        "imgSrc": "https://cdn0.woolworths.media/content/wowproductimages/medium/861367.jpg",
        "name": "Ob Finest Sesame Wafer Crackers  100g",
        "price": 3,
        "unitPrice": "$3.00 / 100G"
    },
    {
        "category": "specials",
        "href": "https://www.woolworths.com.au/shop/productdetails/750841/uncle-tobys-cheerios",
        "imgName": "750841.jpg",
        "imgSrc": "https://cdn0.woolworths.media/content/wowproductimages/medium/750841.jpg",
        "name": "Uncle Tobys Cheerios  320g",
        "price": 4.09,
        "special": 3,
        "unitPrice": "$0.94 / 100G"
    },
    {
        "category": "specials",
        "href": "https://www.woolworths.com.au/shop/productdetails/826882/natures-way-osteo-k-calcium-k2-with-vitamin-d",
        "imgName": "826882.jpg",
        "imgSrc": "https://cdn0.woolworths.media/content/wowproductimages/medium/826882.jpg",
        "name": "Natures Way Osteo-k Calcium & K2 With Vitamin D 50pk",
        "price": 25,
        "special": 18.7,
        "unitPrice": "$37.40 / 100EA"
    },
    {
        "category": "specials",
        "href": "https://www.woolworths.com.au/shop/productdetails/827615/woolworths-select-white-rice-medium-grain",
        "imgName": "827615.jpg",
        "imgSrc": "https://cdn0.woolworths.media/content/wowproductimages/medium/827615.jpg",
        "name": "Woolworths Select White Rice Medium Grain 1kg",
        "price": 2.3,
        "unitPrice": "$0.23 / 100G"
    },
    {
        "category": "specials",
        "href": "https://www.woolworths.com.au/shop/productdetails/468984/toblerone-milk-chocolate",
        "imgName": "468984.jpg",
        "imgSrc": "https://cdn0.woolworths.media/content/wowproductimages/medium/468984.jpg",
        "name": "Toblerone Milk Chocolate  360g bar",
        "price": 10,
        "special": 5,
        "unitPrice": "$1.39 / 100G"
    },
    {
        "category": "specials",
        "href": "https://www.woolworths.com.au/shop/productdetails/741546/homebrand-utensil-bamboo-skewers-16cm",
        "imgName": "741546.jpg",
        "imgSrc": "https://cdn0.woolworths.media/content/wowproductimages/medium/741546.jpg",
        "name": "Homebrand Utensil Bamboo Skewers 16cm 100pk",
        "price": 3
    },
    {
        "category": "specials",
        "href": "https://www.woolworths.com.au/shop/productdetails/658460/kan-tong-satay-chicken-meal-base-pouch",
        "imgName": "658460.jpg",
        "imgSrc": "https://cdn0.woolworths.media/content/wowproductimages/medium/658460.jpg",
        "name": "Kan Tong Satay Chicken Meal Base Pouch 180g",
        "price": 2.89,
        "unitPrice": "$1.61 / 100G"
    },
    {
        "category": "specials",
        "href": "https://www.woolworths.com.au/shop/productdetails/858930/bonds-baby-zippy-wondersuit-grey-size-000-2",
        "imgName": "858930.jpg",
        "imgSrc": "https://cdn0.woolworths.media/content/wowproductimages/medium/858930.jpg",
        "name": "Bonds Baby Zippy Wondersuit Grey Size 000 - 2 1pk",
        "price": 22,
        "special": 15.4
    },
    {
        "category": "specials",
        "href": "https://www.woolworths.com.au/shop/productdetails/369799/lucky-mixed-fruit-almonds-and-cranberries",
        "imgName": "369799.jpg",
        "imgSrc": "https://cdn0.woolworths.media/content/wowproductimages/medium/369799.jpg",
        "name": "Lucky Mixed Fruit Almonds And Cranberries 6x30g",
        "price": 6.3,
        "special": 4.7,
        "unitPrice": "$26.11 / 1KG"
    },
    {
        "category": "specials",
        "href": "https://www.woolworths.com.au/shop/productdetails/696791/cruiser-vodka-lush-guava",
        "imgName": "696791.jpg",
        "imgSrc": "https://cdn0.woolworths.media/content/wowproductimages/medium/696791.jpg",
        "name": "Cruiser Vodka Lush Guava 24x275ml",
        "price": 81,
        "special": 67
    },
    {
        "category": "specials",
        "href": "https://www.woolworths.com.au/shop/productdetails/270821/carefree-barely-there-panty-liners-aloe",
        "imgName": "270821.jpg",
        "imgSrc": "https://cdn0.woolworths.media/content/wowproductimages/medium/270821.jpg",
        "name": "Carefree Barely There Panty Liners Aloe 42pk",
        "price": 5,
        "unitPrice": "$0.12 / 1EA"
    },
    {
        "category": "specials",
        "href": "https://www.woolworths.com.au/shop/productdetails/77001/peroni-nastro-azzurro-lager-bottles",
        "imgName": "077001.jpg",
        "imgSrc": "https://cdn0.woolworths.media/content/wowproductimages/medium/077001.jpg",
        "name": "Peroni Nastro Azzurro Lager Bottles 6x330ml pack",
        "price": 21.8,
        "special": 17
    },
    {
        "category": "specials",
        "href": "https://www.woolworths.com.au/shop/productdetails/830236/energizer-eco-advanced-aaa-batteries",
        "imgName": "830236.jpg",
        "imgSrc": "https://cdn0.woolworths.media/content/wowproductimages/medium/830236.jpg",
        "name": "Energizer Eco Advanced Aaa Batteries 4pk",
        "price": 7.5,
        "unitPrice": "$1.88 / 1EA"
    },
    {
        "category": "specials",
        "href": "https://www.woolworths.com.au/shop/productdetails/559273/mud-lipstick-cinnamon-spice",
        "imgName": "559273.jpg",
        "imgSrc": "https://cdn0.woolworths.media/content/wowproductimages/medium/559273.jpg",
        "name": "Mud Lipstick Cinnamon Spice 3g",
        "price": 3,
        "unitPrice": "$10.00 / 10G"
    },
    {
        "category": "specials",
        "href": "https://www.woolworths.com.au/shop/productdetails/604170/l-or-espresso-oro-sublime-coffee-capsule",
        "imgName": "604170.jpg",
        "imgSrc": "https://cdn0.woolworths.media/content/wowproductimages/medium/604170.jpg",
        "name": "L'or Espresso Oro Sublime Coffee Capsule 10pk 52g",
        "price": 6,
        "special": 4,
        "unitPrice": "$7.69 / 100G"
    },
    {
        "category": "specials",
        "href": "https://www.woolworths.com.au/shop/productdetails/352009/tuckers-rosemary-rocksalt-crackers",
        "imgName": "352009.jpg",
        "imgSrc": "https://cdn0.woolworths.media/content/wowproductimages/medium/352009.jpg",
        "name": "Tuckers Rosemary & Rocksalt Crackers 110g",
        "price": 4,
        "special": 2.5,
        "unitPrice": "$2.27 / 100G"
    },
    {
        "category": "specials",
        "href": "https://www.woolworths.com.au/shop/productdetails/769660/palmolive-dishwashing-ultra-sensitive",
        "imgName": "769660.jpg",
        "imgSrc": "https://cdn0.woolworths.media/content/wowproductimages/medium/769660.jpg",
        "name": "Palmolive Dishwashing Ultra Sensitive 375ml",
        "price": 3,
        "unitPrice": "$0.80 / 100ML"
    },
    {
        "category": "specials",
        "href": "https://www.woolworths.com.au/shop/productdetails/26294/fruities-tropical-cordial",
        "imgName": "026294.jpg",
        "imgSrc": "https://cdn0.woolworths.media/content/wowproductimages/medium/026294.jpg",
        "name": "Fruities Tropical Cordial 1l",
        "price": 4.49,
        "special": 4,
        "unitPrice": "$4.00 / 1L"
    },
    {
        "category": "specials",
        "href": "https://www.woolworths.com.au/shop/productdetails/233735/john-frieda-shampoo-radiant-red",
        "imgName": "233735.jpg",
        "imgSrc": "https://cdn0.woolworths.media/content/wowproductimages/medium/233735.jpg",
        "name": "John Frieda Shampoo Radiant Red 250ml",
        "price": 16,
        "special": 9.6,
        "unitPrice": "$3.84 / 100ML"
    },
    {
        "category": "specials",
        "href": "https://www.woolworths.com.au/shop/productdetails/423777/maybelline-new-york-creamy-matte-lust-for-blush",
        "imgName": "423777.jpg",
        "imgSrc": "https://cdn0.woolworths.media/content/wowproductimages/medium/423777.jpg",
        "name": "Maybelline New York Creamy Matte Lust For Blush 4.2g",
        "price": 17.95,
        "special": 12.55,
        "unitPrice": "$29.88 / 10G"
    },
    {
        "category": "specials",
        "href": "https://www.woolworths.com.au/shop/productdetails/533193/d-orsogna-maple-glazed-streaky-bacon",
        "imgName": "533193.jpg",
        "imgSrc": "https://cdn0.woolworths.media/content/wowproductimages/medium/533193.jpg",
        "name": "D'orsogna Maple Glazed Streaky Bacon 200g",
        "price": 5,
        "special": 4,
        "unitPrice": "$20.00 / 1KG"
    },
    {
        "category": "specials",
        "href": "https://www.woolworths.com.au/shop/productdetails/627366/dodoni-greek-goat-feta",
        "imgName": "627366.jpg",
        "imgSrc": "https://cdn0.woolworths.media/content/wowproductimages/medium/627366.jpg",
        "name": "Dodoni Greek Goat Feta 400g",
        "price": 12,
        "special": 8.95,
        "unitPrice": "$22.38 / 1KG"
    },
    {
        "category": "specials",
        "href": "https://www.woolworths.com.au/shop/productdetails/651266/darrell-lea-bigger-better-liquorice-chocolate",
        "imgName": "651266.jpg",
        "imgSrc": "https://cdn0.woolworths.media/content/wowproductimages/medium/651266.jpg",
        "name": "Darrell Lea Bigger Better Liquorice Chocolate 180g",
        "price": 3.9,
        "special": 3.3,
        "unitPrice": "$1.83 / 100G"
    },
    {
        "category": "specials",
        "href": "https://www.woolworths.com.au/shop/productdetails/84736/victoria-bitter-lager-cans",
        "imgName": "084736.jpg",
        "imgSrc": "https://cdn0.woolworths.media/content/wowproductimages/medium/084736.jpg",
        "name": "Victoria Bitter Lager Cans 30x375ml case",
        "price": 63,
        "special": 52
    },
    {
        "category": "specials",
        "href": "https://www.woolworths.com.au/shop/productdetails/371052/sunrice-quick-cups-microwave-fragrant-jasmine-rice",
        "imgName": "371052.jpg",
        "imgSrc": "https://cdn0.woolworths.media/content/wowproductimages/medium/371052.jpg",
        "name": "Sunrice Quick Cups Microwave Fragrant Jasmine Rice 250g",
        "price": 2.5,
        "unitPrice": "$1.00 / 100G"
    },
    {
        "category": "specials",
        "href": "https://www.woolworths.com.au/shop/productdetails/528235/strike-floor-cleaner-mountain-splash",
        "imgName": "528235.jpg",
        "imgSrc": "https://cdn0.woolworths.media/content/wowproductimages/medium/528235.jpg",
        "name": "Strike Floor Cleaner Mountain Splash 750ml",
        "price": 2,
        "unitPrice": "$0.27 / 100ML"
    },
    {
        "category": "specials",
        "href": "https://www.woolworths.com.au/shop/productdetails/1087/rexona-men-antiperspirant-deodorant-spray-ice-cool",
        "imgName": "001087.jpg",
        "imgSrc": "https://cdn0.woolworths.media/content/wowproductimages/medium/001087.jpg",
        "name": "Rexona Men Antiperspirant Deodorant Spray Ice Cool 250ml",
        "price": 7,
        "special": 5,
        "unitPrice": "$2.00 / 100ML"
    },
    {
        "category": "specials",
        "href": "https://www.woolworths.com.au/shop/productdetails/656655/lip-smacker-chupa-chups-tin",
        "imgName": "656655.jpg",
        "imgSrc": "https://cdn0.woolworths.media/content/wowproductimages/medium/656655.jpg",
        "name": "Lip Smacker Chupa Chups Tin 4 pack",
        "price": 10,
        "special": 8,
        "unitPrice": "$8.00 / 1EA"
    },
    {
        "category": "specials",
        "href": "https://www.woolworths.com.au/shop/productdetails/544764/primo-hungarian-salami-mild",
        "imgName": "544764.jpg",
        "imgSrc": "https://cdn0.woolworths.media/content/wowproductimages/medium/544764.jpg",
        "name": "Primo Hungarian Salami Mild 80g",
        "price": 3,
        "unitPrice": "$37.50 / 1KG"
    },
    {
        "category": "specials",
        "href": "https://www.woolworths.com.au/shop/productdetails/311980/tic-tac-peppermint",
        "imgName": "311980.jpg",
        "imgSrc": "https://cdn0.woolworths.media/content/wowproductimages/medium/311980.jpg",
        "name": "Tic Tac Peppermint  49g box",
        "price": 3,
        "unitPrice": "$6.12 / 100G"
    },
    {
        "category": "specials",
        "href": "https://www.woolworths.com.au/shop/productdetails/604174/l-or-espresso-colombia-coffee-capsule",
        "imgName": "604174.jpg",
        "imgSrc": "https://cdn0.woolworths.media/content/wowproductimages/medium/604174.jpg",
        "name": "L'or Espresso Colombia Coffee Capsule 10pk 52g",
        "price": 6,
        "special": 4,
        "unitPrice": "$7.69 / 100G"
    },
    {
        "category": "specials",
        "href": "https://www.woolworths.com.au/shop/productdetails/365414/miller-genuine-draft-lager-stubbies",
        "imgName": "365414.jpg",
        "imgSrc": "https://cdn0.woolworths.media/content/wowproductimages/medium/365414.jpg",
        "name": "Miller Genuine Draft Lager Stubbies 24x330ml case",
        "price": 56,
        "special": 46
    },
    {
        "category": "specials",
        "href": "https://www.woolworths.com.au/shop/productdetails/518025/mother-earth-strawberry-yoghurt-muesli-bars",
        "imgName": "518025.jpg",
        "imgSrc": "https://cdn0.woolworths.media/content/wowproductimages/medium/518025.jpg",
        "name": "Mother Earth Strawberry & Yoghurt Muesli Bars 12pk 372g",
        "price": 5,
        "unitPrice": "$1.34 / 100G"
    },
    {
        "category": "specials",
        "href": "https://www.woolworths.com.au/shop/productdetails/36092/arnott-s-marie-biscuits",
        "imgName": "036092.jpg",
        "imgSrc": "https://cdn0.woolworths.media/content/wowproductimages/medium/036092.jpg",
        "name": "Arnott's Marie Biscuits  250g",
        "price": 2,
        "special": 1.8,
        "unitPrice": "$0.72 / 100G"
    },
    {
        "category": "specials",
        "href": "https://www.woolworths.com.au/shop/productdetails/434087/woolworths-corn-chips-original",
        "imgName": "434087.jpg",
        "imgSrc": "https://cdn0.woolworths.media/content/wowproductimages/medium/434087.jpg",
        "name": "Woolworths Corn Chips Original 200g",
        "price": 2,
        "unitPrice": "$1.00 / 100G"
    },
    {
        "category": "specials",
        "href": "https://www.woolworths.com.au/shop/productdetails/983521/pure-blonde-crisp-apple-cider",
        "imgName": "983521.jpg",
        "imgSrc": "https://cdn0.woolworths.media/content/wowproductimages/medium/983521.jpg",
        "name": "Pure Blonde Crisp Apple Cider 24x355ml",
        "price": 55.3,
        "special": 52
    },
    {
        "category": "specials",
        "href": "https://www.woolworths.com.au/shop/productdetails/505307/calidad-hp-printer-ink-63-xl-black",
        "imgName": "505307.jpg",
        "imgSrc": "https://cdn0.woolworths.media/content/wowproductimages/medium/505307.jpg",
        "name": "Calidad Hp Printer Ink 63 Xl Black each",
        "price": 35
    },
    {
        "category": "specials",
        "href": "https://www.woolworths.com.au/shop/productdetails/787650/obela-hommus-garnished-with-zesty-jalapenos",
        "imgName": "787650.jpg",
        "imgSrc": "https://cdn0.woolworths.media/content/wowproductimages/medium/787650.jpg",
        "name": "Obela Hommus Garnished With Zesty Jalapenos 220g",
        "price": 4.4,
        "special": 4,
        "unitPrice": "$1.82 / 100G"
    },
    {
        "category": "specials",
        "href": "https://www.woolworths.com.au/shop/productdetails/877441/maybelline-lash-sensation-washable-mascara-very-black",
        "imgName": "877441.jpg",
        "imgSrc": "https://cdn0.woolworths.media/content/wowproductimages/medium/877441.jpg",
        "name": "Maybelline Lash Sensation Washable Mascara Very Black 9.5ml",
        "price": 21.95,
        "special": 15,
        "unitPrice": "$15.79 / 10ML"
    },
    {
        "category": "specials",
        "href": "https://www.woolworths.com.au/shop/productdetails/790035/farmers-union-light-greek-yoghurt-lite-with-honey",
        "imgName": "790035.jpg",
        "imgSrc": "https://cdn0.woolworths.media/content/wowproductimages/medium/790035.jpg",
        "name": "Farmers Union Light Greek Yoghurt Lite With Honey 950g",
        "price": 5,
        "unitPrice": "$0.53 / 100G"
    },
    {
        "category": "specials",
        "href": "https://www.woolworths.com.au/shop/productdetails/756826/natural-chip-co-share-pack-sea-salt",
        "imgName": "756826.jpg",
        "imgSrc": "https://cdn0.woolworths.media/content/wowproductimages/medium/756826.jpg",
        "name": "Natural Chip Co Share Pack Sea Salt 175g",
        "price": 2,
        "unitPrice": "$1.14 / 100G"
    },
    {
        "category": "specials",
        "href": "https://www.woolworths.com.au/shop/productdetails/728129/mccain-ultra-thin-crust-pepperoni-pizza",
        "imgName": "728129.jpg",
        "imgSrc": "https://cdn0.woolworths.media/content/wowproductimages/medium/728129.jpg",
        "name": "Mccain Ultra Thin Crust Pepperoni Pizza 310g",
        "price": 5.5,
        "unitPrice": "$1.77 / 100G"
    },
    {
        "category": "specials",
        "href": "https://www.woolworths.com.au/shop/productdetails/510194/calidad-hp-printer-ink-564-xl-tri-colour",
        "imgName": "510194.jpg",
        "imgSrc": "https://cdn0.woolworths.media/content/wowproductimages/medium/510194.jpg",
        "name": "Calidad Hp Printer Ink 564 Xl Tri-colour each",
        "price": 50
    },
    {
        "category": "specials",
        "href": "https://www.woolworths.com.au/shop/productdetails/889546/woolworths-muesli-bars-apricot-yoghurt",
        "imgName": "889546.jpg",
        "imgSrc": "https://cdn0.woolworths.media/content/wowproductimages/medium/889546.jpg",
        "name": "Woolworths Muesli Bars Apricot Yoghurt 185g",
        "price": 2.3,
        "unitPrice": "$1.24 / 100G"
    },
    {
        "category": "specials",
        "href": "https://www.woolworths.com.au/shop/productdetails/603301/bonds-100-crew-socks",
        "imgName": "603301.jpg",
        "imgSrc": "https://cdn0.woolworths.media/content/wowproductimages/medium/603301.jpg",
        "name": "Bonds 100 Crew Socks  2pk",
        "price": 10,
        "special": 7
    },
    {
        "category": "specials",
        "href": "https://www.woolworths.com.au/shop/productdetails/451726/leggo-s-pasta-sauce-bolognese-bacon",
        "imgName": "451726.jpg",
        "imgSrc": "https://cdn0.woolworths.media/content/wowproductimages/medium/451726.jpg",
        "name": "Leggo's Pasta Sauce Bolognese Bacon 500g",
        "price": 3,
        "special": 2.7,
        "unitPrice": "$0.54 / 100G"
    },
    {
        "category": "specials",
        "href": "https://www.woolworths.com.au/shop/productdetails/696773/woolworths-original-flavour-stacked-chips",
        "imgName": "696773.jpg",
        "imgSrc": "https://cdn0.woolworths.media/content/wowproductimages/medium/696773.jpg",
        "name": "Woolworths Original Flavour Stacked Chips 160g",
        "price": 1.8,
        "unitPrice": "$1.13 / 100G"
    },
    {
        "category": "specials",
        "href": "https://www.woolworths.com.au/shop/productdetails/532372/cenovis-once-daily-women-s-multi-energy-boost",
        "imgName": "532372.jpg",
        "imgSrc": "https://cdn0.woolworths.media/content/wowproductimages/medium/532372.jpg",
        "name": "Cenovis Once Daily Women's Multi Energy Boost 100pk",
        "price": 25,
        "unitPrice": "$25.00 / 100EA"
    },
    {
        "category": "specials",
        "href": "https://www.woolworths.com.au/shop/productdetails/742169/easiyo-mixed-berries-bits-yoghurt-base",
        "imgName": "742169.jpg",
        "imgSrc": "https://cdn0.woolworths.media/content/wowproductimages/medium/742169.jpg",
        "name": "Easiyo Mixed Berries & Bits Yoghurt Base 240g",
        "price": 4.5,
        "unitPrice": "$1.88 / 100G"
    },
    {
        "category": "specials",
        "href": "https://www.woolworths.com.au/shop/productdetails/629974/maggie-beer-fig-walnut-paste",
        "imgName": "629974.jpg",
        "imgSrc": "https://cdn0.woolworths.media/content/wowproductimages/medium/629974.jpg",
        "name": "Maggie Beer Fig & Walnut Paste 100g",
        "price": 5.98,
        "special": 5,
        "unitPrice": "$50.00 / 1KG"
    },
    {
        "category": "specials",
        "href": "https://www.woolworths.com.au/shop/productdetails/786891/sunrice-indian-butter-chicken-curry-with-rice",
        "imgName": "786891.jpg",
        "imgSrc": "https://cdn0.woolworths.media/content/wowproductimages/medium/786891.jpg",
        "name": "Sunrice Indian Butter Chicken Curry With Rice 350g",
        "price": 4.5,
        "unitPrice": "$1.29 / 100G"
    },
    {
        "category": "specials",
        "href": "https://www.woolworths.com.au/shop/productdetails/346835/woolworths-pasta-fettucini",
        "imgName": "346835.jpg",
        "imgSrc": "https://cdn0.woolworths.media/content/wowproductimages/medium/346835.jpg",
        "name": "Woolworths Pasta Fettucini 500g",
        "price": 1,
        "unitPrice": "$0.20 / 100G"
    },
    {
        "category": "specials",
        "href": "https://www.woolworths.com.au/shop/productdetails/474858/australia-s-own-organic-beef-stock",
        "imgName": "474858.jpg",
        "imgSrc": "https://cdn0.woolworths.media/content/wowproductimages/medium/474858.jpg",
        "name": "Australia's Own Organic Beef Stock 1l",
        "price": 3,
        "unitPrice": "$0.30 / 100ML"
    },
    {
        "category": "specials",
        "href": "https://www.woolworths.com.au/shop/productdetails/289996/lucky-walnuts-crumbed",
        "imgName": "289996.jpg",
        "imgSrc": "https://cdn0.woolworths.media/content/wowproductimages/medium/289996.jpg",
        "name": "Lucky Walnuts Crumbed 125g",
        "price": 3.3,
        "special": 2.6,
        "unitPrice": "$20.80 / 1KG"
    },
    {
        "category": "specials",
        "href": "https://www.woolworths.com.au/shop/productdetails/99091/crisco-canola-oil",
        "imgName": "099091.jpg",
        "imgSrc": "https://cdn0.woolworths.media/content/wowproductimages/medium/099091.jpg",
        "name": "Crisco Canola Oil 750ml",
        "price": 4,
        "special": 3.45,
        "unitPrice": "$0.46 / 100ML"
    },
    {
        "category": "specials",
        "href": "https://www.woolworths.com.au/shop/productdetails/98633/white-wings-vanilla-custard-powder",
        "imgName": "098633.jpg",
        "imgSrc": "https://cdn0.woolworths.media/content/wowproductimages/medium/098633.jpg",
        "name": "White Wings Vanilla Custard Powder 300g",
        "price": 2,
        "special": 1.8,
        "unitPrice": "$0.60 / 100G"
    },
    {
        "category": "specials",
        "href": "https://www.woolworths.com.au/shop/productdetails/488653/arnott-s-shapes-roast-chicken",
        "imgName": "488653.jpg",
        "imgSrc": "https://cdn0.woolworths.media/content/wowproductimages/medium/488653.jpg",
        "name": "Arnott's Shapes Roast Chicken 175g",
        "price": 3,
        "special": 2,
        "unitPrice": "$1.21 / 100G"
    },
    {
        "category": "specials",
        "href": "https://www.woolworths.com.au/shop/productdetails/263352/gillette-sensor-3-disposable-shaving-razor",
        "imgName": "263352.jpg",
        "imgSrc": "https://cdn0.woolworths.media/content/wowproductimages/medium/263352.jpg",
        "name": "Gillette Sensor 3 Disposable Shaving Razor  8pk",
        "price": 9.5,
        "unitPrice": "$1.19 / 1EA"
    },
    {
        "category": "specials",
        "href": "https://www.woolworths.com.au/shop/productdetails/262121/cenovis-joint-repair-glucosamine-fish-oil-capsules-value-pack",
        "imgName": "262121.jpg",
        "imgSrc": "https://cdn0.woolworths.media/content/wowproductimages/medium/262121.jpg",
        "name": "Cenovis Joint Repair Glucosamine & Fish Oil Capsules Value Pack 200",
        "price": 25,
        "unitPrice": "$12.50 / 100EA"
    },
    {
        "category": "specials",
        "href": "https://www.woolworths.com.au/shop/productdetails/94671/homebrand-garbage-bags",
        "imgName": "094671.jpg",
        "imgSrc": "https://cdn0.woolworths.media/content/wowproductimages/medium/094671.jpg",
        "name": "Homebrand  Garbage Bags 20pk",
        "price": 1.99,
        "unitPrice": "$0.10 / 1EA"
    },
    {
        "category": "specials",
        "href": "https://www.woolworths.com.au/shop/productdetails/558919/mud-defining-contour-highlight-palette",
        "imgName": "558919.jpg",
        "imgSrc": "https://cdn0.woolworths.media/content/wowproductimages/medium/558919.jpg",
        "name": "Mud Defining Contour & Highlight Palette 8g",
        "price": 9.5,
        "unitPrice": "$11.88 / 10G"
    },
    {
        "category": "specials",
        "href": "https://www.woolworths.com.au/shop/productdetails/427392/colgate-electric-toothbrush-pro-clinical-c250-white",
        "imgName": "427392.jpg",
        "imgSrc": "https://cdn0.woolworths.media/content/wowproductimages/medium/427392.jpg",
        "name": "Colgate Electric Toothbrush Pro Clinical C250 White each",
        "price": 40,
        "unitPrice": "$40.00 / 1EA"
    },
    {
        "category": "specials",
        "href": "https://www.woolworths.com.au/shop/productdetails/423449/maybelline-new-york-super-stay-24hour-foundation-ivory",
        "imgName": "423449.jpg",
        "imgSrc": "https://cdn0.woolworths.media/content/wowproductimages/medium/423449.jpg",
        "name": "Maybelline New York Super Stay 24hour Foundation Ivory 30ml",
        "price": 24.95,
        "special": 17.45,
        "unitPrice": "$5.82 / 10ML"
    },
    {
        "category": "specials",
        "href": "https://www.woolworths.com.au/shop/productdetails/961237/little-one-s-baby-wipes-thick-unscented",
        "imgName": "961237.jpg",
        "imgSrc": "https://cdn0.woolworths.media/content/wowproductimages/medium/961237.jpg",
        "name": "Little One's Baby Wipes Thick Unscented 240pk",
        "price": 8,
        "unitPrice": "$3.33 / 100EA"
    },
    {
        "category": "specials",
        "href": "https://www.woolworths.com.au/shop/productdetails/173166/easiyo-sweet-strawberry-yoghurt-base",
        "imgName": "173166.jpg",
        "imgSrc": "https://cdn0.woolworths.media/content/wowproductimages/medium/173166.jpg",
        "name": "Easiyo Sweet Strawberry Yoghurt Base 230g",
        "price": 4.5,
        "unitPrice": "$1.96 / 100G"
    },
    {
        "category": "specials",
        "href": "https://www.woolworths.com.au/shop/productdetails/505309/calidad-canon-printer-ink-cli-521-4-colour",
        "imgName": "505309.jpg",
        "imgSrc": "https://cdn0.woolworths.media/content/wowproductimages/medium/505309.jpg",
        "name": "Calidad Canon Printer Ink Cli-521 4 Colour each",
        "price": 49
    },
    {
        "category": "specials",
        "href": "https://www.woolworths.com.au/shop/productdetails/345303/doritos-corn-chips-cheese-supreme",
        "imgName": "345303.jpg",
        "imgSrc": "https://cdn0.woolworths.media/content/wowproductimages/medium/345303.jpg",
        "name": "Doritos Corn Chips Cheese Supreme 6pk 114g",
        "price": 3.14,
        "unitPrice": "$2.75 / 100G"
    },
    {
        "category": "specials",
        "href": "https://www.woolworths.com.au/shop/productdetails/939210/dibble-dabbles-mozzarella-sticks",
        "imgName": "939210.jpg",
        "imgSrc": "https://cdn0.woolworths.media/content/wowproductimages/medium/939210.jpg",
        "name": "Dibble Dabbles Mozzarella Sticks  235g",
        "price": 6,
        "special": 5,
        "unitPrice": "$2.13 / 100G"
    },
    {
        "category": "specials",
        "href": "https://www.woolworths.com.au/shop/productdetails/539750/dine-creamy-treats-tuna-salmon",
        "imgName": "539750.jpg",
        "imgSrc": "https://cdn0.woolworths.media/content/wowproductimages/medium/539750.jpg",
        "name": "Dine Creamy Treats Tuna & Salmon 48g 4pk",
        "price": 2.75,
        "special": 2,
        "unitPrice": "$4.17 / 100G"
    },
    {
        "category": "specials",
        "href": "https://www.woolworths.com.au/shop/productdetails/603289/bonds-baby-zippy-romper-boys",
        "imgName": "603289.jpg",
        "imgSrc": "https://cdn0.woolworths.media/content/wowproductimages/medium/603289.jpg",
        "name": "Bonds Baby Zippy Romper Boys 1pk",
        "price": 20,
        "special": 12
    },
    {
        "category": "specials",
        "href": "https://www.woolworths.com.au/shop/productdetails/868688/mud-cc-cream-002-medium-to-dark",
        "imgName": "868688.jpg",
        "imgSrc": "https://cdn0.woolworths.media/content/wowproductimages/medium/868688.jpg",
        "name": "Mud Cc Cream 002 Medium To Dark 40ml",
        "price": 7.5,
        "unitPrice": "$1.88 / 10ML"
    },
    {
        "category": "specials",
        "href": "https://www.woolworths.com.au/shop/productdetails/757562/gravox-gravy-traditional",
        "imgName": "757562.jpg",
        "imgSrc": "https://cdn0.woolworths.media/content/wowproductimages/medium/757562.jpg",
        "name": "Gravox Gravy Traditional 29g",
        "price": 1,
        "special": 0.9,
        "unitPrice": "$0.31 / 10G"
    },
    {
        "category": "specials",
        "href": "https://www.woolworths.com.au/shop/productdetails/204607/greens-pancake-mix-buttermilk-shake",
        "imgName": "204607.jpg",
        "imgSrc": "https://cdn0.woolworths.media/content/wowproductimages/medium/204607.jpg",
        "name": "Greens Pancake Mix Buttermilk Shake 325g",
        "price": 2.9,
        "special": 2,
        "unitPrice": "$0.62 / 100G"
    },
    {
        "category": "specials",
        "href": "https://www.woolworths.com.au/shop/productdetails/549621/nescafe-coffee-sachets-mocha",
        "imgName": "549621.jpg",
        "imgSrc": "https://cdn0.woolworths.media/content/wowproductimages/medium/549621.jpg",
        "name": "Nescafe Coffee Sachets Mocha 26pk",
        "price": 11.5,
        "unitPrice": "$2.46 / 100G"
    },
    {
        "category": "specials",
        "href": "https://www.woolworths.com.au/shop/productdetails/975403/4-pines-summer-indian-pale-ale-cans",
        "imgName": "975403.jpg",
        "imgSrc": "https://cdn0.woolworths.media/content/wowproductimages/medium/975403.jpg",
        "name": "4 Pines Summer Indian Pale Ale Cans 16x375ml case",
        "price": 56,
        "special": 45
    },
    {
        "category": "specials",
        "href": "https://www.woolworths.com.au/shop/productdetails/598208/pantene-long-strong-shampoo",
        "imgName": "598208.jpg",
        "imgSrc": "https://cdn0.woolworths.media/content/wowproductimages/medium/598208.jpg",
        "name": "Pantene Long & Strong Shampoo 350ml",
        "price": 4.5,
        "unitPrice": "$1.29 / 100ML"
    },
    {
        "category": "specials",
        "href": "https://www.woolworths.com.au/shop/productdetails/789683/shine-domestic-wipesroll",
        "imgName": "789683.jpg",
        "imgSrc": "https://cdn0.woolworths.media/content/wowproductimages/medium/789683.jpg",
        "name": "Shine Domestic Wipesroll 50pk",
        "price": 6.99,
        "unitPrice": "$0.14 / 1EA"
    },
    {
        "category": "specials",
        "href": "https://www.woolworths.com.au/shop/productdetails/34227/mortein-plus-surface-spray-odourless",
        "imgName": "034227.jpg",
        "imgSrc": "https://cdn0.woolworths.media/content/wowproductimages/medium/034227.jpg",
        "name": "Mortein Plus Surface Spray Odourless 350g",
        "price": 8.99,
        "unitPrice": "$2.57 / 100G"
    },
    {
        "category": "specials",
        "href": "https://www.woolworths.com.au/shop/productdetails/861620/shine-non-scratch-sponge-scourers",
        "imgName": "861620.jpg",
        "imgSrc": "https://cdn0.woolworths.media/content/wowproductimages/medium/861620.jpg",
        "name": "Shine Non Scratch Sponge Scourers 3pk",
        "price": 1.99,
        "unitPrice": "$0.66 / 1EA"
    },
    {
        "category": "specials",
        "href": "https://www.woolworths.com.au/shop/productdetails/854109/inspire-stainless-steel-slotted-spoon",
        "imgName": "854109.jpg",
        "imgSrc": "https://cdn0.woolworths.media/content/wowproductimages/medium/854109.jpg",
        "name": "Inspire Stainless Steel Slotted Spoon each",
        "price": 6
    },
    {
        "category": "specials",
        "href": "https://www.woolworths.com.au/shop/productdetails/983522/pure-blonde-crisp-apple-cider",
        "imgName": "983522.jpg",
        "imgSrc": "https://cdn0.woolworths.media/content/wowproductimages/medium/983522.jpg",
        "name": "Pure Blonde Crisp Apple Cider 6x355ml",
        "price": 18,
        "special": 17
    },
    {
        "category": "specials",
        "href": "https://www.woolworths.com.au/shop/productdetails/225273/lean-cuisine-bowl-chicken-vegetable-risoto-chicken-vegetable-risotto",
        "imgName": "225273.jpg",
        "imgSrc": "https://cdn0.woolworths.media/content/wowproductimages/medium/225273.jpg",
        "name": "Lean Cuisine Bowl Chicken & Vegetable Risoto Chicken & Vegetable Risotto 300g",
        "price": 5.7,
        "special": 5,
        "unitPrice": "$1.67 / 100G"
    },
    {
        "category": "specials",
        "href": "https://www.woolworths.com.au/shop/productdetails/660012/rekorderlig-strawberry-lime-cider-bottles",
        "imgName": "660012.jpg",
        "imgSrc": "https://cdn0.woolworths.media/content/wowproductimages/medium/660012.jpg",
        "name": "Rekorderlig Strawberry & Lime Cider Bottles 4x330ml",
        "price": 20,
        "special": 18
    },
    {
        "category": "specials",
        "href": "https://www.woolworths.com.au/shop/productdetails/600930/u-by-kotex-sport-tampons-super",
        "imgName": "600930.jpg",
        "imgSrc": "https://cdn0.woolworths.media/content/wowproductimages/medium/600930.jpg",
        "name": "U By Kotex Sport Tampons Super 16pk",
        "price": 5.5,
        "special": 4,
        "unitPrice": "$0.25 / 1EA"
    },
    {
        "category": "specials",
        "href": "https://www.woolworths.com.au/shop/productdetails/854100/inspire-whisk",
        "imgName": "854100.jpg",
        "imgSrc": "https://cdn0.woolworths.media/content/wowproductimages/medium/854100.jpg",
        "name": "Inspire Whisk  each",
        "price": 6
    },
    {
        "category": "specials",
        "href": "https://www.woolworths.com.au/shop/productdetails/480257/baxter-s-dog-food-casserole-lamb-pasta-veg",
        "imgName": "480257.jpg",
        "imgSrc": "https://cdn0.woolworths.media/content/wowproductimages/medium/480257.jpg",
        "name": "Baxter's Dog Food Casserole Lamb, Pasta & Veg 700g",
        "price": 1.5,
        "unitPrice": "$0.21 / 100G"
    },
    {
        "category": "specials",
        "href": "https://www.woolworths.com.au/shop/productdetails/748810/banana-boat-kids-sunscreen-roll-on-50-",
        "imgName": "748810.jpg",
        "imgSrc": "https://cdn0.woolworths.media/content/wowproductimages/medium/748810.jpg",
        "name": "Banana Boat Kids Sunscreen Roll On 50+ 75ml",
        "price": 11,
        "special": 8.8,
        "unitPrice": "$11.73 / 100ML"
    },
    {
        "category": "specials",
        "href": "https://www.woolworths.com.au/shop/productdetails/558373/ob-finest-gluten-free-original-wafer",
        "imgName": "558373.jpg",
        "imgSrc": "https://cdn0.woolworths.media/content/wowproductimages/medium/558373.jpg",
        "name": "Ob Finest Gluten Free Original Wafer 100g",
        "price": 3,
        "unitPrice": "$3.00 / 100G"
    },
    {
        "category": "specials",
        "href": "https://www.woolworths.com.au/shop/productdetails/323321/willow-farm-dip-french-onion",
        "imgName": "323321.jpg",
        "imgSrc": "https://cdn0.woolworths.media/content/wowproductimages/medium/323321.jpg",
        "name": "Willow Farm Dip French Onion 200g",
        "price": 2,
        "unitPrice": "$1.00 / 100G"
    },
    {
        "category": "specials",
        "href": "https://www.woolworths.com.au/shop/productdetails/788315/wokka-noodles-wholegrain",
        "imgName": "788315.jpg",
        "imgSrc": "https://cdn0.woolworths.media/content/wowproductimages/medium/788315.jpg",
        "name": "Wokka Noodles Wholegrain 400g",
        "price": 2.7,
        "unitPrice": "$0.68 / 100G"
    },
    {
        "category": "specials",
        "href": "https://www.woolworths.com.au/shop/productdetails/888620/woolworths-sunscreen-spray-active-sports-spf-50-",
        "imgName": "888620.jpg",
        "imgSrc": "https://cdn0.woolworths.media/content/wowproductimages/medium/888620.jpg",
        "name": "Woolworths Sunscreen Spray Active Sports Spf 50+ 175g",
        "price": 7.5,
        "unitPrice": "$4.29 / 100G"
    },
    {
        "category": "specials",
        "href": "https://www.woolworths.com.au/shop/productdetails/907133/tsingtao-premium-lager-bottles",
        "imgName": "907133.jpg",
        "imgSrc": "https://cdn0.woolworths.media/content/wowproductimages/medium/907133.jpg",
        "name": "Tsingtao Premium Lager Bottles 24x330ml case",
        "price": 55,
        "special": 48
    },
    {
        "category": "specials",
        "href": "https://www.woolworths.com.au/shop/productdetails/352731/mishka-vodka-lemon-twist",
        "imgName": "352731.jpg",
        "imgSrc": "https://cdn0.woolworths.media/content/wowproductimages/medium/352731.jpg",
        "name": "Mishka Vodka Lemon Twist 4x275ml",
        "price": 14,
        "special": 12
    },
    {
        "category": "specials",
        "href": "https://www.woolworths.com.au/shop/productdetails/745281/san-marino-prosciutto-rindless",
        "imgName": "745281.jpg",
        "imgSrc": "https://cdn0.woolworths.media/content/wowproductimages/medium/745281.jpg",
        "name": "San Marino Prosciutto Rindless per kg",
        "price": 47,
        "special": 40,
        "unitPrice": "$40.00 / 1KG"
    },
    {
        "category": "specials",
        "href": "https://www.woolworths.com.au/shop/productdetails/748809/banana-boat-ultra-spf-50-sunscreen-pump",
        "imgName": "748809.jpg",
        "imgSrc": "https://cdn0.woolworths.media/content/wowproductimages/medium/748809.jpg",
        "name": "Banana Boat Ultra Spf 50+ Sunscreen Pump 400g",
        "price": 20.4,
        "special": 16,
        "unitPrice": "$4.00 / 100G"
    },
    {
        "category": "specials",
        "href": "https://www.woolworths.com.au/shop/productdetails/826428/cadbury-dairy-milk-chocolate-fair-trade",
        "imgName": "826428.jpg",
        "imgSrc": "https://cdn0.woolworths.media/content/wowproductimages/medium/826428.jpg",
        "name": "Cadbury Dairy Milk Chocolate Fair Trade 200g block",
        "price": 5,
        "special": 3.5,
        "unitPrice": "$1.75 / 100G"
    },
    {
        "category": "specials",
        "href": "https://www.woolworths.com.au/shop/productdetails/587300/thins-big-bag-chips-light-tangy",
        "imgName": "587300.jpg",
        "imgSrc": "https://cdn0.woolworths.media/content/wowproductimages/medium/587300.jpg",
        "name": "Thins Big Bag Chips Light & Tangy 300g",
        "price": 4,
        "unitPrice": "$1.33 / 100G"
    },
    {
        "category": "specials",
        "href": "https://www.woolworths.com.au/shop/productdetails/598226/pantene-long-strong-shampoo",
        "imgName": "598226.jpg",
        "imgSrc": "https://cdn0.woolworths.media/content/wowproductimages/medium/598226.jpg",
        "name": "Pantene Long & Strong Shampoo 900ml",
        "price": 15.7,
        "special": 10,
        "unitPrice": "$1.11 / 100ML"
    },
    {
        "category": "specials",
        "href": "https://www.woolworths.com.au/shop/productdetails/651247/four-n-twenty-egg-bacon-pies",
        "imgName": "651247.jpg",
        "imgSrc": "https://cdn0.woolworths.media/content/wowproductimages/medium/651247.jpg",
        "name": "Four N Twenty Egg & Bacon Pies 4pk 700g",
        "price": 8,
        "special": 5.5,
        "unitPrice": "$0.79 / 100G"
    },
    {
        "category": "specials",
        "href": "https://www.woolworths.com.au/shop/productdetails/603308/bonds-baby-zippy-romper-girls",
        "imgName": "603308.jpg",
        "imgSrc": "https://cdn0.woolworths.media/content/wowproductimages/medium/603308.jpg",
        "name": "Bonds Baby Zippy Romper Girls 1pk",
        "price": 20,
        "special": 12
    },
    {
        "category": "specials",
        "href": "https://www.woolworths.com.au/shop/productdetails/141864/paradise-plain-rich-tea",
        "imgName": "141864.jpg",
        "imgSrc": "https://cdn0.woolworths.media/content/wowproductimages/medium/141864.jpg",
        "name": "Paradise Plain Rich Tea 200g",
        "price": 1.5,
        "unitPrice": "$0.75 / 100G"
    },
    {
        "category": "specials",
        "href": "https://www.woolworths.com.au/shop/productdetails/581946/coco-earth-organic-coconut-cooking-oil",
        "imgName": "581946.jpg",
        "imgSrc": "https://cdn0.woolworths.media/content/wowproductimages/medium/581946.jpg",
        "name": "Coco Earth Organic Coconut Cooking Oil 250ml",
        "price": 7,
        "special": 3.5,
        "unitPrice": "$1.40 / 100G"
    },
    {
        "category": "specials",
        "href": "https://www.woolworths.com.au/shop/productdetails/777630/woolworths-select-brown-rice-grain",
        "imgName": "777630.jpg",
        "imgSrc": "https://cdn0.woolworths.media/content/wowproductimages/medium/777630.jpg",
        "name": "Woolworths Select Brown Rice Grain 1kg",
        "price": 2.3,
        "unitPrice": "$0.23 / 100G"
    },
    {
        "category": "specials",
        "href": "https://www.woolworths.com.au/shop/productdetails/532370/cenovis-once-daily-men-s-plus-multi-performance",
        "imgName": "532370.jpg",
        "imgSrc": "https://cdn0.woolworths.media/content/wowproductimages/medium/532370.jpg",
        "name": "Cenovis Once Daily Men's Plus Multi Performance 50pk",
        "price": 17,
        "unitPrice": "$34.00 / 100EA"
    },
    {
        "category": "specials",
        "href": "https://www.woolworths.com.au/shop/productdetails/700545/woolworths-select-battered-fish-fillets",
        "imgName": "700545.jpg",
        "imgSrc": "https://cdn0.woolworths.media/content/wowproductimages/medium/700545.jpg",
        "name": "Woolworths Select Battered Fish Fillets 425g",
        "price": 4.2,
        "unitPrice": "$9.88 / 1KG"
    },
    {
        "category": "specials",
        "href": "https://www.woolworths.com.au/shop/productdetails/717055/finish-powerball-quantum-tablets-original",
        "imgName": "717055.jpg",
        "imgSrc": "https://cdn0.woolworths.media/content/wowproductimages/medium/717055.jpg",
        "name": "Finish Powerball Quantum Tablets Original 40pk",
        "price": 20,
        "unitPrice": "$0.50 / 1EA"
    },
    {
        "category": "specials",
        "href": "https://www.woolworths.com.au/shop/productdetails/434075/heinz-soup-tomato-red-pepper-black-bean",
        "imgName": "434075.jpg",
        "imgSrc": "https://cdn0.woolworths.media/content/wowproductimages/medium/434075.jpg",
        "name": "Heinz Soup Tomato Red Pepper Black Bean 300g",
        "price": 2,
        "unitPrice": "$0.67 / 100G"
    },
    {
        "category": "specials",
        "href": "https://www.woolworths.com.au/shop/productdetails/786927/sunrice-teriyaki-chicken-noodles-with-vegetables",
        "imgName": "786927.jpg",
        "imgSrc": "https://cdn0.woolworths.media/content/wowproductimages/medium/786927.jpg",
        "name": "Sunrice Teriyaki Chicken Noodles With Vegetables 350g",
        "price": 4.5,
        "unitPrice": "$1.29 / 100G"
    },
    {
        "category": "specials",
        "href": "https://www.woolworths.com.au/shop/productdetails/636069/banana-boat-dry-balance-clear-spray-spf-50-plus",
        "imgName": "636069.jpg",
        "imgSrc": "https://cdn0.woolworths.media/content/wowproductimages/medium/636069.jpg",
        "name": "Banana Boat Dry Balance Clear Spray Spf 50 Plus 175g",
        "price": 18,
        "special": 14.4,
        "unitPrice": "$8.23 / 100G"
    },
    {
        "category": "specials",
        "href": "https://www.woolworths.com.au/shop/productdetails/905569/coopers-mild-ale-stubbies",
        "imgName": "905569.jpg",
        "imgSrc": "https://cdn0.woolworths.media/content/wowproductimages/medium/905569.jpg",
        "name": "Coopers Mild Ale Stubbies 24x375ml case",
        "price": 48,
        "special": 45
    },
    {
        "category": "specials",
        "href": "https://www.woolworths.com.au/shop/productdetails/651494/unicorn-camembert-wedge",
        "imgName": "651494.jpg",
        "imgSrc": "https://cdn0.woolworths.media/content/wowproductimages/medium/651494.jpg",
        "name": "Unicorn Camembert Wedge 150g",
        "price": 4.5,
        "special": 4,
        "unitPrice": "$26.67 / 1KG"
    },
    {
        "category": "specials",
        "href": "https://www.woolworths.com.au/shop/productdetails/433400/lynx-super-hold-cream-gel-adrenaline-extra-strength-look",
        "imgName": "433400.jpg",
        "imgSrc": "https://cdn0.woolworths.media/content/wowproductimages/medium/433400.jpg",
        "name": "Lynx Super Hold Cream Gel Adrenaline Extra Strength Look 125ml",
        "price": 10,
        "special": 7,
        "unitPrice": "$5.60 / 100ML"
    },
    {
        "category": "specials",
        "href": "https://www.woolworths.com.au/shop/productdetails/608606/underworks-zip-all-in-one-boys-000-1",
        "imgName": "608606.jpg",
        "imgSrc": "https://cdn0.woolworths.media/content/wowproductimages/medium/608606.jpg",
        "name": "Underworks Zip All In One Boys 000/ 1 each",
        "price": 15,
        "special": 10.5
    },
    {
        "category": "specials",
        "href": "https://www.woolworths.com.au/shop/productdetails/512329/decor-thermostone-cook-glass-measuring-jug-with-lid",
        "imgName": "512329.jpg",
        "imgSrc": "https://cdn0.woolworths.media/content/wowproductimages/medium/512329.jpg",
        "name": "Decor Thermostone Cook Glass Measuring Jug With Lid 650ml",
        "price": 14.99,
        "special": 7.49
    },
    {
        "category": "specials",
        "href": "https://www.woolworths.com.au/shop/productdetails/757883/cadbury-dairy-milk-chocolate-fair-trade",
        "imgName": "757883.jpg",
        "imgSrc": "https://cdn0.woolworths.media/content/wowproductimages/medium/757883.jpg",
        "name": "Cadbury Dairy Milk Chocolate Fair Trade 350g block",
        "price": 5,
        "unitPrice": "$1.43 / 100G"
    },
    {
        "category": "specials",
        "href": "https://www.woolworths.com.au/shop/productdetails/579738/maggi-side-dishes-herb-potatoes",
        "imgName": "579738.jpg",
        "imgSrc": "https://cdn0.woolworths.media/content/wowproductimages/medium/579738.jpg",
        "name": "Maggi Side Dishes Herb Potatoes 43g",
        "price": 1.75,
        "unitPrice": "$4.07 / 100G"
    },
    {
        "category": "specials",
        "href": "https://www.woolworths.com.au/shop/productdetails/363865/woolworths-essentials-sheet-flat-cream-queen-bed",
        "imgName": "363865.jpg",
        "imgSrc": "https://cdn0.woolworths.media/content/wowproductimages/medium/363865.jpg",
        "name": "Woolworths Essentials Sheet Flat Cream Queen Bed each",
        "price": 20,
        "special": 10
    },
    {
        "category": "specials",
        "href": "https://www.woolworths.com.au/shop/productdetails/633604/connoisseur-vanilla-ice-cream",
        "imgName": "633604.jpg",
        "imgSrc": "https://cdn0.woolworths.media/content/wowproductimages/medium/633604.jpg",
        "name": "Connoisseur Vanilla Ice Cream  4pk 456ml",
        "price": 8.4,
        "special": 6,
        "unitPrice": "$1.32 / 100ML"
    },
    {
        "category": "specials",
        "href": "https://www.woolworths.com.au/shop/productdetails/657754/nature-s-table-lamb-with-carrots-green-beans-dog-food",
        "imgName": "657754.jpg",
        "imgSrc": "https://cdn0.woolworths.media/content/wowproductimages/medium/657754.jpg",
        "name": "Nature's Table Lamb With Carrots & Green Beans Dog Food 400g",
        "price": 2.6,
        "special": 1.75,
        "unitPrice": "$0.44 / 100G"
    },
    {
        "category": "specials",
        "href": "https://www.woolworths.com.au/shop/productdetails/346878/chris-ringland-shiraz",
        "imgName": "346878.jpg",
        "imgSrc": "https://cdn0.woolworths.media/content/wowproductimages/medium/346878.jpg",
        "name": "Chris Ringland Shiraz  750ml",
        "price": 30,
        "special": 23
    },
    {
        "category": "specials",
        "href": "https://www.woolworths.com.au/shop/productdetails/743269/woolworths-select-low-fat-muesli",
        "imgName": "743269.jpg",
        "imgSrc": "https://cdn0.woolworths.media/content/wowproductimages/medium/743269.jpg",
        "name": "Woolworths Select Low Fat Muesli 750g",
        "price": 3.85,
        "unitPrice": "$0.51 / 100G"
    },
    {
        "category": "specials",
        "href": "https://www.woolworths.com.au/shop/productdetails/864917/sistema-trio-bottle",
        "imgName": "864917.jpg",
        "imgSrc": "https://cdn0.woolworths.media/content/wowproductimages/medium/864917.jpg",
        "name": "Sistema Trio Bottle  700ml each",
        "price": 10,
        "special": 5
    },
    {
        "category": "specials",
        "href": "https://www.woolworths.com.au/shop/productdetails/827075/adidas-deodorant-anti-perspirant-6-in-1",
        "imgName": "827075.jpg",
        "imgSrc": "https://cdn0.woolworths.media/content/wowproductimages/medium/827075.jpg",
        "name": "Adidas Deodorant Anti Perspirant 6 In 1 130g",
        "price": 5,
        "unitPrice": "$3.85 / 100G"
    },
    {
        "category": "specials",
        "href": "https://www.woolworths.com.au/shop/productdetails/598239/pantene-3-minute-miracle-smooth-sleek-conditioner",
        "imgName": "598239.jpg",
        "imgSrc": "https://cdn0.woolworths.media/content/wowproductimages/medium/598239.jpg",
        "name": "Pantene 3 Minute Miracle Smooth & Sleek Conditioner 180ml",
        "price": 4.5,
        "unitPrice": "$2.50 / 100ML"
    },
    {
        "category": "specials",
        "href": "https://www.woolworths.com.au/shop/productdetails/545635/primo-triple-smoked-bacon-pan-size",
        "imgName": "545635.jpg",
        "imgSrc": "https://cdn0.woolworths.media/content/wowproductimages/medium/545635.jpg",
        "name": "Primo Triple Smoked Bacon Pan Size 200g",
        "price": 5,
        "unitPrice": "$25.00 / 1KG"
    },
    {
        "category": "specials",
        "href": "https://www.woolworths.com.au/shop/productdetails/227460/gelativo-sorbet-passionfruit",
        "imgName": "227460.jpg",
        "imgSrc": "https://cdn0.woolworths.media/content/wowproductimages/medium/227460.jpg",
        "name": "Gelativo Sorbet Passionfruit 1l tub",
        "price": 6,
        "special": 5,
        "unitPrice": "$0.50 / 100ML"
    },
    {
        "category": "specials",
        "href": "https://www.woolworths.com.au/shop/productdetails/319321/uncle-tobys-almond-oat-crisp",
        "imgName": "319321.jpg",
        "imgSrc": "https://cdn0.woolworths.media/content/wowproductimages/medium/319321.jpg",
        "name": "Uncle Tobys Almond Oat Crisp 415g",
        "price": 5,
        "unitPrice": "$1.20 / 100G"
    },
    {
        "category": "specials",
        "href": "https://www.woolworths.com.au/shop/productdetails/260007/woolworths-frozen-blueberries",
        "imgName": "260007.jpg",
        "imgSrc": "https://cdn0.woolworths.media/content/wowproductimages/medium/260007.jpg",
        "name": "Woolworths Frozen Blueberries  500g",
        "price": 4,
        "unitPrice": "$8.00 / 1KG"
    },
    {
        "category": "specials",
        "href": "https://www.woolworths.com.au/shop/productdetails/902738/smirnoff-ice-double-black-vodka-cans",
        "imgName": "902738.jpg",
        "imgSrc": "https://cdn0.woolworths.media/content/wowproductimages/medium/902738.jpg",
        "name": "Smirnoff Ice Double Black Vodka Cans 4x375ml",
        "price": 25,
        "special": 21
    },
    {
        "category": "specials",
        "href": "https://www.woolworths.com.au/shop/productdetails/870934/substation-no-41-rum",
        "imgName": "870934.jpg",
        "imgSrc": "https://cdn0.woolworths.media/content/wowproductimages/medium/870934.jpg",
        "name": "Substation No.41 Rum 700ml",
        "price": 48,
        "special": 40
    },
    {
        "category": "specials",
        "href": "https://www.woolworths.com.au/shop/productdetails/33376/kellogg-s-breadcrumbs-corn-flake",
        "imgName": "033376.jpg",
        "imgSrc": "https://cdn0.woolworths.media/content/wowproductimages/medium/033376.jpg",
        "name": "Kellogg's Breadcrumbs Corn Flake 300g",
        "price": 3.2,
        "special": 3,
        "unitPrice": "$0.10 / 10G"
    },
    {
        "category": "specials",
        "href": "https://www.woolworths.com.au/shop/productdetails/6177/san-remo-spirals-vegeroni",
        "imgName": "006177.jpg",
        "imgSrc": "https://cdn0.woolworths.media/content/wowproductimages/medium/006177.jpg",
        "name": "San Remo Spirals Vegeroni 375g",
        "price": 1.95,
        "unitPrice": "$0.52 / 100G"
    },
    {
        "category": "specials",
        "href": "https://www.woolworths.com.au/shop/productdetails/578066/the-spice-tailor-delhi-black-makhani-daal",
        "imgName": "578066.jpg",
        "imgSrc": "https://cdn0.woolworths.media/content/wowproductimages/medium/578066.jpg",
        "name": "The Spice Tailor Delhi Black Makhani Daal 500g",
        "price": 5.5,
        "special": 4.4,
        "unitPrice": "$0.88 / 100G"
    },
    {
        "category": "specials",
        "href": "https://www.woolworths.com.au/shop/productdetails/95891/nobbys-nuts-mixed-nuts",
        "imgName": "095891.jpg",
        "imgSrc": "https://cdn0.woolworths.media/content/wowproductimages/medium/095891.jpg",
        "name": "Nobbys Nuts Mixed Nuts  375g",
        "price": 6,
        "special": 4.8,
        "unitPrice": "$12.80 / 1KG"
    },
    {
        "category": "specials",
        "href": "https://www.woolworths.com.au/shop/productdetails/549624/nescafe-coffee-sachets-strong",
        "imgName": "549624.jpg",
        "imgSrc": "https://cdn0.woolworths.media/content/wowproductimages/medium/549624.jpg",
        "name": "Nescafe Coffee Sachets Strong 26pk",
        "price": 11.5,
        "unitPrice": "$3.46 / 100G"
    },
    {
        "category": "specials",
        "href": "https://www.woolworths.com.au/shop/productdetails/750320/heinz-soup-of-the-day-soup-pouch-harvest-pumpkin-vegetables",
        "imgName": "750320.jpg",
        "imgSrc": "https://cdn0.woolworths.media/content/wowproductimages/medium/750320.jpg",
        "name": "Heinz Soup Of The Day Soup Pouch Harvest Pumpkin & Vegetables 430g",
        "price": 3,
        "unitPrice": "$0.70 / 100G"
    },
    {
        "category": "specials",
        "href": "https://www.woolworths.com.au/shop/productdetails/10481/coopers-pale-ale-stubbies",
        "imgName": "010481.jpg",
        "imgSrc": "https://cdn0.woolworths.media/content/wowproductimages/medium/010481.jpg",
        "name": "Coopers Pale Ale Stubbies 24x375ml case",
        "price": 58,
        "special": 50
    },
    {
        "category": "specials",
        "href": "https://www.woolworths.com.au/shop/productdetails/917286/baily-baily-folio-sauvignon-blanc",
        "imgName": "917286.jpg",
        "imgSrc": "https://cdn0.woolworths.media/content/wowproductimages/medium/917286.jpg",
        "name": "Baily & Baily Folio Sauvignon Blanc  750ml",
        "price": 16,
        "special": 11
    },
    {
        "category": "specials",
        "href": "https://www.woolworths.com.au/shop/productdetails/312122/bertocchi-prosciutto-serrano-rindless",
        "imgName": "312122.jpg",
        "imgSrc": "https://cdn0.woolworths.media/content/wowproductimages/medium/312122.jpg",
        "name": "Bertocchi Prosciutto Serrano Rindless per kg",
        "price": 47.5,
        "special": 40,
        "unitPrice": "$40.00 / 1KG"
    },
    {
        "category": "specials",
        "href": "https://www.woolworths.com.au/shop/productdetails/827003/lynx-hair-styling-wax-black-casual-clay",
        "imgName": "827003.jpg",
        "imgSrc": "https://cdn0.woolworths.media/content/wowproductimages/medium/827003.jpg",
        "name": "Lynx Hair Styling Wax Black Casual Clay 75ml",
        "price": 10,
        "special": 7,
        "unitPrice": "$9.33 / 100ML"
    },
    {
        "category": "specials",
        "href": "https://www.woolworths.com.au/shop/productdetails/650112/xxxx-summer-bright-ale-with-lime-bottles",
        "imgName": "650112.jpg",
        "imgSrc": "https://cdn0.woolworths.media/content/wowproductimages/medium/650112.jpg",
        "name": "Xxxx Summer Bright Ale With Lime Bottles 24x330ml case",
        "price": 53,
        "special": 46
    },
    {
        "category": "specials",
        "href": "https://www.woolworths.com.au/shop/productdetails/167884/pandaroo-ingredients-mushroom-chinese-sliced",
        "imgName": "167884.jpg",
        "imgSrc": "https://cdn0.woolworths.media/content/wowproductimages/medium/167884.jpg",
        "name": "Pandaroo Ingredients Mushroom Chinese Sliced 40g",
        "price": 2.5,
        "special": 2.25,
        "unitPrice": "$56.25 / 1KG"
    },
    {
        "category": "specials",
        "href": "https://www.woolworths.com.au/shop/productdetails/784962/kellogg-s-special-k-biscuit-moments-chocolate",
        "imgName": "784962.jpg",
        "imgSrc": "https://cdn0.woolworths.media/content/wowproductimages/medium/784962.jpg",
        "name": "Kellogg's Special K Biscuit Moments Chocolate 125g",
        "price": 5,
        "special": 4,
        "unitPrice": "$3.20 / 100G"
    },
    {
        "category": "specials",
        "href": "https://www.woolworths.com.au/shop/productdetails/906912/gage-roads-sleeping-giant-india-pale-ale-bottles",
        "imgName": "906912.jpg",
        "imgSrc": "https://cdn0.woolworths.media/content/wowproductimages/medium/906912.jpg",
        "name": "Gage Roads Sleeping Giant India Pale Ale Bottles 6x330ml pack",
        "price": 22.8,
        "special": 20
    },
    {
        "category": "specials",
        "href": "https://www.woolworths.com.au/shop/productdetails/575020/peters-icy-pole-disney-princess",
        "imgName": "575020.jpg",
        "imgSrc": "https://cdn0.woolworths.media/content/wowproductimages/medium/575020.jpg",
        "name": "Peters Icy Pole Disney Princess  8pk 480ml",
        "price": 5,
        "unitPrice": "$1.04 / 100ML"
    },
    {
        "category": "specials",
        "href": "https://www.woolworths.com.au/shop/productdetails/321210/cow-bombie-shiraz-margaret-river",
        "imgName": "321210.jpg",
        "imgSrc": "https://cdn0.woolworths.media/content/wowproductimages/medium/321210.jpg",
        "name": "Cow Bombie Shiraz Margaret River 750ml",
        "price": 17,
        "special": 13
    },
    {
        "category": "specials",
        "href": "https://www.woolworths.com.au/shop/productdetails/76355/melbourne-bitter-lager-stubbies",
        "imgName": "076355.jpg",
        "imgSrc": "https://cdn0.woolworths.media/content/wowproductimages/medium/076355.jpg",
        "name": "Melbourne Bitter Lager Stubbies 24x375ml case",
        "price": 59,
        "special": 54
    },
    {
        "category": "specials",
        "href": "https://www.woolworths.com.au/shop/productdetails/10786/country-cup-instant-soup-cream-chicken-corn-croutons",
        "imgName": "010786.jpg",
        "imgSrc": "https://cdn0.woolworths.media/content/wowproductimages/medium/010786.jpg",
        "name": "Country Cup Instant Soup Cream Chicken & Corn Croutons 2pk 50g",
        "price": 1.5,
        "unitPrice": "$3.00 / 100G"
    },
    {
        "category": "specials",
        "href": "https://www.woolworths.com.au/shop/productdetails/571484/woolworths-98-fat-free-yoghurt-strawberry",
        "imgName": "571484.jpg",
        "imgSrc": "https://cdn0.woolworths.media/content/wowproductimages/medium/571484.jpg",
        "name": "Woolworths 98% Fat Free Yoghurt Strawberry 1kg",
        "price": 3.5,
        "unitPrice": "$0.35 / 100G"
    },
    {
        "category": "specials",
        "href": "https://www.woolworths.com.au/shop/productdetails/313448/lucky-almond-meal",
        "imgName": "313448.jpg",
        "imgSrc": "https://cdn0.woolworths.media/content/wowproductimages/medium/313448.jpg",
        "name": "Lucky Almond Meal 400g",
        "price": 10.5,
        "special": 8,
        "unitPrice": "$20.00 / 1KG"
    },
    {
        "category": "specials",
        "href": "https://www.woolworths.com.au/shop/productdetails/768564/woolworths-australian-peas-corn",
        "imgName": "768564.jpg",
        "imgSrc": "https://cdn0.woolworths.media/content/wowproductimages/medium/768564.jpg",
        "name": "Woolworths Australian Peas & Corn 500g",
        "price": 2.35,
        "unitPrice": "$4.70 / 1KG"
    },
    {
        "category": "specials",
        "href": "https://www.woolworths.com.au/shop/productdetails/793141/banana-boat-spf-50-sunscreen-sport",
        "imgName": "793141.jpg",
        "imgSrc": "https://cdn0.woolworths.media/content/wowproductimages/medium/793141.jpg",
        "name": "Banana Boat Spf 50+ Sunscreen Sport 400g",
        "price": 20.4,
        "special": 16,
        "unitPrice": "$4.00 / 100G"
    },
    {
        "category": "specials",
        "href": "https://www.woolworths.com.au/shop/productdetails/253674/devondale-mozzarella-cheese",
        "imgName": "253674.jpg",
        "imgSrc": "https://cdn0.woolworths.media/content/wowproductimages/medium/253674.jpg",
        "name": "Devondale Mozzarella Cheese 550g",
        "price": 7,
        "unitPrice": "$12.73 / 1KG"
    },
    {
        "category": "specials",
        "href": "https://www.woolworths.com.au/shop/productdetails/33278/cottee-s-ice-magic-chocolate",
        "imgName": "033278.jpg",
        "imgSrc": "https://cdn0.woolworths.media/content/wowproductimages/medium/033278.jpg",
        "name": "Cottee's Ice Magic Chocolate 220g",
        "price": 3.95,
        "special": 3.2,
        "unitPrice": "$1.45 / 100G"
    },
    {
        "category": "specials",
        "href": "https://www.woolworths.com.au/shop/productdetails/659506/kan-tong-chicken-cashew-nut-meal-base-pouch",
        "imgName": "659506.jpg",
        "imgSrc": "https://cdn0.woolworths.media/content/wowproductimages/medium/659506.jpg",
        "name": "Kan Tong Chicken & Cashew Nut Meal Base Pouch 175g",
        "price": 2.89,
        "unitPrice": "$1.65 / 100G"
    },
    {
        "category": "specials",
        "href": "https://www.woolworths.com.au/shop/productdetails/312795/south-cape-fruit-brandy-cream-cheese",
        "imgName": "312795.jpg",
        "imgSrc": "https://cdn0.woolworths.media/content/wowproductimages/medium/312795.jpg",
        "name": "South Cape Fruit & Brandy Cream Cheese 200g",
        "price": 4.29,
        "special": 3.5,
        "unitPrice": "$17.50 / 1KG"
    },
    {
        "category": "specials",
        "href": "https://www.woolworths.com.au/shop/productdetails/54778/fountain-satay-sauce",
        "imgName": "054778.jpg",
        "imgSrc": "https://cdn0.woolworths.media/content/wowproductimages/medium/054778.jpg",
        "name": "Fountain Satay Sauce  250ml",
        "price": 2.7,
        "special": 2.2,
        "unitPrice": "$0.88 / 100ML"
    },
    {
        "category": "specials",
        "href": "https://www.woolworths.com.au/shop/productdetails/167602/heinz-classic-canned-soup-pea-ham",
        "imgName": "167602.jpg",
        "imgSrc": "https://cdn0.woolworths.media/content/wowproductimages/medium/167602.jpg",
        "name": "Heinz Classic Canned Soup Pea & Ham 535g",
        "price": 2.5,
        "unitPrice": "$0.47 / 100G"
    },
    {
        "category": "specials",
        "href": "https://www.woolworths.com.au/shop/productdetails/332059/nice-natural-nut-bar-chocolate",
        "imgName": "332059.jpg",
        "imgSrc": "https://cdn0.woolworths.media/content/wowproductimages/medium/332059.jpg",
        "name": "Nice & Natural Nut Bar Chocolate 192g",
        "price": 4,
        "special": 3,
        "unitPrice": "$1.56 / 100G"
    },
    {
        "category": "specials",
        "href": "https://www.woolworths.com.au/shop/productdetails/981200/heineken-3-mid-strength-lager-stubby",
        "imgName": "981200.jpg",
        "imgSrc": "https://cdn0.woolworths.media/content/wowproductimages/medium/981200.jpg",
        "name": "Heineken 3 Mid Strength Lager Stubby 330ml 6 pack",
        "price": 19.3,
        "special": 18.5
    },
    {
        "category": "specials",
        "href": "https://www.woolworths.com.au/shop/productdetails/355668/marques-de-riscal-imported-proximo",
        "imgName": "355668.jpg",
        "imgSrc": "https://cdn0.woolworths.media/content/wowproductimages/medium/355668.jpg",
        "name": "Marques De Riscal Imported Proximo 750ml",
        "price": 14,
        "special": 11
    },
    {
        "category": "specials",
        "href": "https://www.woolworths.com.au/shop/productdetails/777845/maggi-stir-fry-creations-satay-chicken",
        "imgName": "777845.jpg",
        "imgSrc": "https://cdn0.woolworths.media/content/wowproductimages/medium/777845.jpg",
        "name": "Maggi Stir Fry Creations Satay Chicken 150g",
        "price": 3,
        "unitPrice": "$2.00 / 100G"
    },
    {
        "category": "specials",
        "href": "https://www.woolworths.com.au/shop/productdetails/32428/spc-two-fruits-diced-natural-juice",
        "imgName": "032428.jpg",
        "imgSrc": "https://cdn0.woolworths.media/content/wowproductimages/medium/032428.jpg",
        "name": "Spc Two Fruits Diced Natural Juice 825g",
        "price": 3.5,
        "special": 3,
        "unitPrice": "$3.64 / 1KG"
    },
    {
        "category": "specials",
        "href": "https://www.woolworths.com.au/shop/productdetails/258033/wrigley-s-extra-sugarfree-gum-peppermint",
        "imgName": "258033.jpg",
        "imgSrc": "https://cdn0.woolworths.media/content/wowproductimages/medium/258033.jpg",
        "name": "Wrigley's Extra Sugarfree Gum Peppermint 14pce each",
        "price": 2,
        "special": 1.6,
        "unitPrice": "$5.93 / 100G"
    },
    {
        "category": "specials",
        "href": "https://www.woolworths.com.au/shop/productdetails/784257/spc-fruit-salad-canned",
        "imgName": "784257.jpg",
        "imgSrc": "https://cdn0.woolworths.media/content/wowproductimages/medium/784257.jpg",
        "name": "Spc Fruit Salad Canned 825g",
        "price": 3.5,
        "special": 3,
        "unitPrice": "$3.64 / 1KG"
    },
    {
        "category": "specials",
        "href": "https://www.woolworths.com.au/shop/productdetails/33129/tabasco-chilli-sauce-red-pepper",
        "imgName": "033129.jpg",
        "imgSrc": "https://cdn0.woolworths.media/content/wowproductimages/medium/033129.jpg",
        "name": "Tabasco Chilli Sauce Red Pepper 60ml",
        "price": 4.4,
        "special": 3.5,
        "unitPrice": "$5.83 / 100ML"
    },
    {
        "category": "specials",
        "href": "https://www.woolworths.com.au/shop/productdetails/957604/leggos-providore-pesto-italian-basil",
        "imgName": "957604.jpg",
        "imgSrc": "https://cdn0.woolworths.media/content/wowproductimages/medium/957604.jpg",
        "name": "Leggos Providore Pesto Italian Basil 195g",
        "price": 5,
        "unitPrice": "$2.56 / 100G"
    },
    {
        "category": "specials",
        "href": "https://www.woolworths.com.au/shop/productdetails/650149/armor-all-wax-wipes",
        "imgName": "650149.jpg",
        "imgSrc": "https://cdn0.woolworths.media/content/wowproductimages/medium/650149.jpg",
        "name": "Armor All Wax Wipes 12pk",
        "price": 12,
        "special": 9.6,
        "unitPrice": "$0.80 / 1EA"
    },
    {
        "category": "specials",
        "href": "https://www.woolworths.com.au/shop/productdetails/231565/wrigley-s-eclipse-mints-spearmint",
        "imgName": "231565.jpg",
        "imgSrc": "https://cdn0.woolworths.media/content/wowproductimages/medium/231565.jpg",
        "name": "Wrigley's Eclipse Mints Spearmint 34g",
        "price": 2.6,
        "special": 2,
        "unitPrice": "$5.88 / 100G"
    },
    {
        "category": "specials",
        "href": "https://www.woolworths.com.au/shop/productdetails/430628/pedigree-dentaflex-large",
        "imgName": "430628.jpg",
        "imgSrc": "https://cdn0.woolworths.media/content/wowproductimages/medium/430628.jpg",
        "name": "Pedigree Dentaflex Large 120g",
        "price": 4.39,
        "special": 3.5,
        "unitPrice": "$2.92 / 100G"
    },
    {
        "category": "specials",
        "href": "https://www.woolworths.com.au/shop/productdetails/336045/white-king-inwash-soaker-oxy-lift-booster",
        "imgName": "336045.jpg",
        "imgSrc": "https://cdn0.woolworths.media/content/wowproductimages/medium/336045.jpg",
        "name": "White King Inwash & Soaker Oxy Lift Booster 2kg",
        "price": 8,
        "unitPrice": "$4.00 / 1KG"
    },
    {
        "category": "specials",
        "href": "https://www.woolworths.com.au/shop/productdetails/322454/peroni-legerra-lager-bottles",
        "imgName": "322454.jpg",
        "imgSrc": "https://cdn0.woolworths.media/content/wowproductimages/medium/322454.jpg",
        "name": "Peroni Legerra Lager Bottles 6x330ml pack",
        "price": 18.3,
        "special": 16
    },
    {
        "category": "specials",
        "href": "https://www.woolworths.com.au/shop/productdetails/254792/white-wings-muffin-mix-triple-chocolate",
        "imgName": "254792.jpg",
        "imgSrc": "https://cdn0.woolworths.media/content/wowproductimages/medium/254792.jpg",
        "name": "White Wings Muffin Mix Triple Chocolate 550g",
        "price": 4,
        "unitPrice": "$0.73 / 100G"
    },
    {
        "category": "specials",
        "href": "https://www.woolworths.com.au/shop/productdetails/214019/foster-clarks-chocolate-custard",
        "imgName": "214019.jpg",
        "imgSrc": "https://cdn0.woolworths.media/content/wowproductimages/medium/214019.jpg",
        "name": "Foster Clarks Chocolate Custard 4x140g",
        "price": 3.7,
        "unitPrice": "$0.66 / 100G"
    },
    {
        "category": "specials",
        "href": "https://www.woolworths.com.au/shop/productdetails/520533/la-famiglia-garlic-bread-just-for-2",
        "imgName": "520533.jpg",
        "imgSrc": "https://cdn0.woolworths.media/content/wowproductimages/medium/520533.jpg",
        "name": "La Famiglia Garlic Bread Just For 2 170g",
        "price": 2.7,
        "unitPrice": "$1.59 / 100G"
    },
    {
        "category": "specials",
        "href": "https://www.woolworths.com.au/shop/productdetails/900394/asahi-super-dry-lager-bottles",
        "imgName": "900394.jpg",
        "imgSrc": "https://cdn0.woolworths.media/content/wowproductimages/medium/900394.jpg",
        "name": "Asahi Super Dry Lager Bottles 24x330ml case",
        "price": 61,
        "special": 52
    },
    {
        "category": "specials",
        "href": "https://www.woolworths.com.au/shop/productdetails/25087/blue-banner-onions-pickled",
        "imgName": "025087.jpg",
        "imgSrc": "https://cdn0.woolworths.media/content/wowproductimages/medium/025087.jpg",
        "name": "Blue Banner Onions Pickled 525g",
        "price": 5.9,
        "special": 5.25,
        "unitPrice": "$10.00 / 1KG"
    },
    {
        "category": "specials",
        "href": "https://www.woolworths.com.au/shop/productdetails/793116/banana-boat-spf-50-sunscreen-cool-zone-sport-spray",
        "imgName": "793116.jpg",
        "imgSrc": "https://cdn0.woolworths.media/content/wowproductimages/medium/793116.jpg",
        "name": "Banana Boat Spf 50+ Sunscreen Cool Zone Sport Spray 175g",
        "price": 17,
        "special": 13.6,
        "unitPrice": "$7.77 / 100G"
    },
    {
        "category": "specials",
        "href": "https://www.woolworths.com.au/shop/productdetails/577096/woolworths-bbq-meat-thermometer",
        "imgName": "577096.jpg",
        "imgSrc": "https://cdn0.woolworths.media/content/wowproductimages/medium/577096.jpg",
        "name": "Woolworths Bbq Meat Thermometer  each",
        "price": 18,
        "special": 12.6,
        "unitPrice": "$12.60 / 1EA"
    },
    {
        "category": "specials",
        "href": "https://www.woolworths.com.au/shop/productdetails/784112/goulburn-valley-fruit-salad",
        "imgName": "784112.jpg",
        "imgSrc": "https://cdn0.woolworths.media/content/wowproductimages/medium/784112.jpg",
        "name": "Goulburn Valley Fruit Salad  700g",
        "price": 3.7,
        "unitPrice": "$5.29 / 1KG"
    },
    {
        "category": "specials",
        "href": "https://www.woolworths.com.au/shop/productdetails/610738/vo5-frizz-free-smoothing-cream",
        "imgName": "610738.jpg",
        "imgSrc": "https://cdn0.woolworths.media/content/wowproductimages/medium/610738.jpg",
        "name": "Vo5 Frizz Free Smoothing Cream 125ml",
        "price": 6,
        "unitPrice": "$4.80 / 100ML"
    },
    {
        "category": "specials",
        "href": "https://www.woolworths.com.au/shop/productdetails/863251/slim-secrets-protein-pud-with-chia-salted-caramel",
        "imgName": "863251.jpg",
        "imgSrc": "https://cdn0.woolworths.media/content/wowproductimages/medium/863251.jpg",
        "name": "Slim Secrets Protein Pud With Chia Salted Caramel 115g",
        "price": 4.5,
        "special": 3.85,
        "unitPrice": "$3.35 / 100G"
    },
    {
        "category": "specials",
        "href": "https://www.woolworths.com.au/shop/productdetails/446638/scharzkopf-live-salon-hair-colour-9-55-golden-caramel-blonde",
        "imgName": "446638.jpg",
        "imgSrc": "https://cdn0.woolworths.media/content/wowproductimages/medium/446638.jpg",
        "name": "Scharzkopf Live Salon Hair Colour 9.55 Golden Caramel Blonde each",
        "price": 14,
        "special": 8.4,
        "unitPrice": "$5.89 / 100ML"
    },
    {
        "category": "specials",
        "href": "https://www.woolworths.com.au/shop/productdetails/549166/coca-cola-vanilla-mini-cans",
        "imgName": "549166.jpg",
        "imgSrc": "https://cdn0.woolworths.media/content/wowproductimages/medium/549166.jpg",
        "name": "Coca-cola Vanilla Mini Cans 8x200ml pack",
        "price": 9.5,
        "unitPrice": "$5.94 / 1L"
    },
    {
        "category": "specials",
        "href": "https://www.woolworths.com.au/shop/productdetails/559227/mud-velvet-matte-lipstick-terracotta",
        "imgName": "559227.jpg",
        "imgSrc": "https://cdn0.woolworths.media/content/wowproductimages/medium/559227.jpg",
        "name": "Mud Velvet Matte Lipstick Terracotta 3g",
        "price": 4.5,
        "unitPrice": "$15.00 / 10G"
    },
    {
        "category": "specials",
        "href": "https://www.woolworths.com.au/shop/productdetails/243623/goldenfry-yorkshire-pudding-mix",
        "imgName": "243623.jpg",
        "imgSrc": "https://cdn0.woolworths.media/content/wowproductimages/medium/243623.jpg",
        "name": "Goldenfry Yorkshire Pudding Mix  142g",
        "price": 3.2,
        "special": 2.39,
        "unitPrice": "$1.68 / 100G"
    },
    {
        "category": "specials",
        "href": "https://www.woolworths.com.au/shop/productdetails/258353/garnier-ultralift-face-cream-ultra-lift-day-with-spf15",
        "imgName": "258353.jpg",
        "imgSrc": "https://cdn0.woolworths.media/content/wowproductimages/medium/258353.jpg",
        "name": "Garnier Ultralift Face Cream Ultra Lift Day With Spf15 50ml",
        "price": 16.99,
        "special": 11.85,
        "unitPrice": "$23.70 / 100ML"
    },
    {
        "category": "specials",
        "href": "https://www.woolworths.com.au/shop/productdetails/656938/kan-tong-thai-green-curry-meal-base-pouch",
        "imgName": "656938.jpg",
        "imgSrc": "https://cdn0.woolworths.media/content/wowproductimages/medium/656938.jpg",
        "name": "Kan Tong Thai Green Curry Meal Base Pouch 175g",
        "price": 2.89,
        "unitPrice": "$1.65 / 100G"
    },
    {
        "category": "specials",
        "href": "https://www.woolworths.com.au/shop/productdetails/915057/carlton-dry-low-carb-fusion-lime-bottles",
        "imgName": "915057.jpg",
        "imgSrc": "https://cdn0.woolworths.media/content/wowproductimages/medium/915057.jpg",
        "name": "Carlton Dry Low Carb Fusion Lime Bottles 24x355ml case",
        "price": 54,
        "special": 47
    },
    {
        "category": "specials",
        "href": "https://www.woolworths.com.au/shop/productdetails/594042/midnight-collective-coonawarra-cabernet-sauvignon",
        "imgName": "594042.jpg",
        "imgSrc": "https://cdn0.woolworths.media/content/wowproductimages/medium/594042.jpg",
        "name": "Midnight Collective Coonawarra Cabernet Sauvignon 750ml",
        "price": 22,
        "special": 18
    },
    {
        "category": "specials",
        "href": "https://www.woolworths.com.au/shop/productdetails/42812/bulla-thickened-cream",
        "imgName": "042812.jpg",
        "imgSrc": "https://cdn0.woolworths.media/content/wowproductimages/medium/042812.jpg",
        "name": "Bulla Thickened Cream  300ml",
        "price": 2,
        "unitPrice": "$0.67 / 100ML"
    },
    {
        "category": "specials",
        "href": "https://www.woolworths.com.au/shop/productdetails/500798/spurs-grill-blasting-sauce",
        "imgName": "500798.jpg",
        "imgSrc": "https://cdn0.woolworths.media/content/wowproductimages/medium/500798.jpg",
        "name": "Spurs Grill Blasting Sauce  750ml",
        "price": 7.6,
        "special": 6,
        "unitPrice": "$0.80 / 100ML"
    },
    {
        "category": "specials",
        "href": "https://www.woolworths.com.au/shop/productdetails/310253/woolworths-select-beef-liquid-stock",
        "imgName": "310253.jpg",
        "imgSrc": "https://cdn0.woolworths.media/content/wowproductimages/medium/310253.jpg",
        "name": "Woolworths Select Beef Liquid Stock 1l",
        "price": 2,
        "unitPrice": "$0.20 / 100ML"
    },
    {
        "category": "specials",
        "href": "https://www.woolworths.com.au/shop/productdetails/559228/mud-velvet-matte-lipstick-luscious-red",
        "imgName": "559228.jpg",
        "imgSrc": "https://cdn0.woolworths.media/content/wowproductimages/medium/559228.jpg",
        "name": "Mud Velvet Matte Lipstick Luscious Red 3g",
        "price": 4.5,
        "unitPrice": "$15.00 / 10G"
    },
    {
        "category": "specials",
        "href": "https://www.woolworths.com.au/shop/productdetails/91836/asahi-super-dry-lager-bottles",
        "imgName": "091836.jpg",
        "imgSrc": "https://cdn0.woolworths.media/content/wowproductimages/medium/091836.jpg",
        "name": "Asahi Super Dry Lager Bottles 6x330ml pack",
        "price": 22.3,
        "special": 17
    },
    {
        "category": "specials",
        "href": "https://www.woolworths.com.au/shop/productdetails/769724/rescue-remedy-liquid-spray",
        "imgName": "769724.jpg",
        "imgSrc": "https://cdn0.woolworths.media/content/wowproductimages/medium/769724.jpg",
        "name": "Rescue Remedy Liquid Spray 20ml",
        "price": 30,
        "special": 24,
        "unitPrice": "$120.00 / 100ML"
    },
    {
        "category": "specials",
        "href": "https://www.woolworths.com.au/shop/productdetails/380783/maybelline-ny-lip-colour-renovation-all-day-cherry",
        "imgName": "380783.jpg",
        "imgSrc": "https://cdn0.woolworths.media/content/wowproductimages/medium/380783.jpg",
        "name": "Maybelline Ny Lip Colour Renovation All Day Cherry 1.8ml",
        "price": 22.95,
        "special": 16
    },
    {
        "category": "specials",
        "href": "https://www.woolworths.com.au/shop/productdetails/34498/three-threes-pickles-mustard",
        "imgName": "034498.jpg",
        "imgSrc": "https://cdn0.woolworths.media/content/wowproductimages/medium/034498.jpg",
        "name": "Three Threes Pickles Mustard 520g",
        "price": 2.1,
        "special": 1.8,
        "unitPrice": "$3.46 / 1KG"
    },
    {
        "category": "specials",
        "href": "https://www.woolworths.com.au/shop/productdetails/24046/chicken-tonight-simmer-sauce-country-french-white-wine",
        "imgName": "024046.jpg",
        "imgSrc": "https://cdn0.woolworths.media/content/wowproductimages/medium/024046.jpg",
        "name": "Chicken Tonight Simmer Sauce Country French White Wine 475g",
        "price": 3.15,
        "unitPrice": "$0.66 / 100G"
    },
    {
        "category": "specials",
        "href": "https://www.woolworths.com.au/shop/productdetails/248895/colgate-advanced-whitening-toothpaste-plus-tartar-control",
        "imgName": "248895.jpg",
        "imgSrc": "https://cdn0.woolworths.media/content/wowproductimages/medium/248895.jpg",
        "name": "Colgate Advanced Whitening Toothpaste Plus Tartar Control 120g",
        "price": 4.8,
        "special": 3,
        "unitPrice": "$2.50 / 100G"
    },
    {
        "category": "specials",
        "href": "https://www.woolworths.com.au/shop/productdetails/6092/aeroplane-jelly-original-lime",
        "imgName": "006092.jpg",
        "imgSrc": "https://cdn0.woolworths.media/content/wowproductimages/medium/006092.jpg",
        "name": "Aeroplane Jelly Original Lime 85g",
        "price": 1.15,
        "unitPrice": "$1.35 / 100G"
    },
    {
        "category": "specials",
        "href": "https://www.woolworths.com.au/shop/productdetails/753178/woolworths-two-fruits-diced-in-juice-australian",
        "imgName": "753178.jpg",
        "imgSrc": "https://cdn0.woolworths.media/content/wowproductimages/medium/753178.jpg",
        "name": "Woolworths Two Fruits Diced In Juice Australian 820g",
        "price": 2.8,
        "unitPrice": "$3.41 / 1KG"
    },
    {
        "category": "specials",
        "href": "https://www.woolworths.com.au/shop/productdetails/924075/kellogg-s-crunchy-nut-cornflakes",
        "imgName": "924075.jpg",
        "imgSrc": "https://cdn0.woolworths.media/content/wowproductimages/medium/924075.jpg",
        "name": "Kellogg's Crunchy Nut Cornflakes 670g",
        "price": 7.49,
        "special": 6,
        "unitPrice": "$0.90 / 100G"
    },
    {
        "category": "specials",
        "href": "https://www.woolworths.com.au/shop/productdetails/348643/panadol-caplets-optizorb",
        "imgName": "348643.jpg",
        "imgSrc": "https://cdn0.woolworths.media/content/wowproductimages/medium/348643.jpg",
        "name": "Panadol Caplets Optizorb 20pk",
        "price": 4,
        "unitPrice": "$0.20 / 1EA"
    },
    {
        "category": "specials",
        "href": "https://www.woolworths.com.au/shop/productdetails/474592/woolworths-ice-cream-intense-coffee",
        "imgName": "474592.jpg",
        "imgSrc": "https://cdn0.woolworths.media/content/wowproductimages/medium/474592.jpg",
        "name": "Woolworths Ice Cream Intense Coffee 1l",
        "price": 4.7,
        "unitPrice": "$0.47 / 100ML"
    },
    {
        "category": "specials",
        "href": "https://www.woolworths.com.au/shop/productdetails/786156/mother-earth-brekkie-on-the-go-cashew-cranberry",
        "imgName": "786156.jpg",
        "imgSrc": "https://cdn0.woolworths.media/content/wowproductimages/medium/786156.jpg",
        "name": "Mother Earth Brekkie On The Go Cashew & Cranberry 45g",
        "price": 1.39,
        "special": 1,
        "unitPrice": "$2.22 / 100G"
    },
    {
        "category": "specials",
        "href": "https://www.woolworths.com.au/shop/productdetails/331791/south-cape-entertaining-platter-selection",
        "imgName": "331791.jpg",
        "imgSrc": "https://cdn0.woolworths.media/content/wowproductimages/medium/331791.jpg",
        "name": "South Cape Entertaining Platter Selection 4 piece 435g",
        "price": 15.75,
        "special": 12,
        "unitPrice": "$27.59 / 1KG"
    },
    {
        "category": "specials",
        "href": "https://www.woolworths.com.au/shop/productdetails/626976/dove-go-fresh-body-wash-pear-aloe-vera",
        "imgName": "626976.jpg",
        "imgSrc": "https://cdn0.woolworths.media/content/wowproductimages/medium/626976.jpg",
        "name": "Dove Go Fresh Body Wash Pear & Aloe Vera 375ml",
        "price": 5.75,
        "unitPrice": "$1.53 / 100ML"
    },
    {
        "category": "specials",
        "href": "https://www.woolworths.com.au/shop/productdetails/482326/radiant-colour-care-laundry-liquid-front-top-loader",
        "imgName": "482326.jpg",
        "imgSrc": "https://cdn0.woolworths.media/content/wowproductimages/medium/482326.jpg",
        "name": "Radiant Colour Care Laundry Liquid Front & Top Loader 2l",
        "price": 9.5,
        "unitPrice": "$4.75 / 1L"
    },
    {
        "category": "specials",
        "href": "https://www.woolworths.com.au/shop/productdetails/59790/pace-farm-liberty-barn-laid-eggs",
        "imgName": "059790.jpg",
        "imgSrc": "https://cdn0.woolworths.media/content/wowproductimages/medium/059790.jpg",
        "name": "Pace Farm Liberty Barn Laid Eggs 12pk 700g",
        "price": 5,
        "special": 4,
        "unitPrice": "$0.57 / 100G"
    },
    {
        "category": "specials",
        "href": "https://www.woolworths.com.au/shop/productdetails/67060/golden-circle-apple-juice",
        "imgName": "067060.jpg",
        "imgSrc": "https://cdn0.woolworths.media/content/wowproductimages/medium/067060.jpg",
        "name": "Golden Circle Apple Juice 2l",
        "price": 3,
        "unitPrice": "$1.50 / 1L"
    },
    {
        "category": "specials",
        "href": "https://www.woolworths.com.au/shop/productdetails/360276/robert-timms-instant-coffee-premium-full-bodied",
        "imgName": "360276.jpg",
        "imgSrc": "https://cdn0.woolworths.media/content/wowproductimages/medium/360276.jpg",
        "name": "Robert Timms Instant Coffee Premium Full-bodied 500g",
        "price": 15,
        "unitPrice": "$3.00 / 100G"
    },
    {
        "category": "specials",
        "href": "https://www.woolworths.com.au/shop/productdetails/36533/heinz-strained-food-4-months-pumpkin-potato-beef",
        "imgName": "036533.jpg",
        "imgSrc": "https://cdn0.woolworths.media/content/wowproductimages/medium/036533.jpg",
        "name": "Heinz Strained Food 4 Months Pumpkin Potato & Beef 110g",
        "price": 1,
        "unitPrice": "$0.91 / 100G"
    },
    {
        "category": "specials",
        "href": "https://www.woolworths.com.au/shop/productdetails/320232/aveeno-skin-brightening-scrub-skin-brightening",
        "imgName": "320232.jpg",
        "imgSrc": "https://cdn0.woolworths.media/content/wowproductimages/medium/320232.jpg",
        "name": "Aveeno Skin Brightening Scrub Skin Brightening 141g",
        "price": 13.99,
        "special": 11.15,
        "unitPrice": "$7.96 / 100G"
    },
    {
        "category": "specials",
        "href": "https://www.woolworths.com.au/shop/productdetails/320867/homebrand-paper-towel-1ply-110ss",
        "imgName": "320867.jpg",
        "imgSrc": "https://cdn0.woolworths.media/content/wowproductimages/medium/320867.jpg",
        "name": "Homebrand Paper Towel 1ply 110ss 2pk",
        "price": 1.7,
        "unitPrice": "$0.85 / 100SS"
    },
    {
        "category": "specials",
        "href": "https://www.woolworths.com.au/shop/productdetails/771667/thursday-plantation-tea-tree-antiseptic-spray",
        "imgName": "771667.jpg",
        "imgSrc": "https://cdn0.woolworths.media/content/wowproductimages/medium/771667.jpg",
        "name": "Thursday Plantation Tea Tree Antiseptic Spray 100ml",
        "price": 9.2,
        "special": 8,
        "unitPrice": "$8.00 / 100ML"
    },
    {
        "category": "specials",
        "href": "https://www.woolworths.com.au/shop/productdetails/724887/palmolive-foam-handwash-raspberry-pump",
        "imgName": "724887.jpg",
        "imgSrc": "https://cdn0.woolworths.media/content/wowproductimages/medium/724887.jpg",
        "name": "Palmolive Foam Handwash Raspberry Pump 250ml",
        "price": 3.5,
        "special": 2.9,
        "unitPrice": "$1.16 / 100ML"
    },
    {
        "category": "specials",
        "href": "https://www.woolworths.com.au/shop/productdetails/863241/slim-secrets-protein-pud-with-chia-strawberry",
        "imgName": "863241.jpg",
        "imgSrc": "https://cdn0.woolworths.media/content/wowproductimages/medium/863241.jpg",
        "name": "Slim Secrets Protein Pud With Chia Strawberry 115g",
        "price": 4.5,
        "special": 3.85,
        "unitPrice": "$3.35 / 100G"
    },
    {
        "category": "specials",
        "href": "https://www.woolworths.com.au/shop/productdetails/14613/pantene-pro-v-ultimate-10-conditioner",
        "imgName": "014613.jpg",
        "imgSrc": "https://cdn0.woolworths.media/content/wowproductimages/medium/014613.jpg",
        "name": "Pantene Pro-v Ultimate 10 Conditioner 350ml",
        "price": 4.5,
        "unitPrice": "$1.29 / 100ML"
    },
    {
        "category": "specials",
        "href": "https://www.woolworths.com.au/shop/productdetails/72390/patties-party-pies",
        "imgName": "072390.jpg",
        "imgSrc": "https://cdn0.woolworths.media/content/wowproductimages/medium/072390.jpg",
        "name": "Patties Party Pies  24pk 1.12kg",
        "price": 13,
        "special": 9,
        "unitPrice": "$0.80 / 100G"
    },
    {
        "category": "specials",
        "href": "https://www.woolworths.com.au/shop/productdetails/297767/yoplait-forme-zero-strawberry-yoghurt",
        "imgName": "297767.jpg",
        "imgSrc": "https://cdn0.woolworths.media/content/wowproductimages/medium/297767.jpg",
        "name": "Yoplait Forme Zero Strawberry Yoghurt 1kg",
        "price": 4,
        "unitPrice": "$0.40 / 100G"
    },
    {
        "category": "specials",
        "href": "https://www.woolworths.com.au/shop/productdetails/309292/lynx-men-body-spray-aerosol-deodorant-dark-temptation",
        "imgName": "309292.jpg",
        "imgSrc": "https://cdn0.woolworths.media/content/wowproductimages/medium/309292.jpg",
        "name": "Lynx Men Body Spray Aerosol Deodorant Dark Temptation 155ml",
        "price": 6,
        "special": 4,
        "unitPrice": "$2.58 / 100ML"
    },
    {
        "category": "specials",
        "href": "https://www.woolworths.com.au/shop/productdetails/310593/maybelline-mineral-powder-foundation-nude",
        "imgName": "310593.jpg",
        "imgSrc": "https://cdn0.woolworths.media/content/wowproductimages/medium/310593.jpg",
        "name": "Maybelline Mineral Powder Foundation Nude 8g",
        "price": 24.5,
        "special": 17.15,
        "unitPrice": "$21.44 / 10G"
    },
    {
        "category": "specials",
        "href": "https://www.woolworths.com.au/shop/productdetails/334733/woolworths-blackcurrant-jam",
        "imgName": "334733.jpg",
        "imgSrc": "https://cdn0.woolworths.media/content/wowproductimages/medium/334733.jpg",
        "name": "Woolworths Blackcurrant Jam 500g",
        "price": 2.5,
        "unitPrice": "$0.50 / 100G"
    },
    {
        "category": "specials",
        "href": "https://www.woolworths.com.au/shop/productdetails/507951/hydralyte-sports-effervescent-tablets-berry",
        "imgName": "507951.jpg",
        "imgSrc": "https://cdn0.woolworths.media/content/wowproductimages/medium/507951.jpg",
        "name": "Hydralyte Sports Effervescent Tablets Berry 24ea",
        "price": 17,
        "special": 13,
        "unitPrice": "$0.54 / 1EA"
    },
    {
        "category": "specials",
        "href": "https://www.woolworths.com.au/shop/productdetails/701846/masterfoods-marinade-honey-bbq",
        "imgName": "701846.jpg",
        "imgSrc": "https://cdn0.woolworths.media/content/wowproductimages/medium/701846.jpg",
        "name": "Masterfoods Marinade Honey Bbq 375g",
        "price": 2.5,
        "unitPrice": "$0.67 / 100G"
    },
    {
        "category": "specials",
        "href": "https://www.woolworths.com.au/shop/productdetails/582571/masterfood-recipe-base-curried-sausages",
        "imgName": "582571.jpg",
        "imgSrc": "https://cdn0.woolworths.media/content/wowproductimages/medium/582571.jpg",
        "name": "Masterfood Recipe Base Curried Sausages 4pk 700g",
        "price": 6.5,
        "unitPrice": "$1.63 / 1EA"
    },
    {
        "category": "specials",
        "href": "https://www.woolworths.com.au/shop/productdetails/624765/heinz-baked-beans-ham-sauce",
        "imgName": "624765.jpg",
        "imgSrc": "https://cdn0.woolworths.media/content/wowproductimages/medium/624765.jpg",
        "name": "Heinz Baked Beans Ham Sauce 300g",
        "price": 2,
        "special": 1.5,
        "unitPrice": "$0.50 / 100G"
    },
    {
        "category": "specials",
        "href": "https://www.woolworths.com.au/shop/productdetails/773374/devils-corner-riesling",
        "imgName": "773374.jpg",
        "imgSrc": "https://cdn0.woolworths.media/content/wowproductimages/medium/773374.jpg",
        "name": "Devils Corner Riesling  750ml",
        "price": 23,
        "special": 18
    },
    {
        "category": "specials",
        "href": "https://www.woolworths.com.au/shop/productdetails/780850/street-kitchen-cooking-coconut-chicken-chettinad",
        "imgName": "780850.jpg",
        "imgSrc": "https://cdn0.woolworths.media/content/wowproductimages/medium/780850.jpg",
        "name": "Street Kitchen Cooking Coconut Chicken Chettinad 255g",
        "price": 4.5,
        "unitPrice": "$1.76 / 100G"
    },
    {
        "category": "specials",
        "href": "https://www.woolworths.com.au/shop/productdetails/781650/dairylea-cream-cheese-spread",
        "imgName": "781650.jpg",
        "imgSrc": "https://cdn0.woolworths.media/content/wowproductimages/medium/781650.jpg",
        "name": "Dairylea Cream Cheese Spread 250g",
        "price": 4,
        "special": 3.5,
        "unitPrice": "$14.00 / 1KG"
    },
    {
        "category": "specials",
        "href": "https://www.woolworths.com.au/shop/productdetails/781655/dairylea-cream-cheese-spread",
        "imgName": "781655.jpg",
        "imgSrc": "https://cdn0.woolworths.media/content/wowproductimages/medium/781655.jpg",
        "name": "Dairylea Cream Cheese Spread 500g",
        "price": 6.5,
        "unitPrice": "$13.00 / 1KG"
    },
    {
        "category": "specials",
        "href": "https://www.woolworths.com.au/shop/productdetails/780324/earth-choice-front-loader-liquid",
        "imgName": "780324.jpg",
        "imgSrc": "https://cdn0.woolworths.media/content/wowproductimages/medium/780324.jpg",
        "name": "Earth Choice Front Loader Liquid 1l",
        "price": 6,
        "unitPrice": "$6.00 / 1L"
    },
    {
        "category": "specials",
        "href": "https://www.woolworths.com.au/shop/productdetails/95889/nobbys-nuts-peanuts-salted",
        "imgName": "095889.jpg",
        "imgSrc": "https://cdn0.woolworths.media/content/wowproductimages/medium/095889.jpg",
        "name": "Nobbys Nuts Peanuts Salted 375g",
        "price": 3.35,
        "special": 3,
        "unitPrice": "$8.00 / 1KG"
    },
    {
        "category": "specials",
        "href": "https://www.woolworths.com.au/shop/productdetails/241100/robern-apricot-balls",
        "imgName": "241100.jpg",
        "imgSrc": "https://cdn0.woolworths.media/content/wowproductimages/medium/241100.jpg",
        "name": "Robern Apricot Balls 200g",
        "price": 3,
        "special": 2.45,
        "unitPrice": "$12.25 / 1KG"
    },
    {
        "category": "specials",
        "href": "https://www.woolworths.com.au/shop/productdetails/267449/aerogard-insect-repellent-odourless-pump-spray",
        "imgName": "267449.jpg",
        "imgSrc": "https://cdn0.woolworths.media/content/wowproductimages/medium/267449.jpg",
        "name": "Aerogard Insect Repellent Odourless Pump Spray 175ml",
        "price": 7.3,
        "special": 5.5,
        "unitPrice": "$3.14 / 100ML"
    },
    {
        "category": "specials",
        "href": "https://www.woolworths.com.au/shop/productdetails/558970/mud-long-lasting-foundation-01-ivory",
        "imgName": "558970.jpg",
        "imgSrc": "https://cdn0.woolworths.media/content/wowproductimages/medium/558970.jpg",
        "name": "Mud Long Lasting Foundation 01 Ivory 28ml",
        "price": 8.5,
        "unitPrice": "$3.04 / 10ML"
    },
    {
        "category": "specials",
        "href": "https://www.woolworths.com.au/shop/productdetails/645867/symphony-2ply-facial-tissue",
        "imgName": "645867.jpg",
        "imgSrc": "https://cdn0.woolworths.media/content/wowproductimages/medium/645867.jpg",
        "name": "Symphony 2ply Facial Tissue  2ply 228pk",
        "price": 1.5,
        "unitPrice": "$0.66 / 100SS"
    },
    {
        "category": "specials",
        "href": "https://www.woolworths.com.au/shop/productdetails/790808/maybelline-matte-maker-powder-10-classic-ivory",
        "imgName": "790808.jpg",
        "imgSrc": "https://cdn0.woolworths.media/content/wowproductimages/medium/790808.jpg",
        "name": "Maybelline Matte Maker Powder 10 Classic Ivory 16g",
        "price": 11.95,
        "special": 8.35
    },
    {
        "category": "specials",
        "href": "https://www.woolworths.com.au/shop/productdetails/128898/praise-mayonnaise-mayonnaise",
        "imgName": "128898.jpg",
        "imgSrc": "https://cdn0.woolworths.media/content/wowproductimages/medium/128898.jpg",
        "name": "Praise Mayonnaise Mayonnaise 365g",
        "price": 3.4,
        "special": 1.7,
        "unitPrice": "$0.47 / 100G"
    },
    {
        "category": "specials",
        "href": "https://www.woolworths.com.au/shop/productdetails/195732/weight-watchers-frozen-meal-bowl-beef-hot-pot",
        "imgName": "195732.jpg",
        "imgSrc": "https://cdn0.woolworths.media/content/wowproductimages/medium/195732.jpg",
        "name": "Weight Watchers Frozen Meal Bowl Beef Hot Pot 320g",
        "price": 4,
        "unitPrice": "$1.25 / 100G"
    },
    {
        "category": "specials",
        "href": "https://www.woolworths.com.au/shop/productdetails/259635/energizer-aaa-rechargable-batteries-850mah",
        "imgName": "259635.jpg",
        "imgSrc": "https://cdn0.woolworths.media/content/wowproductimages/medium/259635.jpg",
        "name": "Energizer Aaa Rechargable Batteries 850mah 4pk",
        "price": 23.5,
        "special": 18.8,
        "unitPrice": "$4.70 / 1EA"
    },
    {
        "category": "specials",
        "href": "https://www.woolworths.com.au/shop/productdetails/629967/la-casa-del-formaggio-smooth-ricotta",
        "imgName": "629967.jpg",
        "imgSrc": "https://cdn0.woolworths.media/content/wowproductimages/medium/629967.jpg",
        "name": "La Casa Del Formaggio Smooth Ricotta 375g",
        "price": 5,
        "special": 4.25,
        "unitPrice": "$11.33 / 1KG"
    },
    {
        "category": "specials",
        "href": "https://www.woolworths.com.au/shop/productdetails/706158/heinz-seriously-good-aioli-garlic-mayonnaise",
        "imgName": "706158.jpg",
        "imgSrc": "https://cdn0.woolworths.media/content/wowproductimages/medium/706158.jpg",
        "name": "Heinz Seriously Good Aioli Garlic Mayonnaise 295ml",
        "price": 4,
        "special": 3.5,
        "unitPrice": "$1.19 / 100ML"
    },
    {
        "category": "specials",
        "href": "https://www.woolworths.com.au/shop/productdetails/716128/maybelline-master-precise-eye-liner-blackest-black",
        "imgName": "716128.jpg",
        "imgSrc": "https://cdn0.woolworths.media/content/wowproductimages/medium/716128.jpg",
        "name": "Maybelline Master Precise Eye Liner Blackest Black 0.5g",
        "price": 15.95,
        "special": 11.15,
        "unitPrice": "$223.00 / 10G"
    },
    {
        "category": "specials",
        "href": "https://www.woolworths.com.au/shop/productdetails/27938/tena-lady-pads-extra",
        "imgName": "027938.jpg",
        "imgSrc": "https://cdn0.woolworths.media/content/wowproductimages/medium/027938.jpg",
        "name": "Tena Lady Pads Extra 10pk",
        "price": 5.25,
        "unitPrice": "$0.53 / 1EA"
    },
    {
        "category": "specials",
        "href": "https://www.woolworths.com.au/shop/productdetails/262206/capilano-squeezable-upsidedown-australian-honey",
        "imgName": "262206.jpg",
        "imgSrc": "https://cdn0.woolworths.media/content/wowproductimages/medium/262206.jpg",
        "name": "Capilano Squeezable Upsidedown Australian Honey 500g",
        "price": 7.35,
        "special": 6,
        "unitPrice": "$1.20 / 100G"
    },
    {
        "category": "specials",
        "href": "https://www.woolworths.com.au/shop/productdetails/313205/maped-eraser-technic",
        "imgName": "313205.jpg",
        "imgSrc": "https://cdn0.woolworths.media/content/wowproductimages/medium/313205.jpg",
        "name": "Maped Eraser Technic 2pk",
        "price": 2,
        "special": 1.6
    },
    {
        "category": "specials",
        "href": "https://www.woolworths.com.au/shop/productdetails/353185/vanish-napisan-inwash-soaker-oxiaction-crystal-white",
        "imgName": "353185.jpg",
        "imgSrc": "https://cdn0.woolworths.media/content/wowproductimages/medium/353185.jpg",
        "name": "Vanish Napisan Inwash & Soaker Oxiaction Crystal White 2kg",
        "price": 11,
        "unitPrice": "$5.50 / 1KG"
    },
    {
        "category": "specials",
        "href": "https://www.woolworths.com.au/shop/productdetails/476724/mud-cosmetics-perfecting-primer",
        "imgName": "476724.jpg",
        "imgSrc": "https://cdn0.woolworths.media/content/wowproductimages/medium/476724.jpg",
        "name": "Mud Cosmetics Perfecting Primer  160",
        "price": 9.5,
        "unitPrice": "$3.17 / 10ML"
    },
    {
        "category": "specials",
        "href": "https://www.woolworths.com.au/shop/productdetails/644261/kleenex-facial-tissues-gentle-care-ultra-soft",
        "imgName": "644261.jpg",
        "imgSrc": "https://cdn0.woolworths.media/content/wowproductimages/medium/644261.jpg",
        "name": "Kleenex Facial Tissues Gentle Care Ultra Soft 95pk",
        "price": 2,
        "unitPrice": "$2.11 / 100SS"
    },
    {
        "category": "specials",
        "href": "https://www.woolworths.com.au/shop/productdetails/659250/optus-4g-optus-x-spirit",
        "imgName": "659250.jpg",
        "imgSrc": "https://cdn0.woolworths.media/content/wowproductimages/medium/659250.jpg",
        "name": "Optus 4g Optus X Spirit 1ea",
        "price": 99,
        "special": 69
    },
    {
        "category": "specials",
        "href": "https://www.woolworths.com.au/shop/productdetails/828457/continental-cup-a-soup-creamy-cauliflower-cheddar-chives",
        "imgName": "828457.jpg",
        "imgSrc": "https://cdn0.woolworths.media/content/wowproductimages/medium/828457.jpg",
        "name": "Continental Cup A Soup Creamy Cauliflower Cheddar & Chives 96g",
        "price": 3.5,
        "unitPrice": "$3.65 / 100G"
    },
    {
        "category": "specials",
        "href": "https://www.woolworths.com.au/shop/productdetails/830602/fantastic-quinoa-and-buckwheat-goodies",
        "imgName": "830602.jpg",
        "imgSrc": "https://cdn0.woolworths.media/content/wowproductimages/medium/830602.jpg",
        "name": "Fantastic Quinoa And Buckwheat Goodies 100g",
        "price": 2.5,
        "special": 2,
        "unitPrice": "$2.00 / 100G"
    },
    {
        "category": "specials",
        "href": "https://www.woolworths.com.au/shop/productdetails/828986/the-natural-confectionery-co-fruity-chews",
        "imgName": "828986.jpg",
        "imgSrc": "https://cdn0.woolworths.media/content/wowproductimages/medium/828986.jpg",
        "name": "The Natural Confectionery Co Fruity Chews  220g bag",
        "price": 4,
        "special": 3,
        "unitPrice": "$1.36 / 100G"
    },
    {
        "category": "specials",
        "href": "https://www.woolworths.com.au/shop/productdetails/841465/nudie-apple-blackcurrant-juice",
        "imgName": "841465.jpg",
        "imgSrc": "https://cdn0.woolworths.media/content/wowproductimages/medium/841465.jpg",
        "name": "Nudie Apple Blackcurrant Juice  2l",
        "price": 6.6,
        "special": 5.5,
        "unitPrice": "$2.75 / 1L"
    },
    {
        "category": "specials",
        "href": "https://www.woolworths.com.au/shop/productdetails/67056/golden-circle-orange-juice",
        "imgName": "067056.jpg",
        "imgSrc": "https://cdn0.woolworths.media/content/wowproductimages/medium/067056.jpg",
        "name": "Golden Circle Orange Juice 2l",
        "price": 3,
        "unitPrice": "$1.50 / 1L"
    },
    {
        "category": "specials",
        "href": "https://www.woolworths.com.au/shop/productdetails/224720/maybelline-dream-matte-foundation-mousse-nude",
        "imgName": "224720.jpg",
        "imgSrc": "https://cdn0.woolworths.media/content/wowproductimages/medium/224720.jpg",
        "name": "Maybelline Dream Matte Foundation Mousse Nude 18g",
        "price": 22.95,
        "special": 16,
        "unitPrice": "$8.89 / 10G"
    },
    {
        "category": "specials",
        "href": "https://www.woolworths.com.au/shop/productdetails/325191/white-wings-brownie-mix-chocolate-chunk",
        "imgName": "325191.jpg",
        "imgSrc": "https://cdn0.woolworths.media/content/wowproductimages/medium/325191.jpg",
        "name": "White Wings Brownie Mix Chocolate Chunk 475g",
        "price": 4,
        "unitPrice": "$0.84 / 100G"
    },
    {
        "category": "specials",
        "href": "https://www.woolworths.com.au/shop/productdetails/362224/jacobs-snacks-original-twiglets",
        "imgName": "362224.jpg",
        "imgSrc": "https://cdn0.woolworths.media/content/wowproductimages/medium/362224.jpg",
        "name": "Jacobs Snacks Original Twiglets 45g",
        "price": 2.15,
        "special": 1.7,
        "unitPrice": "$3.78 / 100G"
    },
    {
        "category": "specials",
        "href": "https://www.woolworths.com.au/shop/productdetails/705192/scharzkopf-live-salon-hair-colour-4-45-rich-chocolate-brown",
        "imgName": "705192.jpg",
        "imgSrc": "https://cdn0.woolworths.media/content/wowproductimages/medium/705192.jpg",
        "name": "Scharzkopf Live Salon Hair Colour 4.45 Rich Chocolate Brown each",
        "price": 14,
        "special": 8.4
    },
    {
        "category": "specials",
        "href": "https://www.woolworths.com.au/shop/productdetails/731253/essentials-scourer",
        "imgName": "731253.jpg",
        "imgSrc": "https://cdn0.woolworths.media/content/wowproductimages/medium/731253.jpg",
        "name": "Essentials Scourer  6pk",
        "price": 0.7,
        "unitPrice": "$0.12 / 1EA"
    },
    {
        "category": "specials",
        "href": "https://www.woolworths.com.au/shop/productdetails/93470/rid-insect-repellent-medic-tropical-strength-r-o",
        "imgName": "093470.jpg",
        "imgSrc": "https://cdn0.woolworths.media/content/wowproductimages/medium/093470.jpg",
        "name": "Rid Insect Repellent Medic Tropical Strength R/o 100ml",
        "price": 7.49,
        "special": 5,
        "unitPrice": "$5.00 / 100ML"
    },
    {
        "category": "specials",
        "href": "https://www.woolworths.com.au/shop/productdetails/353385/borg-s-multipack-pies-desserts-vanilla-custard",
        "imgName": "353385.jpg",
        "imgSrc": "https://cdn0.woolworths.media/content/wowproductimages/medium/353385.jpg",
        "name": "Borg's Multipack Pies & Desserts Vanilla Custard 400g",
        "price": 4,
        "special": 3,
        "unitPrice": "$0.75 / 100G"
    },
    {
        "category": "specials",
        "href": "https://www.woolworths.com.au/shop/productdetails/583789/continental-sensations-chicken-corn-soup",
        "imgName": "583789.jpg",
        "imgSrc": "https://cdn0.woolworths.media/content/wowproductimages/medium/583789.jpg",
        "name": "Continental Sensations Chicken & Corn Soup  100g",
        "price": 3.5,
        "unitPrice": "$3.50 / 100G"
    },
    {
        "category": "specials",
        "href": "https://www.woolworths.com.au/shop/productdetails/940002/vitaustralia-glucosamine-1500mg",
        "imgName": "940002.jpg",
        "imgSrc": "https://cdn0.woolworths.media/content/wowproductimages/medium/940002.jpg",
        "name": "Vitaustralia Glucosamine 1500mg  180pk",
        "price": 21.19,
        "special": 18,
        "unitPrice": "$10.00 / 100EA"
    },
    {
        "category": "specials",
        "href": "https://www.woolworths.com.au/shop/productdetails/254159/loacker-wafers-tiramisu",
        "imgName": "254159.jpg",
        "imgSrc": "https://cdn0.woolworths.media/content/wowproductimages/medium/254159.jpg",
        "name": "Loacker Wafers Tiramisu 110g",
        "price": 2.3,
        "special": 2,
        "unitPrice": "$1.82 / 100G"
    },
    {
        "category": "specials",
        "href": "https://www.woolworths.com.au/shop/productdetails/363868/woolworths-essentials-sheet-flat-mocha",
        "imgName": "363868.jpg",
        "imgSrc": "https://cdn0.woolworths.media/content/wowproductimages/medium/363868.jpg",
        "name": "Woolworths Essentials Sheet Flat Mocha each",
        "price": 20,
        "special": 10
    },
    {
        "category": "specials",
        "href": "https://www.woolworths.com.au/shop/productdetails/742784/mentos-mints-spearmint",
        "imgName": "742784.jpg",
        "imgSrc": "https://cdn0.woolworths.media/content/wowproductimages/medium/742784.jpg",
        "name": "Mentos Mints Spearmint 3pk",
        "price": 3.1,
        "special": 2.6,
        "unitPrice": "$2.31 / 100G"
    },
    {
        "category": "specials",
        "href": "https://www.woolworths.com.au/shop/productdetails/763144/easiyo-banana-yoghurt-base",
        "imgName": "763144.jpg",
        "imgSrc": "https://cdn0.woolworths.media/content/wowproductimages/medium/763144.jpg",
        "name": "Easiyo Banana Yoghurt Base 230g",
        "price": 4.5,
        "unitPrice": "$1.96 / 100G"
    },
    {
        "category": "specials",
        "href": "https://www.woolworths.com.au/shop/productdetails/960045/adidas-deodorant-climacool-spray-anti-perspirant",
        "imgName": "960045.jpg",
        "imgSrc": "https://cdn0.woolworths.media/content/wowproductimages/medium/960045.jpg",
        "name": "Adidas Deodorant Climacool Spray Anti Perspirant 200ml",
        "price": 5,
        "unitPrice": "$2.50 / 100ML"
    },
    {
        "category": "specials",
        "href": "https://www.woolworths.com.au/shop/productdetails/4722/olay-moisturising-lotion-for-sensitive-skin",
        "imgName": "004722.jpg",
        "imgSrc": "https://cdn0.woolworths.media/content/wowproductimages/medium/004722.jpg",
        "name": "Olay Moisturising Lotion For Sensitive Skin 150ml",
        "price": 13,
        "special": 6.5,
        "unitPrice": "$4.33 / 100ML"
    },
    {
        "category": "specials",
        "href": "https://www.woolworths.com.au/shop/productdetails/26493/lindt-lindor-chocolate-block-60-dark",
        "imgName": "026493.jpg",
        "imgSrc": "https://cdn0.woolworths.media/content/wowproductimages/medium/026493.jpg",
        "name": "Lindt Lindor Chocolate Block 60% Dark 100g block",
        "price": 4.25,
        "special": 2.12,
        "unitPrice": "$2.12 / 100G"
    },
    {
        "category": "specials",
        "href": "https://www.woolworths.com.au/shop/productdetails/205902/olay-regenerist-revitalising-day-hydration-cream",
        "imgName": "205902.jpg",
        "imgSrc": "https://cdn0.woolworths.media/content/wowproductimages/medium/205902.jpg",
        "name": "Olay Regenerist Revitalising Day Hydration Cream 50g",
        "price": 33.5,
        "special": 16.75,
        "unitPrice": "$33.50 / 100G"
    },
    {
        "category": "specials",
        "href": "https://www.woolworths.com.au/shop/productdetails/248569/nescafe-coffee-sachets-decaffeinated",
        "imgName": "248569.jpg",
        "imgSrc": "https://cdn0.woolworths.media/content/wowproductimages/medium/248569.jpg",
        "name": "Nescafe Coffee Sachets Decaffeinated 10pk",
        "price": 6.59,
        "special": 3.29,
        "unitPrice": "$2.10 / 100G"
    },
    {
        "category": "specials",
        "href": "https://www.woolworths.com.au/shop/productdetails/280452/lindt-excellence-dark-chocolate-chilli",
        "imgName": "280452.jpg",
        "imgSrc": "https://cdn0.woolworths.media/content/wowproductimages/medium/280452.jpg",
        "name": "Lindt Excellence Dark Chocolate Chilli 100g block",
        "price": 4.25,
        "special": 2.12,
        "unitPrice": "$2.12 / 100G"
    },
    {
        "category": "specials",
        "href": "https://www.woolworths.com.au/shop/productdetails/330964/peckish-thins-rice-crackers-sour-cream-and-chives",
        "imgName": "330964.jpg",
        "imgSrc": "https://cdn0.woolworths.media/content/wowproductimages/medium/330964.jpg",
        "name": "Peckish Thins Rice Crackers Sour Cream And Chives 100g",
        "price": 2.2,
        "special": 1,
        "unitPrice": "$1.00 / 100G"
    },
    {
        "category": "specials",
        "href": "https://www.woolworths.com.au/shop/productdetails/337237/goldenfry-gravy-smooth-rich-granules",
        "imgName": "337237.jpg",
        "imgSrc": "https://cdn0.woolworths.media/content/wowproductimages/medium/337237.jpg",
        "name": "Goldenfry Gravy Smooth Rich Granules 300g",
        "price": 6.3,
        "special": 3.15,
        "unitPrice": "$1.05 / 100G"
    },
    {
        "category": "specials",
        "href": "https://www.woolworths.com.au/shop/productdetails/346722/lindt-excellence-dark-chocolate-a-touch-of-sea-salt",
        "imgName": "346722.jpg",
        "imgSrc": "https://cdn0.woolworths.media/content/wowproductimages/medium/346722.jpg",
        "name": "Lindt Excellence Dark Chocolate A Touch Of Sea Salt 100g block",
        "price": 4.25,
        "special": 2.12,
        "unitPrice": "$2.12 / 100G"
    },
    {
        "category": "specials",
        "href": "https://www.woolworths.com.au/shop/productdetails/363573/schwarzkopf-extra-care-conditioner-push-up-volume-hair-repair",
        "imgName": "363573.jpg",
        "imgSrc": "https://cdn0.woolworths.media/content/wowproductimages/medium/363573.jpg",
        "name": "Schwarzkopf Extra Care Conditioner Push Up Volume Hair Repair 400ml",
        "price": 6.9,
        "special": 3.44,
        "unitPrice": "$0.86 / 100ML"
    },
    {
        "category": "specials",
        "href": "https://www.woolworths.com.au/shop/productdetails/421304/lindt-excellence-dark-chocolate-roasted-hazelnut",
        "imgName": "421304.jpg",
        "imgSrc": "https://cdn0.woolworths.media/content/wowproductimages/medium/421304.jpg",
        "name": "Lindt Excellence Dark Chocolate Roasted Hazelnut 100g block",
        "price": 4.25,
        "special": 2.12,
        "unitPrice": "$2.12 / 100G"
    },
    {
        "category": "specials",
        "href": "https://www.woolworths.com.au/shop/productdetails/521238/mama-chow-chicken-chilli-jam-dumpling",
        "imgName": "521238.jpg",
        "imgSrc": "https://cdn0.woolworths.media/content/wowproductimages/medium/521238.jpg",
        "name": "Mama Chow Chicken & Chilli Jam Dumpling  10pk 200g",
        "price": 6,
        "special": 3,
        "unitPrice": "$1.50 / 100G"
    },
    {
        "category": "specials",
        "href": "https://www.woolworths.com.au/shop/productdetails/574478/lindt-excellence-rich-dark-chocolate-78-cocoa",
        "imgName": "574478.jpg",
        "imgSrc": "https://cdn0.woolworths.media/content/wowproductimages/medium/574478.jpg",
        "name": "Lindt Excellence Rich Dark Chocolate 78% Cocoa 100g block",
        "price": 4.25,
        "special": 2.12,
        "unitPrice": "$2.12 / 100G"
    },
    {
        "category": "specials",
        "href": "https://www.woolworths.com.au/shop/productdetails/614351/garnier-fructis-coconut-water-conditioner",
        "imgName": "614351.jpg",
        "imgSrc": "https://cdn0.woolworths.media/content/wowproductimages/medium/614351.jpg",
        "name": "Garnier Fructis Coconut Water Conditioner 700ml",
        "price": 12,
        "special": 6,
        "unitPrice": "$0.86 / 100ML"
    },
    {
        "category": "specials",
        "href": "https://www.woolworths.com.au/shop/productdetails/629582/olay-regenerist-luminous-cream",
        "imgName": "629582.jpg",
        "imgSrc": "https://cdn0.woolworths.media/content/wowproductimages/medium/629582.jpg",
        "name": "Olay Regenerist Luminous Cream 50g",
        "price": 49,
        "special": 24.5,
        "unitPrice": "$49.00 / 100G"
    },
    {
        "category": "specials",
        "href": "https://www.woolworths.com.au/shop/productdetails/662407/loreal-elvive-cp-shampoo",
        "imgName": "662407.jpg",
        "imgSrc": "https://cdn0.woolworths.media/content/wowproductimages/medium/662407.jpg",
        "name": "Loreal Elvive Cp Shampoo 325ml",
        "price": 8,
        "special": 4,
        "unitPrice": "$1.23 / 100ML"
    },
    {
        "category": "specials",
        "href": "https://www.woolworths.com.au/shop/productdetails/715678/olay-complete-touch-of-foundation-day-cream-fair",
        "imgName": "715678.jpg",
        "imgSrc": "https://cdn0.woolworths.media/content/wowproductimages/medium/715678.jpg",
        "name": "Olay Complete Touch Of Foundation Day Cream Fair 50ml",
        "price": 14.99,
        "special": 7.49,
        "unitPrice": "$14.98 / 100ML"
    },
    {
        "category": "specials",
        "href": "https://www.woolworths.com.au/shop/productdetails/887272/olay-regenerist-miracle-boost-youth-essence",
        "imgName": "887272.jpg",
        "imgSrc": "https://cdn0.woolworths.media/content/wowproductimages/medium/887272.jpg",
        "name": "Olay Regenerist Miracle Boost Youth Essence 40ml",
        "price": 39.99,
        "special": 19.99,
        "unitPrice": "$49.98 / 100ML"
    },
    {
        "category": "specials",
        "href": "https://www.woolworths.com.au/shop/productdetails/38404/bonds-singlet-mens-chesty-white-size-18",
        "imgName": "038404.jpg",
        "imgSrc": "https://cdn0.woolworths.media/content/wowproductimages/medium/038404.jpg",
        "name": "Bonds Singlet Mens Chesty White Size 18 1pk",
        "price": 14,
        "special": 7
    },
    {
        "category": "specials",
        "href": "https://www.woolworths.com.au/shop/productdetails/257601/bonds-mens-underwear-hipster-brief-x-large",
        "imgName": "257601.jpg",
        "imgSrc": "https://cdn0.woolworths.media/content/wowproductimages/medium/257601.jpg",
        "name": "Bonds Mens Underwear Hipster Brief X Large 5pk",
        "price": 27,
        "special": 13.5,
        "unitPrice": "$2.70 / 1EA"
    },
    {
        "category": "specials",
        "href": "https://www.woolworths.com.au/shop/productdetails/588754/decor-microsafe-5-piece-pack",
        "imgName": "588754.jpg",
        "imgSrc": "https://cdn0.woolworths.media/content/wowproductimages/medium/588754.jpg",
        "name": "Decor Microsafe 5 Piece Pack each",
        "price": 16.99,
        "special": 8.49
    },
    {
        "category": "specials",
        "href": "https://www.woolworths.com.au/shop/productdetails/789154/lindt-excellence-supreme-dark-chocolate-90-cocoa",
        "imgName": "789154.jpg",
        "imgSrc": "https://cdn0.woolworths.media/content/wowproductimages/medium/789154.jpg",
        "name": "Lindt Excellence Supreme Dark Chocolate 90% Cocoa 100g block",
        "price": 4.25,
        "special": 2.12,
        "unitPrice": "$2.12 / 100G"
    },
    {
        "category": "specials",
        "href": "https://www.woolworths.com.au/shop/productdetails/922933/decor-microsafe-container-noodle-bowl",
        "imgName": "922933.jpg",
        "imgSrc": "https://cdn0.woolworths.media/content/wowproductimages/medium/922933.jpg",
        "name": "Decor Microsafe Container Noodle Bowl each",
        "price": 7.99,
        "special": 3.99
    },
    {
        "category": "specials",
        "href": "https://www.woolworths.com.au/shop/productdetails/828673/bonds-comfy-tops-semi-opaque-tights-black-sml-med",
        "imgName": "828673.jpg",
        "imgSrc": "https://cdn0.woolworths.media/content/wowproductimages/medium/828673.jpg",
        "name": "Bonds Comfy Tops Semi Opaque Tights Black Sml-med each",
        "price": 8,
        "special": 4
    },
    {
        "category": "specials",
        "href": "https://www.woolworths.com.au/shop/productdetails/244756/sunrice-microwave-medium-grain-brown-rice-in-90",
        "imgName": "244756.jpg",
        "imgSrc": "https://cdn0.woolworths.media/content/wowproductimages/medium/244756.jpg",
        "name": "Sunrice Microwave Medium Grain Brown Rice In 90 250g",
        "price": 2.5,
        "unitPrice": "$1.00 / 100G"
    },
    {
        "category": "specials",
        "href": "https://www.woolworths.com.au/shop/productdetails/657190/lean-cuisine-steam-korean-beef-with-rice",
        "imgName": "657190.jpg",
        "imgSrc": "https://cdn0.woolworths.media/content/wowproductimages/medium/657190.jpg",
        "name": "Lean Cuisine Steam Korean Beef With Rice 380g",
        "price": 5,
        "unitPrice": "$1.32 / 100G"
    },
    {
        "category": "specials",
        "href": "https://www.woolworths.com.au/shop/productdetails/700931/lean-cuisine-steam-slow-cooked-beef-beef-with-tomato-red-wine",
        "imgName": "700931.jpg",
        "imgSrc": "https://cdn0.woolworths.media/content/wowproductimages/medium/700931.jpg",
        "name": "Lean Cuisine Steam Slow Cooked Beef Beef With Tomato & Red Wine 350g",
        "price": 5,
        "unitPrice": "$1.43 / 100G"
    },
    {
        "category": "specials",
        "href": "https://www.woolworths.com.au/shop/productdetails/334806/primo-choice-pancetta",
        "imgName": "334806.jpg",
        "imgSrc": "https://cdn0.woolworths.media/content/wowproductimages/medium/334806.jpg",
        "name": "Primo Choice Pancetta  100g",
        "price": 7,
        "special": 6,
        "unitPrice": "$60.00 / 1KG"
    },
    {
        "category": "specials",
        "href": "https://www.woolworths.com.au/shop/productdetails/244154/mersey-valley-peppercorn-medley-cheddar-cheese",
        "imgName": "244154.jpg",
        "imgSrc": "https://cdn0.woolworths.media/content/wowproductimages/medium/244154.jpg",
        "name": "Mersey Valley Peppercorn Medley Cheddar Cheese 235g",
        "price": 7.45,
        "special": 5,
        "unitPrice": "$21.28 / 1KG"
    },
    {
        "category": "specials",
        "href": "https://www.woolworths.com.au/shop/productdetails/575096/fairy-dish-tablets-all-in-one-lemon",
        "imgName": "575096.jpg",
        "imgSrc": "https://cdn0.woolworths.media/content/wowproductimages/medium/575096.jpg",
        "name": "Fairy Dish Tablets All In One Lemon 22pk",
        "price": 11,
        "unitPrice": "$0.50 / 1EA"
    },
    {
        "category": "specials",
        "href": "https://www.woolworths.com.au/shop/productdetails/295698/coca-cola-zero-bottles",
        "imgName": "295698.jpg",
        "imgSrc": "https://cdn0.woolworths.media/content/wowproductimages/medium/295698.jpg",
        "name": "Coca-cola Zero Bottles 4x330ml pack",
        "price": 8.45,
        "special": 5.1,
        "unitPrice": "$3.86 / 1L"
    },
    {
        "category": "specials",
        "href": "https://www.woolworths.com.au/shop/productdetails/575440/fairy-dish-tablets-platinum-lemon",
        "imgName": "575440.jpg",
        "imgSrc": "https://cdn0.woolworths.media/content/wowproductimages/medium/575440.jpg",
        "name": "Fairy Dish Tablets Platinum Lemon 37pk",
        "price": 19,
        "unitPrice": "$0.51 / 1EA"
    },
    {
        "category": "specials",
        "href": "https://www.woolworths.com.au/shop/productdetails/575441/fairy-dish-tablets-platinum-lemon",
        "imgName": "575441.jpg",
        "imgSrc": "https://cdn0.woolworths.media/content/wowproductimages/medium/575441.jpg",
        "name": "Fairy Dish Tablets Platinum Lemon 18pk",
        "price": 11,
        "unitPrice": "$0.61 / 1EA"
    },
    {
        "category": "specials",
        "href": "https://www.woolworths.com.au/shop/productdetails/362448/cottee-s-cordial-cola",
        "imgName": "362448.jpg",
        "imgSrc": "https://cdn0.woolworths.media/content/wowproductimages/medium/362448.jpg",
        "name": "Cottee's Cordial Cola 1l",
        "price": 4.2,
        "special": 3.5,
        "unitPrice": "$3.50 / 1L"
    },
    {
        "category": "specials",
        "href": "https://www.woolworths.com.au/shop/productdetails/751027/rspca-approved-chicken-kebab-lemon-garlic",
        "imgName": "751027.jpg",
        "imgSrc": "https://cdn0.woolworths.media/content/wowproductimages/medium/751027.jpg",
        "name": "Rspca Approved Chicken Kebab Lemon & Garlic each",
        "price": 1.4,
        "special": 1,
        "unitPrice": "$1.00 / 1EA"
    },
    {
        "category": "specials",
        "href": "https://www.woolworths.com.au/shop/productdetails/263846/chris-dips-cheese-chive",
        "imgName": "263846.jpg",
        "imgSrc": "https://cdn0.woolworths.media/content/wowproductimages/medium/263846.jpg",
        "name": "Chris' Dips Cheese & Chive  200g",
        "price": 3.5,
        "unitPrice": "$1.75 / 100G"
    },
    {
        "category": "specials",
        "href": "https://www.woolworths.com.au/shop/productdetails/38745/heinz-smooth-food-6-months-creamy-banana-porridge",
        "imgName": "038745.jpg",
        "imgSrc": "https://cdn0.woolworths.media/content/wowproductimages/medium/038745.jpg",
        "name": "Heinz Smooth Food 6 Months Creamy Banana Porridge 110g",
        "price": 1,
        "unitPrice": "$0.91 / 100G"
    },
    {
        "category": "specials",
        "href": "https://www.woolworths.com.au/shop/productdetails/644444/mortein-powergard-fik-spray",
        "imgName": "644444.jpg",
        "imgSrc": "https://cdn0.woolworths.media/content/wowproductimages/medium/644444.jpg",
        "name": "Mortein Powergard Fik Spray  300g",
        "price": 8.8,
        "special": 7,
        "unitPrice": "$2.33 / 100G"
    },
    {
        "category": "specials",
        "href": "https://www.woolworths.com.au/shop/productdetails/708965/on-the-menu-three-cheese-macaroni",
        "imgName": "708965.jpg",
        "imgSrc": "https://cdn0.woolworths.media/content/wowproductimages/medium/708965.jpg",
        "name": "On The Menu Three Cheese Macaroni  260g",
        "price": 3,
        "special": 2.7,
        "unitPrice": "$1.04 / 100G"
    },
    {
        "category": "specials",
        "href": "https://www.woolworths.com.au/shop/productdetails/88057/barilla-spaghetti-spaghettini-pasta-no-3",
        "imgName": "088057.jpg",
        "imgSrc": "https://cdn0.woolworths.media/content/wowproductimages/medium/088057.jpg",
        "name": "Barilla Spaghetti Spaghettini  Pasta No 3 500g",
        "price": 1.99,
        "unitPrice": "$0.40 / 100G"
    },
    {
        "category": "specials",
        "href": "https://www.woolworths.com.au/shop/productdetails/326664/air-wick-plug-in-air-freshener-frangipani",
        "imgName": "326664.jpg",
        "imgSrc": "https://cdn0.woolworths.media/content/wowproductimages/medium/326664.jpg",
        "name": "Air Wick Plug-in Air Freshener Frangipani each",
        "price": 7.99
    },
    {
        "category": "specials",
        "href": "https://www.woolworths.com.au/shop/productdetails/219228/vo5-extreme-style-clay-paste-matt-finish-for-definition",
        "imgName": "219228.jpg",
        "imgSrc": "https://cdn0.woolworths.media/content/wowproductimages/medium/219228.jpg",
        "name": "Vo5 Extreme Style Clay Paste Matt Finish For Definition 85g",
        "price": 7.5,
        "unitPrice": "$8.82 / 100G"
    },
    {
        "category": "specials",
        "href": "https://www.woolworths.com.au/shop/productdetails/379102/john-frieda-shampoo-full-repair",
        "imgName": "379102.jpg",
        "imgSrc": "https://cdn0.woolworths.media/content/wowproductimages/medium/379102.jpg",
        "name": "John Frieda Shampoo Full Repair 250ml",
        "price": 16,
        "special": 9.6,
        "unitPrice": "$3.84 / 100ML"
    },
    {
        "category": "specials",
        "href": "https://www.woolworths.com.au/shop/productdetails/451728/leggo-s-pasta-bake-tomato-ricotta-spinach",
        "imgName": "451728.jpg",
        "imgSrc": "https://cdn0.woolworths.media/content/wowproductimages/medium/451728.jpg",
        "name": "Leggo's Pasta Bake Tomato Ricotta & Spinach 500g",
        "price": 3,
        "unitPrice": "$0.60 / 100G"
    },
    {
        "category": "specials",
        "href": "https://www.woolworths.com.au/shop/productdetails/631034/aussie-bodies-lo-carb-protein-bar-whip-d-chocolate",
        "imgName": "631034.jpg",
        "imgSrc": "https://cdn0.woolworths.media/content/wowproductimages/medium/631034.jpg",
        "name": "Aussie Bodies Lo Carb Protein Bar Whip'd Chocolate 30g",
        "price": 2.5,
        "special": 2,
        "unitPrice": "$6.67 / 100G"
    },
    {
        "category": "specials",
        "href": "https://www.woolworths.com.au/shop/productdetails/254414/colgate-sensitive-toothpaste-whitening",
        "imgName": "254414.jpg",
        "imgSrc": "https://cdn0.woolworths.media/content/wowproductimages/medium/254414.jpg",
        "name": "Colgate Sensitive Toothpaste Whitening 110g",
        "price": 8,
        "special": 7,
        "unitPrice": "$6.36 / 100G"
    },
    {
        "category": "specials",
        "href": "https://www.woolworths.com.au/shop/productdetails/777540/woolworths-select-multipurpose-cream-cleanser-lemon",
        "imgName": "777540.jpg",
        "imgSrc": "https://cdn0.woolworths.media/content/wowproductimages/medium/777540.jpg",
        "name": "Woolworths Select Multipurpose Cream Cleanser Lemon 375ml",
        "price": 1.8,
        "unitPrice": "$0.48 / 100ML"
    },
    {
        "category": "specials",
        "href": "https://www.woolworths.com.au/shop/productdetails/780051/nature-s-way-super-foods-green-boost",
        "imgName": "780051.jpg",
        "imgSrc": "https://cdn0.woolworths.media/content/wowproductimages/medium/780051.jpg",
        "name": "Nature's Way Super Foods Green Boost 100g",
        "price": 20,
        "unitPrice": "$20.00 / 100G"
    },
    {
        "category": "specials",
        "href": "https://www.woolworths.com.au/shop/productdetails/830053/essentials-collapsible-compact-airer",
        "imgName": "830053.jpg",
        "imgSrc": "https://cdn0.woolworths.media/content/wowproductimages/medium/830053.jpg",
        "name": "Essentials Collapsible Compact Airer each",
        "price": 5
    },
    {
        "category": "specials",
        "href": "https://www.woolworths.com.au/shop/productdetails/838677/on-the-menu-beef-cannelloni",
        "imgName": "838677.jpg",
        "imgSrc": "https://cdn0.woolworths.media/content/wowproductimages/medium/838677.jpg",
        "name": "On The Menu Beef Cannelloni 260g",
        "price": 3,
        "special": 2.7,
        "unitPrice": "$1.04 / 100G"
    },
    {
        "category": "specials",
        "href": "https://www.woolworths.com.au/shop/productdetails/727196/comfort-fabric-softener-pure-white",
        "imgName": "727196.jpg",
        "imgSrc": "https://cdn0.woolworths.media/content/wowproductimages/medium/727196.jpg",
        "name": "Comfort Fabric Softener Pure White 400ml",
        "price": 3.5,
        "special": 3,
        "unitPrice": "$7.50 / 1L"
    },
    {
        "category": "specials",
        "href": "https://www.woolworths.com.au/shop/productdetails/756569/macro-organic-6-months-banana-mango-and-apple-yoghurt",
        "imgName": "756569.jpg",
        "imgSrc": "https://cdn0.woolworths.media/content/wowproductimages/medium/756569.jpg",
        "name": "Macro Organic 6 Months Banana Mango And Apple Yoghurt 120g",
        "price": 1.5,
        "unitPrice": "$1.25 / 100G"
    },
    {
        "category": "specials",
        "href": "https://www.woolworths.com.au/shop/productdetails/215948/sanitarium-crunchy-peanut-butter",
        "imgName": "215948.jpg",
        "imgSrc": "https://cdn0.woolworths.media/content/wowproductimages/medium/215948.jpg",
        "name": "Sanitarium Crunchy Peanut Butter 500g",
        "price": 4,
        "unitPrice": "$0.80 / 100G"
    },
    {
        "category": "specials",
        "href": "https://www.woolworths.com.au/shop/productdetails/218894/woolworths-cannellini-beans",
        "imgName": "218894.jpg",
        "imgSrc": "https://cdn0.woolworths.media/content/wowproductimages/medium/218894.jpg",
        "name": "Woolworths Cannellini Beans 420g",
        "price": 0.8,
        "unitPrice": "$1.90 / 1KG"
    },
    {
        "category": "specials",
        "href": "https://www.woolworths.com.au/shop/productdetails/332537/oral-b-vitality-plus-powered-toothbrush-precision-clean",
        "imgName": "332537.jpg",
        "imgSrc": "https://cdn0.woolworths.media/content/wowproductimages/medium/332537.jpg",
        "name": "Oral-b Vitality Plus Powered Toothbrush Precision Clean each",
        "price": 45,
        "special": 31.5,
        "unitPrice": "$31.50 / 1EA"
    },
    {
        "category": "specials",
        "href": "https://www.woolworths.com.au/shop/productdetails/465421/colgate-optic-white-toothpaste-high-impact-white-mint",
        "imgName": "465421.jpg",
        "imgSrc": "https://cdn0.woolworths.media/content/wowproductimages/medium/465421.jpg",
        "name": "Colgate Optic White Toothpaste High Impact White Mint 85g",
        "price": 8,
        "unitPrice": "$9.41 / 100G"
    },
    {
        "category": "specials",
        "href": "https://www.woolworths.com.au/shop/productdetails/473738/quest-bar-white-chocolate-raspberry",
        "imgName": "473738.jpg",
        "imgSrc": "https://cdn0.woolworths.media/content/wowproductimages/medium/473738.jpg",
        "name": "Quest Bar White Chocolate Raspberry  60g",
        "price": 4,
        "special": 3.5,
        "unitPrice": "$5.83 / 100G"
    },
    {
        "category": "specials",
        "href": "https://www.woolworths.com.au/shop/productdetails/480930/baxter-s-dog-food-casserole-lamb-pasta-veg",
        "imgName": "480930.jpg",
        "imgSrc": "https://cdn0.woolworths.media/content/wowproductimages/medium/480930.jpg",
        "name": "Baxter's Dog Food Casserole Lamb, Pasta & Veg 1.2kg",
        "price": 2.4,
        "unitPrice": "$0.20 / 100G"
    },
    {
        "category": "specials",
        "href": "https://www.woolworths.com.au/shop/productdetails/842530/palmolive-naturals-antidandruff-shampoo",
        "imgName": "842530.jpg",
        "imgSrc": "https://cdn0.woolworths.media/content/wowproductimages/medium/842530.jpg",
        "name": "Palmolive Naturals Antidandruff Shampoo 350ml",
        "price": 5,
        "special": 4,
        "unitPrice": "$1.14 / 100ML"
    },
    {
        "category": "specials",
        "href": "https://www.woolworths.com.au/shop/productdetails/826554/colgate-optic-white-toothpaste-express-white",
        "imgName": "826554.jpg",
        "imgSrc": "https://cdn0.woolworths.media/content/wowproductimages/medium/826554.jpg",
        "name": "Colgate Optic White Toothpaste Express White 85g",
        "price": 8,
        "unitPrice": "$9.41 / 100G"
    },
    {
        "category": "specials",
        "href": "https://www.woolworths.com.au/shop/productdetails/1536/murine-eye-drops-tears-for-eyes",
        "imgName": "001536.jpg",
        "imgSrc": "https://cdn0.woolworths.media/content/wowproductimages/medium/001536.jpg",
        "name": "Murine Eye Drops Tears For Eyes 15ml",
        "price": 8.5,
        "unitPrice": "$56.67 / 100ML"
    },
    {
        "category": "specials",
        "href": "https://www.woolworths.com.au/shop/productdetails/34333/edgell-sliced-beetroot-sliced",
        "imgName": "034333.jpg",
        "imgSrc": "https://cdn0.woolworths.media/content/wowproductimages/medium/034333.jpg",
        "name": "Edgell Sliced Beetroot Sliced 825g",
        "price": 2.55,
        "special": 2,
        "unitPrice": "$2.42 / 1KG"
    },
    {
        "category": "specials",
        "href": "https://www.woolworths.com.au/shop/productdetails/106351/original-juice-grapefruit-juice",
        "imgName": "106351.jpg",
        "imgSrc": "https://cdn0.woolworths.media/content/wowproductimages/medium/106351.jpg",
        "name": "Original Juice Grapefruit Juice 1.5l",
        "price": 5,
        "unitPrice": "$3.33 / 1L"
    },
    {
        "category": "specials",
        "href": "https://www.woolworths.com.au/shop/productdetails/248445/dove-summer-glow-body-lotion-fair-to-medium",
        "imgName": "248445.jpg",
        "imgSrc": "https://cdn0.woolworths.media/content/wowproductimages/medium/248445.jpg",
        "name": "Dove Summer Glow Body Lotion Fair To Medium 250ml",
        "price": 7.99,
        "special": 5.55,
        "unitPrice": "$2.22 / 100ML"
    },
    {
        "category": "specials",
        "href": "https://www.woolworths.com.au/shop/productdetails/297840/woolworths-essentials-sheet-fitted-coffee-queen-bed",
        "imgName": "297840.jpg",
        "imgSrc": "https://cdn0.woolworths.media/content/wowproductimages/medium/297840.jpg",
        "name": "Woolworths Essentials Sheet Fitted Coffee Queen Bed each",
        "price": 20,
        "special": 10
    },
    {
        "category": "specials",
        "href": "https://www.woolworths.com.au/shop/productdetails/310500/ecostore-body-wash-coconut-vanilla",
        "imgName": "310500.jpg",
        "imgSrc": "https://cdn0.woolworths.media/content/wowproductimages/medium/310500.jpg",
        "name": "Ecostore Body Wash Coconut & Vanilla 400ml",
        "price": 7.5,
        "unitPrice": "$1.88 / 100ML"
    },
    {
        "category": "specials",
        "href": "https://www.woolworths.com.au/shop/productdetails/796356/tigi-bed-head-conditioner-dumb-blonde",
        "imgName": "796356.jpg",
        "imgSrc": "https://cdn0.woolworths.media/content/wowproductimages/medium/796356.jpg",
        "name": "Tigi Bed Head Conditioner Dumb Blonde 200ml",
        "price": 19,
        "unitPrice": "$9.50 / 100ML"
    },
    {
        "category": "specials",
        "href": "https://www.woolworths.com.au/shop/productdetails/661414/bosistos-aroma-sleep-mist",
        "imgName": "661414.jpg",
        "imgSrc": "https://cdn0.woolworths.media/content/wowproductimages/medium/661414.jpg",
        "name": "Bosistos Aroma Sleep Mist 125ml",
        "price": 12,
        "special": 9.6,
        "unitPrice": "$7.68 / 100ML"
    },
    {
        "category": "specials",
        "href": "https://www.woolworths.com.au/shop/productdetails/959448/riviana-smoked-mussells",
        "imgName": "959448.jpg",
        "imgSrc": "https://cdn0.woolworths.media/content/wowproductimages/medium/959448.jpg",
        "name": "Riviana Smoked Mussells  85g",
        "price": 2.15,
        "special": 1.85,
        "unitPrice": "$21.76 / 1KG"
    },
    {
        "category": "specials",
        "href": "https://www.woolworths.com.au/shop/productdetails/4175/betty-crocker-milk-chocolate-frosting",
        "imgName": "004175.jpg",
        "imgSrc": "https://cdn0.woolworths.media/content/wowproductimages/medium/004175.jpg",
        "name": "Betty Crocker Milk Chocolate Frosting 453g",
        "price": 4,
        "unitPrice": "$0.88 / 100G"
    },
    {
        "category": "specials",
        "href": "https://www.woolworths.com.au/shop/productdetails/36720/arnott-s-kingston-creams",
        "imgName": "036720.jpg",
        "imgSrc": "https://cdn0.woolworths.media/content/wowproductimages/medium/036720.jpg",
        "name": "Arnott's Kingston Creams  200g",
        "price": 2.85,
        "special": 2,
        "unitPrice": "$1.00 / 100G"
    },
    {
        "category": "specials",
        "href": "https://www.woolworths.com.au/shop/productdetails/33305/greens-pancake-mix-original-shake",
        "imgName": "033305.jpg",
        "imgSrc": "https://cdn0.woolworths.media/content/wowproductimages/medium/033305.jpg",
        "name": "Greens Pancake Mix Original Shake 375g",
        "price": 2.9,
        "special": 2,
        "unitPrice": "$0.53 / 100G"
    },
    {
        "category": "specials",
        "href": "https://www.woolworths.com.au/shop/productdetails/71945/ultrafresh-breath-freshners-cool-min-spray",
        "imgName": "071945.jpg",
        "imgSrc": "https://cdn0.woolworths.media/content/wowproductimages/medium/071945.jpg",
        "name": "Ultrafresh Breath Freshners Cool Min Spray 12ml",
        "price": 4.59,
        "special": 3.7,
        "unitPrice": "$30.83 / 100ML"
    },
    {
        "category": "specials",
        "href": "https://www.woolworths.com.au/shop/productdetails/180542/creative-gourmet-frozen-raspberries",
        "imgName": "180542.jpg",
        "imgSrc": "https://cdn0.woolworths.media/content/wowproductimages/medium/180542.jpg",
        "name": "Creative Gourmet Frozen Raspberries  500g",
        "price": 6,
        "special": 4.5,
        "unitPrice": "$9.00 / 1KG"
    },
    {
        "category": "specials",
        "href": "https://www.woolworths.com.au/shop/productdetails/254608/white-wings-muffin-mix-blueberry",
        "imgName": "254608.jpg",
        "imgSrc": "https://cdn0.woolworths.media/content/wowproductimages/medium/254608.jpg",
        "name": "White Wings Muffin Mix Blueberry 570g",
        "price": 4,
        "unitPrice": "$0.70 / 100G"
    },
    {
        "category": "specials",
        "href": "https://www.woolworths.com.au/shop/productdetails/311974/woolworths-select-pretzels-twists",
        "imgName": "311974.jpg",
        "imgSrc": "https://cdn0.woolworths.media/content/wowproductimages/medium/311974.jpg",
        "name": "Woolworths Select Pretzels Twists 200g",
        "price": 2.8,
        "unitPrice": "$1.40 / 100G"
    },
    {
        "category": "specials",
        "href": "https://www.woolworths.com.au/shop/productdetails/263281/lavazza-ground-coffee-qualita-oro",
        "imgName": "263281.jpg",
        "imgSrc": "https://cdn0.woolworths.media/content/wowproductimages/medium/263281.jpg",
        "name": "Lavazza Ground Coffee Qualita Oro 200g",
        "price": 7.5,
        "unitPrice": "$3.75 / 100G"
    },
    {
        "category": "specials",
        "href": "https://www.woolworths.com.au/shop/productdetails/263510/woolworths-select-blackberry",
        "imgName": "263510.jpg",
        "imgSrc": "https://cdn0.woolworths.media/content/wowproductimages/medium/263510.jpg",
        "name": "Woolworths Select Blackberry  415g",
        "price": 3.8,
        "unitPrice": "$9.16 / 1KG"
    },
    {
        "category": "specials",
        "href": "https://www.woolworths.com.au/shop/productdetails/291279/rafferty-s-garden-food-4-months-apple-pear-cinnamon",
        "imgName": "291279.jpg",
        "imgSrc": "https://cdn0.woolworths.media/content/wowproductimages/medium/291279.jpg",
        "name": "Rafferty's Garden Food 4 Months+ Apple, Pear & Cinnamon 120g",
        "price": 1.65,
        "unitPrice": "$1.38 / 100G"
    },
    {
        "category": "specials",
        "href": "https://www.woolworths.com.au/shop/productdetails/508525/peters-drumstick-ice-cream-chocolate-mega-milkshake",
        "imgName": "508525.jpg",
        "imgSrc": "https://cdn0.woolworths.media/content/wowproductimages/medium/508525.jpg",
        "name": "Peters Drumstick Ice Cream Chocolate Mega Milkshake 4pk 476ml",
        "price": 8,
        "special": 5,
        "unitPrice": "$1.05 / 100ML"
    },
    {
        "category": "specials",
        "href": "https://www.woolworths.com.au/shop/productdetails/551296/olsent-cool-white-spiral-globe-23-watt",
        "imgName": "551296.jpg",
        "imgSrc": "https://cdn0.woolworths.media/content/wowproductimages/medium/551296.jpg",
        "name": "Olsent Cool White Spiral Globe 23 Watt 2pk",
        "price": 10,
        "unitPrice": "$5.00 / 1EA"
    },
    {
        "category": "specials",
        "href": "https://www.woolworths.com.au/shop/productdetails/566522/naturopathica-gastrohealth-probiotic-dairy-free",
        "imgName": "566522.jpg",
        "imgSrc": "https://cdn0.woolworths.media/content/wowproductimages/medium/566522.jpg",
        "name": "Naturopathica Gastrohealth Probiotic Dairy Free 30pk",
        "price": 28,
        "special": 21,
        "unitPrice": "$70.00 / 100EA"
    },
    {
        "category": "specials",
        "href": "https://www.woolworths.com.au/shop/productdetails/715125/woolworths-select-razor-blades-alpha-5",
        "imgName": "715125.jpg",
        "imgSrc": "https://cdn0.woolworths.media/content/wowproductimages/medium/715125.jpg",
        "name": "Woolworths Select Razor Blades Alpha 5 4pk",
        "price": 6,
        "unitPrice": "$1.50 / 1EA"
    },
    {
        "category": "specials",
        "href": "https://www.woolworths.com.au/shop/productdetails/790763/maybelline-brow-drama-sculpting-brow-mascara-medium-brown",
        "imgName": "790763.jpg",
        "imgSrc": "https://cdn0.woolworths.media/content/wowproductimages/medium/790763.jpg",
        "name": "Maybelline Brow Drama Sculpting Brow Mascara Medium Brown 9.5ml"
    },
    {
        "category": "specials",
        "href": "https://www.woolworths.com.au/shop/productdetails/425961/dilmah-green-tea-jasmine",
        "imgName": "425961.jpg",
        "imgSrc": "https://cdn0.woolworths.media/content/wowproductimages/medium/425961.jpg",
        "name": "Dilmah Green Tea Jasmine 20pk",
        "price": 3.7,
        "special": 2,
        "unitPrice": "$0.10 / 1EA"
    },
    {
        "category": "specials",
        "href": "https://www.woolworths.com.au/shop/productdetails/435340/garnier-miracle-wakeup-cream",
        "imgName": "435340.jpg",
        "imgSrc": "https://cdn0.woolworths.media/content/wowproductimages/medium/435340.jpg",
        "name": "Garnier Miracle Wakeup Cream  50ml",
        "price": 19.95,
        "special": 13.95,
        "unitPrice": "$27.90 / 100ML"
    },
    {
        "category": "specials",
        "href": "https://www.woolworths.com.au/shop/productdetails/435782/fro-pro-ice-cream-chocolate",
        "imgName": "435782.jpg",
        "imgSrc": "https://cdn0.woolworths.media/content/wowproductimages/medium/435782.jpg",
        "name": "Fro Pro Ice Cream Chocolate 520ml tub",
        "price": 10,
        "unitPrice": "$1.92 / 100ML"
    },
    {
        "category": "specials",
        "href": "https://www.woolworths.com.au/shop/productdetails/423478/maybelline-new-york-super-stay-24hour-concealer-light",
        "imgName": "423478.jpg",
        "imgSrc": "https://cdn0.woolworths.media/content/wowproductimages/medium/423478.jpg",
        "name": "Maybelline New York Super Stay 24hour Concealer Light 7.5ml",
        "price": 14.95,
        "special": 10.45,
        "unitPrice": "$13.93 / 10ML"
    },
    {
        "category": "specials",
        "href": "https://www.woolworths.com.au/shop/productdetails/429273/essentials-plastic-teaspoons",
        "imgName": "429273.jpg",
        "imgSrc": "https://cdn0.woolworths.media/content/wowproductimages/medium/429273.jpg",
        "name": "Essentials Plastic Teaspoons  50pk",
        "price": 2,
        "unitPrice": "$0.04 / 1EA"
    },
    {
        "category": "specials",
        "href": "https://www.woolworths.com.au/shop/productdetails/446591/ceres-organic-black-rice-crackers-original-salted",
        "imgName": "446591.jpg",
        "imgSrc": "https://cdn0.woolworths.media/content/wowproductimages/medium/446591.jpg",
        "name": "Ceres Organic Black Rice Crackers Original Salted 115g",
        "price": 3.5,
        "special": 2.5,
        "unitPrice": "$2.17 / 100G"
    },
    {
        "category": "specials",
        "href": "https://www.woolworths.com.au/shop/productdetails/700484/comfort-fabric-conditioner-sky-blue",
        "imgName": "700484.jpg",
        "imgSrc": "https://cdn0.woolworths.media/content/wowproductimages/medium/700484.jpg",
        "name": "Comfort Fabric Conditioner Sky Blue 400ml",
        "price": 3.5,
        "special": 3,
        "unitPrice": "$7.50 / 1L"
    },
    {
        "category": "specials",
        "href": "https://www.woolworths.com.au/shop/productdetails/780869/street-kitchen-cooking-punjabi-cashew-korma",
        "imgName": "780869.jpg",
        "imgSrc": "https://cdn0.woolworths.media/content/wowproductimages/medium/780869.jpg",
        "name": "Street Kitchen Cooking Punjabi Cashew Korma 255g",
        "price": 4.5,
        "unitPrice": "$1.76 / 100G"
    },
    {
        "category": "specials",
        "href": "https://www.woolworths.com.au/shop/productdetails/842811/pantene-pro-v-classic-care-conditioner",
        "imgName": "842811.jpg",
        "imgSrc": "https://cdn0.woolworths.media/content/wowproductimages/medium/842811.jpg",
        "name": "Pantene Pro-v Classic Care Conditioner 900ml",
        "price": 15.7,
        "special": 10,
        "unitPrice": "$1.11 / 100ML"
    },
    {
        "category": "specials",
        "href": "https://www.woolworths.com.au/shop/productdetails/15362/tandaco-coating-mix-for-lightly-seasoned-fish",
        "imgName": "015362.jpg",
        "imgSrc": "https://cdn0.woolworths.media/content/wowproductimages/medium/015362.jpg",
        "name": "Tandaco Coating Mix For Lightly Seasoned Fish 75g",
        "price": 2,
        "special": 1.8,
        "unitPrice": "$0.24 / 10G"
    },
    {
        "category": "specials",
        "href": "https://www.woolworths.com.au/shop/productdetails/18477/infacol-drops-baby-wind-sugar-free",
        "imgName": "018477.jpg",
        "imgSrc": "https://cdn0.woolworths.media/content/wowproductimages/medium/018477.jpg",
        "name": "Infacol Drops Baby Wind Sugar Free 30ml",
        "price": 8.75,
        "special": 7.5,
        "unitPrice": "$25.00 / 100ML"
    },
    {
        "category": "specials",
        "href": "https://www.woolworths.com.au/shop/productdetails/16631/huggies-ultra-dry-nappies-walker-13-18kg-boy",
        "imgName": "016631.jpg",
        "imgSrc": "https://cdn0.woolworths.media/content/wowproductimages/medium/016631.jpg",
        "name": "Huggies Ultra Dry Nappies Walker 13-18kg Boy 32pk bulk",
        "price": 16,
        "unitPrice": "$0.50 / 1EA"
    },
    {
        "category": "specials",
        "href": "https://www.woolworths.com.au/shop/productdetails/43701/edgell-baby-peas-corn-baby-peas-super-sweet-corn",
        "imgName": "043701.jpg",
        "imgSrc": "https://cdn0.woolworths.media/content/wowproductimages/medium/043701.jpg",
        "name": "Edgell Baby Peas & Corn Baby Peas & Super Sweet Corn 420g",
        "price": 2,
        "special": 1.65,
        "unitPrice": "$3.93 / 1KG"
    },
    {
        "category": "specials",
        "href": "https://www.woolworths.com.au/shop/productdetails/74458/gravox-gravy-mix-mushroom-garlic",
        "imgName": "074458.jpg",
        "imgSrc": "https://cdn0.woolworths.media/content/wowproductimages/medium/074458.jpg",
        "name": "Gravox Gravy Mix Mushroom & Garlic 29g",
        "price": 1,
        "special": 0.9,
        "unitPrice": "$0.31 / 10G"
    },
    {
        "category": "specials",
        "href": "https://www.woolworths.com.au/shop/productdetails/79687/homebrand-body-moisturiser-sorbolene-cream",
        "imgName": "079687.jpg",
        "imgSrc": "https://cdn0.woolworths.media/content/wowproductimages/medium/079687.jpg",
        "name": "Homebrand Body Moisturiser Sorbolene Cream 500ml",
        "price": 2.99,
        "unitPrice": "$0.60 / 100ML"
    },
    {
        "category": "specials",
        "href": "https://www.woolworths.com.au/shop/productdetails/201210/essentials-dog-food-beef",
        "imgName": "201210.jpg",
        "imgSrc": "https://cdn0.woolworths.media/content/wowproductimages/medium/201210.jpg",
        "name": "Essentials Dog Food Beef 1.2kg",
        "price": 1.79,
        "unitPrice": "$0.15 / 100G"
    },
    {
        "category": "specials",
        "href": "https://www.woolworths.com.au/shop/productdetails/260472/l-oreal-excellence-cr-me-5-15-natural-frosted-brown",
        "imgName": "260472.jpg",
        "imgSrc": "https://cdn0.woolworths.media/content/wowproductimages/medium/260472.jpg",
        "name": "L'oreal Excellence Cr\u00e8me 5.15 Natural Frosted Brown 1pk",
        "price": 17.5,
        "special": 12
    },
    {
        "category": "specials",
        "href": "https://www.woolworths.com.au/shop/productdetails/427410/colgate-electric-toothbrush-pro-clinical-150",
        "imgName": "427410.jpg",
        "imgSrc": "https://cdn0.woolworths.media/content/wowproductimages/medium/427410.jpg",
        "name": "Colgate Electric Toothbrush Pro Clinical 150 each",
        "price": 20,
        "unitPrice": "$20.00 / 1EA"
    },
    {
        "category": "specials",
        "href": "https://www.woolworths.com.au/shop/productdetails/741540/energizer-max-aaa-batteries",
        "imgName": "741540.jpg",
        "imgSrc": "https://cdn0.woolworths.media/content/wowproductimages/medium/741540.jpg",
        "name": "Energizer Max Aaa Batteries  14pk",
        "price": 19.5,
        "special": 9.75,
        "unitPrice": "$0.70 / 1EA"
    },
    {
        "category": "specials",
        "href": "https://www.woolworths.com.au/shop/productdetails/794850/cadbury-flake-bites",
        "imgName": "794850.jpg",
        "imgSrc": "https://cdn0.woolworths.media/content/wowproductimages/medium/794850.jpg",
        "name": "Cadbury Flake Bites 150g bag",
        "price": 3,
        "unitPrice": "$2.00 / 100G"
    },
    {
        "category": "specials",
        "href": "https://www.woolworths.com.au/shop/productdetails/800830/depend-real-fit-for-women-underwear-medium",
        "imgName": "800830.jpg",
        "imgSrc": "https://cdn0.woolworths.media/content/wowproductimages/medium/800830.jpg",
        "name": "Depend Real Fit For Women Underwear Medium 8pk",
        "price": 12,
        "unitPrice": "$1.50 / 1EA"
    },
    {
        "category": "specials",
        "href": "https://www.woolworths.com.au/shop/productdetails/480255/your-majesty-cat-food-seafood-selection",
        "imgName": "480255.jpg",
        "imgSrc": "https://cdn0.woolworths.media/content/wowproductimages/medium/480255.jpg",
        "name": "Your Majesty Cat Food Seafood Selection 85g",
        "price": 0.7,
        "unitPrice": "$0.82 / 100G"
    },
    {
        "category": "specials",
        "href": "https://www.woolworths.com.au/shop/productdetails/289813/lucky-walnuts",
        "imgName": "289813.jpg",
        "imgSrc": "https://cdn0.woolworths.media/content/wowproductimages/medium/289813.jpg",
        "name": "Lucky Walnuts  100g",
        "price": 3,
        "special": 2.4,
        "unitPrice": "$24.00 / 1KG"
    },
    {
        "category": "specials",
        "href": "https://www.woolworths.com.au/shop/productdetails/334160/nice-natural-fruit-strings-strawberry",
        "imgName": "334160.jpg",
        "imgSrc": "https://cdn0.woolworths.media/content/wowproductimages/medium/334160.jpg",
        "name": "Nice & Natural Fruit Strings Strawberry 136g",
        "price": 4,
        "special": 3.5,
        "unitPrice": "$2.57 / 100G"
    },
    {
        "category": "specials",
        "href": "https://www.woolworths.com.au/shop/productdetails/320783/nurofen-caplets-zavance-256mg",
        "imgName": "320783.jpg",
        "imgSrc": "https://cdn0.woolworths.media/content/wowproductimages/medium/320783.jpg",
        "name": "Nurofen Caplets Zavance 256mg 24pk",
        "price": 6.5,
        "special": 6,
        "unitPrice": "$0.25 / 1EA"
    },
    {
        "category": "specials",
        "href": "https://www.woolworths.com.au/shop/productdetails/729625/maybelline-bronzer-dream-terra-sun",
        "imgName": "729625.jpg",
        "imgSrc": "https://cdn0.woolworths.media/content/wowproductimages/medium/729625.jpg",
        "name": "Maybelline Bronzer Dream Terra Sun 16g",
        "price": 15.95,
        "special": 11.15,
        "unitPrice": "$6.97 / 10G"
    },
    {
        "category": "specials",
        "href": "https://www.woolworths.com.au/shop/productdetails/739321/bulldog-original-face-care-moisturiser",
        "imgName": "739321.jpg",
        "imgSrc": "https://cdn0.woolworths.media/content/wowproductimages/medium/739321.jpg",
        "name": "Bulldog Original Face Care Moisturiser 100ml",
        "price": 12.5,
        "special": 8.5,
        "unitPrice": "$8.50 / 100ML"
    },
    {
        "category": "specials",
        "href": "https://www.woolworths.com.au/shop/productdetails/622796/maybelline-lip-studio-color-jolt-fight-me-fuchsia",
        "imgName": "622796.jpg",
        "imgSrc": "https://cdn0.woolworths.media/content/wowproductimages/medium/622796.jpg",
        "name": "Maybelline Lip Studio Color Jolt Fight Me Fuchsia 6.4ml"
    },
    {
        "category": "specials",
        "href": "https://www.woolworths.com.au/shop/productdetails/626199/maybelline-face-studio-master-strobe-strobing-liquid-iridescent",
        "imgName": "626199.jpg",
        "imgSrc": "https://cdn0.woolworths.media/content/wowproductimages/medium/626199.jpg",
        "name": "Maybelline Face Studio Master Strobe Strobing Liquid Iridescent 20g",
        "price": 16,
        "special": 11.2,
        "unitPrice": "$5.60 / 10G"
    },
    {
        "category": "specials",
        "href": "https://www.woolworths.com.au/shop/productdetails/716788/schmackos-treat-chomp-n-chew-small-with-beef",
        "imgName": "716788.jpg",
        "imgSrc": "https://cdn0.woolworths.media/content/wowproductimages/medium/716788.jpg",
        "name": "Schmackos Treat Chomp 'n' Chew Small With Beef 30g",
        "price": 3.7,
        "unitPrice": "$12.33 / 100G"
    },
    {
        "category": "specials",
        "href": "https://www.woolworths.com.au/shop/productdetails/725734/iron-melts-chewable-tablet",
        "imgName": "725734.jpg",
        "imgSrc": "https://cdn0.woolworths.media/content/wowproductimages/medium/725734.jpg",
        "name": "Iron Melts Chewable Tablet 50pk",
        "price": 8,
        "special": 6.9,
        "unitPrice": "$13.80 / 100EA"
    },
    {
        "category": "specials",
        "href": "https://www.woolworths.com.au/shop/productdetails/727088/herbal-essences-shampoo-classic-moisture-balancing",
        "imgName": "727088.jpg",
        "imgSrc": "https://cdn0.woolworths.media/content/wowproductimages/medium/727088.jpg",
        "name": "Herbal Essences Shampoo Classic Moisture Balancing 490ml",
        "price": 9,
        "special": 7,
        "unitPrice": "$1.43 / 100ML"
    },
    {
        "category": "specials",
        "href": "https://www.woolworths.com.au/shop/productdetails/774627/simply-fruit-apricot-halves-in-syrup",
        "imgName": "774627.jpg",
        "imgSrc": "https://cdn0.woolworths.media/content/wowproductimages/medium/774627.jpg",
        "name": "Simply Fruit Apricot Halves In Syrup 825g",
        "price": 2,
        "unitPrice": "$2.42 / 1KG"
    },
    {
        "category": "specials",
        "href": "https://www.woolworths.com.au/shop/productdetails/780031/nature-s-own-cold-sore-relief-tablets",
        "imgName": "780031.jpg",
        "imgSrc": "https://cdn0.woolworths.media/content/wowproductimages/medium/780031.jpg",
        "name": "Nature's Own Cold Sore Relief Tablets 50pk",
        "price": 10.5,
        "unitPrice": "$21.00 / 100EA"
    },
    {
        "category": "specials",
        "href": "https://www.woolworths.com.au/shop/productdetails/764139/woolworths-select-2-layer-unfilled-chocolate-sponge",
        "imgName": "764139.jpg",
        "imgSrc": "https://cdn0.woolworths.media/content/wowproductimages/medium/764139.jpg",
        "name": "Woolworths Select 2 Layer Unfilled Chocolate Sponge each",
        "price": 5,
        "unitPrice": "$2.50 / 1EA"
    },
    {
        "category": "specials",
        "href": "https://www.woolworths.com.au/shop/productdetails/765493/olsent-spiral-cfl-cool-day-light-es-14w",
        "imgName": "765493.jpg",
        "imgSrc": "https://cdn0.woolworths.media/content/wowproductimages/medium/765493.jpg",
        "name": "Olsent Spiral Cfl Cool Day Light Es 14w 2pk",
        "price": 10,
        "unitPrice": "$5.00 / 1EA"
    },
    {
        "category": "specials",
        "href": "https://www.woolworths.com.au/shop/productdetails/766592/borg-s-triangles-feta-cheese",
        "imgName": "766592.jpg",
        "imgSrc": "https://cdn0.woolworths.media/content/wowproductimages/medium/766592.jpg",
        "name": "Borg's Triangles Feta Cheese  360g",
        "price": 3,
        "unitPrice": "$0.83 / 100G"
    },
    {
        "category": "specials",
        "href": "https://www.woolworths.com.au/shop/productdetails/558905/mud-gel-nail-colour-lavender-bliss",
        "imgName": "558905.jpg",
        "imgSrc": "https://cdn0.woolworths.media/content/wowproductimages/medium/558905.jpg",
        "name": "Mud Gel Nail Colour Lavender Bliss 13ml",
        "price": 3,
        "unitPrice": "$2.31 / 10ML"
    },
    {
        "category": "specials",
        "href": "https://www.woolworths.com.au/shop/productdetails/567535/sealord-hoki-fries-sea-salt-pepper",
        "imgName": "567535.jpg",
        "imgSrc": "https://cdn0.woolworths.media/content/wowproductimages/medium/567535.jpg",
        "name": "Sealord Hoki Fries Sea Salt & Pepper  350g",
        "price": 8.29,
        "special": 7,
        "unitPrice": "$20.00 / 1KG"
    },
    {
        "category": "specials",
        "href": "https://www.woolworths.com.au/shop/productdetails/761526/continental-alfredo-pasta-sauce-value-pack",
        "imgName": "761526.jpg",
        "imgSrc": "https://cdn0.woolworths.media/content/wowproductimages/medium/761526.jpg",
        "name": "Continental Alfredo Pasta & Sauce Value Pack 145g",
        "price": 2.99,
        "unitPrice": "$2.06 / 100G"
    },
    {
        "category": "specials",
        "href": "https://www.woolworths.com.au/shop/productdetails/795982/d-orsogna-ham-honey-leg-shaved",
        "imgName": "795982.jpg",
        "imgSrc": "https://cdn0.woolworths.media/content/wowproductimages/medium/795982.jpg",
        "name": "D'orsogna Ham Honey Leg Shaved 400g",
        "price": 5,
        "unitPrice": "$12.50 / 1KG"
    },
    {
        "category": "specials",
        "href": "https://www.woolworths.com.au/shop/productdetails/30778/colgate-toothpaste-coolmint",
        "imgName": "030778.jpg",
        "imgSrc": "https://cdn0.woolworths.media/content/wowproductimages/medium/030778.jpg",
        "name": "Colgate Toothpaste Coolmint 175g",
        "price": 2.99,
        "unitPrice": "$1.71 / 100G"
    },
    {
        "category": "specials",
        "href": "https://www.woolworths.com.au/shop/productdetails/226401/philips-cfl-tornado-warm-white-globe-20w-bc-base",
        "imgName": "226401.jpg",
        "imgSrc": "https://cdn0.woolworths.media/content/wowproductimages/medium/226401.jpg",
        "name": "Philips Cfl Tornado Warm White Globe 20w Bc Base each",
        "price": 6.5,
        "special": 5.2
    },
    {
        "category": "specials",
        "href": "https://www.woolworths.com.au/shop/productdetails/532118/cenovis-once-daily-women-s-multi-vitamins-minerals",
        "imgName": "532118.jpg",
        "imgSrc": "https://cdn0.woolworths.media/content/wowproductimages/medium/532118.jpg",
        "name": "Cenovis Once Daily Women's Multi Vitamins & Minerals 50pk",
        "price": 13,
        "unitPrice": "$26.00 / 100EA"
    },
    {
        "category": "specials",
        "href": "https://www.woolworths.com.au/shop/productdetails/756278/strepsils-lozenges-children-6-strawberry",
        "imgName": "756278.jpg",
        "imgSrc": "https://cdn0.woolworths.media/content/wowproductimages/medium/756278.jpg",
        "name": "Strepsils Lozenges Children 6+ Strawberry 16pk",
        "price": 5.5,
        "unitPrice": "$34.38 / 100EA"
    },
    {
        "category": "specials",
        "href": "https://www.woolworths.com.au/shop/productdetails/519447/nicabte-quit-smoking-gum-mint-reg-strength-2mg",
        "imgName": "519447.jpg",
        "imgSrc": "https://cdn0.woolworths.media/content/wowproductimages/medium/519447.jpg",
        "name": "Nicabte Quit Smoking Gum Mint Reg Strength 2mg 100pk",
        "price": 33,
        "special": 29,
        "unitPrice": "$29.00 / 100EA"
    },
    {
        "category": "specials",
        "href": "https://www.woolworths.com.au/shop/productdetails/402930/libra-invisible-pads-super-wing",
        "imgName": "402930.jpg",
        "imgSrc": "https://cdn0.woolworths.media/content/wowproductimages/medium/402930.jpg",
        "name": "Libra Invisible Pads Super Wing 18pk",
        "price": 8,
        "unitPrice": "$0.44 / 1EA"
    },
    {
        "category": "specials",
        "href": "https://www.woolworths.com.au/shop/productdetails/760553/ansell-gloves-heavy-duty-black-large",
        "imgName": "760553.jpg",
        "imgSrc": "https://cdn0.woolworths.media/content/wowproductimages/medium/760553.jpg",
        "name": "Ansell Gloves Heavy Duty Black Large each",
        "price": 3.8,
        "unitPrice": "$3.80 / 1EA"
    },
    {
        "category": "specials",
        "href": "https://www.woolworths.com.au/shop/productdetails/743134/napro-palette-5-5-light-gold-brown",
        "imgName": "743134.jpg",
        "imgSrc": "https://cdn0.woolworths.media/content/wowproductimages/medium/743134.jpg",
        "name": "Napro Palette 5-5 Light Gold Brown  each",
        "price": 7.95,
        "unitPrice": "$7.95 / 1EA"
    },
    {
        "category": "specials",
        "href": "https://www.woolworths.com.au/shop/productdetails/790524/heinz-6-months-lamb-vegetables-with-ricotta",
        "imgName": "790524.jpg",
        "imgSrc": "https://cdn0.woolworths.media/content/wowproductimages/medium/790524.jpg",
        "name": "Heinz 6 Months+ Lamb & Vegetables With Ricotta 120g",
        "price": 1.5,
        "unitPrice": "$1.25 / 100G"
    },
    {
        "category": "specials",
        "href": "https://www.woolworths.com.au/shop/productdetails/246917/bonds-womens-underwear-hipster-boyleg-size-10",
        "imgName": "246917.jpg",
        "imgSrc": "https://cdn0.woolworths.media/content/wowproductimages/medium/246917.jpg",
        "name": "Bonds Womens Underwear Hipster Boyleg Size 10 2pk",
        "price": 18,
        "special": 9
    },
    {
        "category": "specials",
        "href": "https://www.woolworths.com.au/shop/productdetails/257296/duck-under-the-rim-liquid-toilet-cleaner-aqua-burst",
        "imgName": "257296.jpg",
        "imgSrc": "https://cdn0.woolworths.media/content/wowproductimages/medium/257296.jpg",
        "name": "Duck Under The Rim Liquid Toilet Cleaner Aqua Burst 50ml",
        "price": 3,
        "unitPrice": "$6.00 / 100ML"
    },
    {
        "category": "specials",
        "href": "https://www.woolworths.com.au/shop/productdetails/336419/dine-desire-adult-cat-food-flaked-tuna-shredded-crab",
        "imgName": "336419.jpg",
        "imgSrc": "https://cdn0.woolworths.media/content/wowproductimages/medium/336419.jpg",
        "name": "Dine Desire Adult Cat Food Flaked Tuna & Shredded Crab 6pk",
        "price": 8,
        "unitPrice": "$1.57 / 100G"
    },
    {
        "category": "specials",
        "href": "https://www.woolworths.com.au/shop/productdetails/568511/olay-eyes-pro-ret-eye-treatment",
        "imgName": "568511.jpg",
        "imgSrc": "https://cdn0.woolworths.media/content/wowproductimages/medium/568511.jpg",
        "name": "Olay Eyes Pro-ret Eye Treatment  15ml",
        "price": 49,
        "special": 24.5,
        "unitPrice": "$163.33 / 100ML"
    },
    {
        "category": "specials",
        "href": "https://www.woolworths.com.au/shop/productdetails/642989/energizer-car-holder-suction-mount",
        "imgName": "642989.jpg",
        "imgSrc": "https://cdn0.woolworths.media/content/wowproductimages/medium/642989.jpg",
        "name": "Energizer Car Holder Suction Mount  each",
        "price": 25,
        "special": 20
    },
    {
        "category": "specials",
        "href": "https://www.woolworths.com.au/shop/productdetails/771391/dermaveen-shampoo-oatmeal",
        "imgName": "771391.jpg",
        "imgSrc": "https://cdn0.woolworths.media/content/wowproductimages/medium/771391.jpg",
        "name": "Dermaveen Shampoo Oatmeal 500ml",
        "price": 14,
        "unitPrice": "$2.80 / 100ML"
    },
    {
        "category": "specials",
        "href": "https://www.woolworths.com.au/shop/productdetails/780415/oral-b-3d-white-luxe-manual-toothbrush-medium",
        "imgName": "780415.jpg",
        "imgSrc": "https://cdn0.woolworths.media/content/wowproductimages/medium/780415.jpg",
        "name": "Oral-b 3d White Luxe Manual Toothbrush Medium each",
        "price": 4,
        "unitPrice": "$4.00 / 1EA"
    },
    {
        "category": "specials",
        "href": "https://www.woolworths.com.au/shop/productdetails/2623/john-west-salmon-red",
        "imgName": "002623.jpg",
        "imgSrc": "https://cdn0.woolworths.media/content/wowproductimages/medium/002623.jpg",
        "name": "John West Salmon Red 415g",
        "price": 10,
        "special": 7.9,
        "unitPrice": "$19.04 / 1KG"
    },
    {
        "category": "specials",
        "href": "https://www.woolworths.com.au/shop/productdetails/21356/massel-ultracubes-chicken",
        "imgName": "021356.jpg",
        "imgSrc": "https://cdn0.woolworths.media/content/wowproductimages/medium/021356.jpg",
        "name": "Massel Ultracubes Chicken 105g",
        "price": 3,
        "special": 2.5,
        "unitPrice": "$0.24 / 10G"
    },
    {
        "category": "specials",
        "href": "https://www.woolworths.com.au/shop/productdetails/18894/libra-ultra-thins-pads-wings-super",
        "imgName": "018894.jpg",
        "imgSrc": "https://cdn0.woolworths.media/content/wowproductimages/medium/018894.jpg",
        "name": "Libra Ultra Thins Pads Wings Super 12pk",
        "price": 4.65,
        "unitPrice": "$0.39 / 1EA"
    },
    {
        "category": "specials",
        "href": "https://www.woolworths.com.au/shop/productdetails/21363/fancy-feast-adult-cat-food-gourmet-cod-sole-shrimp",
        "imgName": "021363.jpg",
        "imgSrc": "https://cdn0.woolworths.media/content/wowproductimages/medium/021363.jpg",
        "name": "Fancy Feast Adult Cat Food Gourmet Cod Sole & Shrimp 85g",
        "price": 1.2,
        "special": 0.9,
        "unitPrice": "$1.06 / 100G"
    },
    {
        "category": "specials",
        "href": "https://www.woolworths.com.au/shop/productdetails/14798/l-oreal-paris-superior-preference-no-4-brown-to-light-brown",
        "imgName": "014798.jpg",
        "imgSrc": "https://cdn0.woolworths.media/content/wowproductimages/medium/014798.jpg",
        "name": "L'oreal Paris Superior Preference No 4. Brown To Light Brown each",
        "price": 19,
        "special": 13
    },
    {
        "category": "specials",
        "href": "https://www.woolworths.com.au/shop/productdetails/35525/cottee-s-conserve-plum",
        "imgName": "035525.jpg",
        "imgSrc": "https://cdn0.woolworths.media/content/wowproductimages/medium/035525.jpg",
        "name": "Cottee's Conserve Plum 500g",
        "price": 2.5,
        "unitPrice": "$0.50 / 100G"
    },
    {
        "category": "specials",
        "href": "https://www.woolworths.com.au/shop/productdetails/24059/chicken-tonight-simmer-sauce-cacciatore",
        "imgName": "024059.jpg",
        "imgSrc": "https://cdn0.woolworths.media/content/wowproductimages/medium/024059.jpg",
        "name": "Chicken Tonight Simmer Sauce Cacciatore 500g",
        "price": 3.15,
        "unitPrice": "$0.63 / 100G"
    },
    {
        "category": "specials",
        "href": "https://www.woolworths.com.au/shop/productdetails/36009/arnott-s-milk-arrowroot",
        "imgName": "036009.jpg",
        "imgSrc": "https://cdn0.woolworths.media/content/wowproductimages/medium/036009.jpg",
        "name": "Arnott's Milk Arrowroot  250g",
        "price": 2,
        "special": 1.8,
        "unitPrice": "$0.72 / 100G"
    },
    {
        "category": "specials",
        "href": "https://www.woolworths.com.au/shop/productdetails/9004/pro-chef-canola-spray",
        "imgName": "009004.jpg",
        "imgSrc": "https://cdn0.woolworths.media/content/wowproductimages/medium/009004.jpg",
        "name": "Pro Chef Canola Spray 400g",
        "price": 3,
        "unitPrice": "$0.75 / 100G"
    },
    {
        "category": "specials",
        "href": "https://www.woolworths.com.au/shop/productdetails/32817/imperial-leather-aftershave-original",
        "imgName": "032817.jpg",
        "imgSrc": "https://cdn0.woolworths.media/content/wowproductimages/medium/032817.jpg",
        "name": "Imperial Leather Aftershave Original 100ml",
        "price": 10,
        "special": 8.5,
        "unitPrice": "$8.50 / 100ML"
    },
    {
        "category": "specials",
        "href": "https://www.woolworths.com.au/shop/productdetails/38351/bonds-singlet-mens-chesty-coloured-size-20",
        "imgName": "038351.jpg",
        "imgSrc": "https://cdn0.woolworths.media/content/wowproductimages/medium/038351.jpg",
        "name": "Bonds Singlet Mens Chesty Coloured Size 20 1pk",
        "price": 14,
        "special": 7
    },
    {
        "category": "specials",
        "href": "https://www.woolworths.com.au/shop/productdetails/56463/ski-d-lite-mango-passionfruit-yoghurt",
        "imgName": "056463.jpg",
        "imgSrc": "https://cdn0.woolworths.media/content/wowproductimages/medium/056463.jpg",
        "name": "Ski D'lite Mango & Passionfruit Yoghurt 12x100g",
        "price": 6,
        "unitPrice": "$0.50 / 100G"
    },
    {
        "category": "specials",
        "href": "https://www.woolworths.com.au/shop/productdetails/116837/libra-goodnights-pads-ultra-thin-wings",
        "imgName": "116837.jpg",
        "imgSrc": "https://cdn0.woolworths.media/content/wowproductimages/medium/116837.jpg",
        "name": "Libra Goodnights Pads Ultra Thin Wings 10pk",
        "price": 4.65,
        "unitPrice": "$0.47 / 1EA"
    },
    {
        "category": "specials",
        "href": "https://www.woolworths.com.au/shop/productdetails/179744/four-seasons-condoms-naked-classic",
        "imgName": "179744.jpg",
        "imgSrc": "https://cdn0.woolworths.media/content/wowproductimages/medium/179744.jpg",
        "name": "Four Seasons Condoms Naked Classic 12pk",
        "price": 7,
        "special": 6,
        "unitPrice": "$0.50 / 1EA"
    },
    {
        "category": "specials",
        "href": "https://www.woolworths.com.au/shop/productdetails/206424/bega-so-light-vintage-25-reduced-fat-cheese-slices",
        "imgName": "206424.jpg",
        "imgSrc": "https://cdn0.woolworths.media/content/wowproductimages/medium/206424.jpg",
        "name": "Bega So Light Vintage 25% Reduced Fat Cheese Slices 12pk 250g",
        "price": 5.7,
        "special": 4,
        "unitPrice": "$16.00 / 1KG"
    },
    {
        "category": "specials",
        "href": "https://www.woolworths.com.au/shop/productdetails/139831/maybelline-full-n-soft-mascara-very-black",
        "imgName": "139831.jpg",
        "imgSrc": "https://cdn0.woolworths.media/content/wowproductimages/medium/139831.jpg",
        "name": "Maybelline Full N Soft Mascara Very Black 8.2ml",
        "price": 19,
        "special": 13.3,
        "unitPrice": "$16.22 / 10ML"
    },
    {
        "category": "specials",
        "href": "https://www.woolworths.com.au/shop/productdetails/169449/my-dog-adult-dog-food-gourmet-beef",
        "imgName": "169449.jpg",
        "imgSrc": "https://cdn0.woolworths.media/content/wowproductimages/medium/169449.jpg",
        "name": "My Dog Adult Dog Food Gourmet Beef 400g",
        "price": 2.1,
        "special": 1.8,
        "unitPrice": "$0.45 / 100G"
    },
    {
        "category": "specials",
        "href": "https://www.woolworths.com.au/shop/productdetails/171900/fancy-feast-royale-adult-cat-food-fine-flakes-of-tuna",
        "imgName": "171900.jpg",
        "imgSrc": "https://cdn0.woolworths.media/content/wowproductimages/medium/171900.jpg",
        "name": "Fancy Feast Royale Adult Cat Food Fine Flakes Of Tuna 85g",
        "price": 1.8,
        "unitPrice": "$2.12 / 100G"
    },
    {
        "category": "specials",
        "href": "https://www.woolworths.com.au/shop/productdetails/175093/uno-playing-cards",
        "imgName": "175093.jpg",
        "imgSrc": "https://cdn0.woolworths.media/content/wowproductimages/medium/175093.jpg",
        "name": "Uno Playing Cards  1 pack",
        "price": 10,
        "special": 5
    },
    {
        "category": "specials",
        "href": "https://www.woolworths.com.au/shop/productdetails/291278/rafferty-s-garden-food-4-months-banana-pear-mango",
        "imgName": "291278.jpg",
        "imgSrc": "https://cdn0.woolworths.media/content/wowproductimages/medium/291278.jpg",
        "name": "Rafferty's Garden Food 4 Months+ Banana, Pear & Mango 120g",
        "price": 1.65,
        "unitPrice": "$1.38 / 100G"
    },
    {
        "category": "specials",
        "href": "https://www.woolworths.com.au/shop/productdetails/344159/my-dog-adult-dog-food-gourmet-beef-multipack",
        "imgName": "344159.jpg",
        "imgSrc": "https://cdn0.woolworths.media/content/wowproductimages/medium/344159.jpg",
        "name": "My Dog Adult Dog Food Gourmet Beef Multipack 12pk 100g",
        "price": 12,
        "unitPrice": "$1.00 / 100G"
    },
    {
        "category": "specials",
        "href": "https://www.woolworths.com.au/shop/productdetails/346539/kleenex-anti-bacterial-wet-wipes",
        "imgName": "346539.jpg",
        "imgSrc": "https://cdn0.woolworths.media/content/wowproductimages/medium/346539.jpg",
        "name": "Kleenex Anti-bacterial Wet Wipes 15pk",
        "price": 2.25,
        "special": 2,
        "unitPrice": "$13.33 / 100SS"
    },
    {
        "category": "specials",
        "href": "https://www.woolworths.com.au/shop/productdetails/252286/lindt-creation-dessert-boxed-chocolates",
        "imgName": "252286.jpg",
        "imgSrc": "https://cdn0.woolworths.media/content/wowproductimages/medium/252286.jpg",
        "name": "Lindt Creation Dessert Boxed Chocolates  170g gift box",
        "price": 16.5,
        "special": 13,
        "unitPrice": "$7.65 / 100G"
    },
    {
        "category": "specials",
        "href": "https://www.woolworths.com.au/shop/productdetails/258677/lean-cuisine-steam-thai-chicken-thai-chicken",
        "imgName": "258677.jpg",
        "imgSrc": "https://cdn0.woolworths.media/content/wowproductimages/medium/258677.jpg",
        "name": "Lean Cuisine Steam Thai Chicken Thai Chicken 380g",
        "price": 5,
        "unitPrice": "$1.32 / 100G"
    },
    {
        "category": "specials",
        "href": "https://www.woolworths.com.au/shop/productdetails/245411/gatorade-sports-drink-watermelon",
        "imgName": "245411.jpg",
        "imgSrc": "https://cdn0.woolworths.media/content/wowproductimages/medium/245411.jpg",
        "name": "Gatorade Sports Drink Watermelon 600ml",
        "price": 3.65,
        "special": 2.15,
        "unitPrice": "$3.58 / 1L"
    },
    {
        "category": "specials",
        "href": "https://www.woolworths.com.au/shop/productdetails/277093/olay-total-effects-7-in-1-foaming-cleanser",
        "imgName": "277093.jpg",
        "imgSrc": "https://cdn0.woolworths.media/content/wowproductimages/medium/277093.jpg",
        "name": "Olay Total Effects 7-in-1 Foaming Cleanser 100ml",
        "price": 13.99,
        "special": 6.99,
        "unitPrice": "$6.99 / 100G"
    },
    {
        "category": "specials",
        "href": "https://www.woolworths.com.au/shop/productdetails/353602/raid-insect-spray-one-shot-fik-odourless",
        "imgName": "353602.jpg",
        "imgSrc": "https://cdn0.woolworths.media/content/wowproductimages/medium/353602.jpg",
        "name": "Raid Insect Spray One Shot Fik Odourless 320g",
        "price": 5.99,
        "special": 5,
        "unitPrice": "$1.56 / 100G"
    },
    {
        "category": "specials",
        "href": "https://www.woolworths.com.au/shop/productdetails/225713/libra-panty-liners-thin-breathable",
        "imgName": "225713.jpg",
        "imgSrc": "https://cdn0.woolworths.media/content/wowproductimages/medium/225713.jpg",
        "name": "Libra Panty Liners Thin & Breathable 28pk",
        "price": 3,
        "unitPrice": "$0.11 / 1EA"
    },
    {
        "category": "specials",
        "href": "https://www.woolworths.com.au/shop/productdetails/317388/kirks-lemon-squash-sugar-free-cans",
        "imgName": "317388.jpg",
        "imgSrc": "https://cdn0.woolworths.media/content/wowproductimages/medium/317388.jpg",
        "name": "Kirks Lemon Squash Sugar Free Cans 10x375ml pack",
        "price": 10.55,
        "special": 5.95,
        "unitPrice": "$1.59 / 1L"
    },
    {
        "category": "specials",
        "href": "https://www.woolworths.com.au/shop/productdetails/319416/bonds-mens-underwear-fit-trunk-medium",
        "imgName": "319416.jpg",
        "imgSrc": "https://cdn0.woolworths.media/content/wowproductimages/medium/319416.jpg",
        "name": "Bonds Mens Underwear Fit Trunk Medium each",
        "price": 22,
        "special": 11
    },
    {
        "category": "specials",
        "href": "https://www.woolworths.com.au/shop/productdetails/316789/john-frieda-shampoo-luxurious-volume",
        "imgName": "316789.jpg",
        "imgSrc": "https://cdn0.woolworths.media/content/wowproductimages/medium/316789.jpg",
        "name": "John Frieda Shampoo Luxurious Volume 250ml",
        "price": 16,
        "special": 9.6,
        "unitPrice": "$3.84 / 100ML"
    },
    {
        "category": "specials",
        "href": "https://www.woolworths.com.au/shop/productdetails/510884/glade-2-in-1-candle-passionfruit-hawaiian-breeze",
        "imgName": "510884.jpg",
        "imgSrc": "https://cdn0.woolworths.media/content/wowproductimages/medium/510884.jpg",
        "name": "Glade 2 In 1 Candle Passionfruit Hawaiian Breeze 96g",
        "price": 6,
        "unitPrice": "$6.00 / 1EA"
    },
    {
        "category": "specials",
        "href": "https://www.woolworths.com.au/shop/productdetails/363873/woolworths-essentials-pillowcase-mocha",
        "imgName": "363873.jpg",
        "imgSrc": "https://cdn0.woolworths.media/content/wowproductimages/medium/363873.jpg",
        "name": "Woolworths Essentials Pillowcase Mocha 1pk",
        "price": 6,
        "special": 3
    },
    {
        "category": "specials",
        "href": "https://www.woolworths.com.au/shop/productdetails/505679/woolworths-chargrilled-marinated-artichokes-prepacked",
        "imgName": "505679.jpg",
        "imgSrc": "https://cdn0.woolworths.media/content/wowproductimages/medium/505679.jpg",
        "name": "Woolworths Chargrilled Marinated Artichokes Prepacked 180g",
        "price": 3.5,
        "special": 3,
        "unitPrice": "$1.67 / 100G"
    },
    {
        "category": "specials",
        "href": "https://www.woolworths.com.au/shop/productdetails/446487/maggi-mince-chow-mein-recipe-base",
        "imgName": "446487.jpg",
        "imgSrc": "https://cdn0.woolworths.media/content/wowproductimages/medium/446487.jpg",
        "name": "Maggi Mince Chow Mein Recipe Base 32g",
        "price": 1.75,
        "unitPrice": "$5.47 / 100G"
    },
    {
        "category": "specials",
        "href": "https://www.woolworths.com.au/shop/productdetails/321874/listerine-total-care-mouthwash-clean-mint",
        "imgName": "321874.jpg",
        "imgSrc": "https://cdn0.woolworths.media/content/wowproductimages/medium/321874.jpg",
        "name": "Listerine Total Care Mouthwash Clean Mint 250ml",
        "price": 5.1,
        "special": 4,
        "unitPrice": "$1.60 / 100ML"
    },
    {
        "category": "specials",
        "href": "https://www.woolworths.com.au/shop/productdetails/434917/woolworths-fairtrade-nespresso-compatible-coffee-capsules-medium-strength",
        "imgName": "434917.jpg",
        "imgSrc": "https://cdn0.woolworths.media/content/wowproductimages/medium/434917.jpg",
        "name": "Woolworths Fairtrade Nespresso\u00ae* Compatible Coffee Capsules Medium Strength 10pk",
        "price": 3.7,
        "unitPrice": "$6.61 / 100G"
    },
    {
        "category": "specials",
        "href": "https://www.woolworths.com.au/shop/productdetails/436045/schick-hydro-razor-5-kit",
        "imgName": "436045.jpg",
        "imgSrc": "https://cdn0.woolworths.media/content/wowproductimages/medium/436045.jpg",
        "name": "Schick Hydro Razor 5 Kit each",
        "price": 13,
        "special": 6.5,
        "unitPrice": "$6.50 / 1EA"
    },
    {
        "category": "specials",
        "href": "https://www.woolworths.com.au/shop/productdetails/485698/multix-aluminium-foil-extra-wide",
        "imgName": "485698.jpg",
        "imgSrc": "https://cdn0.woolworths.media/content/wowproductimages/medium/485698.jpg",
        "name": "Multix Aluminium Foil Extra Wide 10m",
        "price": 3.7,
        "special": 3.3,
        "unitPrice": "$0.33 / 1M"
    },
    {
        "category": "specials",
        "href": "https://www.woolworths.com.au/shop/productdetails/490010/nestle-bakers-choice-white-choc-melts",
        "imgName": "490010.jpg",
        "imgSrc": "https://cdn0.woolworths.media/content/wowproductimages/medium/490010.jpg",
        "name": "Nestle Bakers' Choice White Choc Melts  290g",
        "price": 3.85,
        "special": 3,
        "unitPrice": "$1.03 / 100G"
    },
    {
        "category": "specials",
        "href": "https://www.woolworths.com.au/shop/productdetails/520851/maggi-2-minute-noodles-wholegrain-chicken",
        "imgName": "520851.jpg",
        "imgSrc": "https://cdn0.woolworths.media/content/wowproductimages/medium/520851.jpg",
        "name": "Maggi 2 Minute Noodles Wholegrain Chicken 12pk 828g",
        "price": 8,
        "unitPrice": "$0.97 / 100G"
    },
    {
        "category": "specials",
        "href": "https://www.woolworths.com.au/shop/productdetails/257437/gillette-fusion-hydra-shaving-gel-sensitive-skin",
        "imgName": "257437.jpg",
        "imgSrc": "https://cdn0.woolworths.media/content/wowproductimages/medium/257437.jpg",
        "name": "Gillette Fusion Hydra Shaving Gel Sensitive Skin 195g",
        "price": 6.5,
        "unitPrice": "$3.33 / 100G"
    },
    {
        "category": "specials",
        "href": "https://www.woolworths.com.au/shop/productdetails/368725/uncle-tobys-plus-fibre",
        "imgName": "368725.jpg",
        "imgSrc": "https://cdn0.woolworths.media/content/wowproductimages/medium/368725.jpg",
        "name": "Uncle Tobys Plus Fibre 430g",
        "price": 4.49,
        "special": 3,
        "unitPrice": "$0.70 / 100G"
    },
    {
        "category": "specials",
        "href": "https://www.woolworths.com.au/shop/productdetails/321460/nicabate-quit-smoking-lozenges-mini-1-5mg",
        "imgName": "321460.jpg",
        "imgSrc": "https://cdn0.woolworths.media/content/wowproductimages/medium/321460.jpg",
        "name": "Nicabate Quit Smoking Lozenges Mini 1.5mg 60pk",
        "price": 33.2,
        "special": 28,
        "unitPrice": "$46.67 / 100EA"
    },
    {
        "category": "specials",
        "href": "https://www.woolworths.com.au/shop/productdetails/315430/raffertys-garden-food-6-months-tuna-rice-vegetable-puree",
        "imgName": "315430.jpg",
        "imgSrc": "https://cdn0.woolworths.media/content/wowproductimages/medium/315430.jpg",
        "name": "Raffertys Garden Food 6 Months Tuna, Rice & Vegetable Puree 120g",
        "price": 1.65,
        "unitPrice": "$1.38 / 100G"
    },
    {
        "category": "specials",
        "href": "https://www.woolworths.com.au/shop/productdetails/297796/yoplait-forme-zero-classics-yoghurt",
        "imgName": "297796.jpg",
        "imgSrc": "https://cdn0.woolworths.media/content/wowproductimages/medium/297796.jpg",
        "name": "Yoplait Forme Zero Classics Yoghurt 6x175g",
        "price": 5,
        "unitPrice": "$0.48 / 100G"
    },
    {
        "category": "specials",
        "href": "https://www.woolworths.com.au/shop/productdetails/360354/woolworths-select-microwave-brown-rice-family-size",
        "imgName": "360354.jpg",
        "imgSrc": "https://cdn0.woolworths.media/content/wowproductimages/medium/360354.jpg",
        "name": "Woolworths Select Microwave Brown Rice Family Size 450g",
        "price": 2.5,
        "unitPrice": "$0.56 / 100G"
    },
    {
        "category": "specials",
        "href": "https://www.woolworths.com.au/shop/productdetails/425285/olsent-light-globe-led-gls-bc-8w-800lm",
        "imgName": "425285.jpg",
        "imgSrc": "https://cdn0.woolworths.media/content/wowproductimages/medium/425285.jpg",
        "name": "Olsent Light Globe Led Gls Bc 8w 800lm 2pk",
        "price": 10,
        "unitPrice": "$5.00 / 1EA"
    },
    {
        "category": "specials",
        "href": "https://www.woolworths.com.au/shop/productdetails/426201/oral-b-3d-white-luxe-mouthwash-diamond-strong-clean-mint",
        "imgName": "426201.jpg",
        "imgSrc": "https://cdn0.woolworths.media/content/wowproductimages/medium/426201.jpg",
        "name": "Oral-b 3d White Luxe Mouthwash Diamond Strong Clean Mint 473ml",
        "price": 9,
        "unitPrice": "$1.90 / 100ML"
    },
    {
        "category": "specials",
        "href": "https://www.woolworths.com.au/shop/productdetails/480259/your-majesty-cat-food-chicken-selection",
        "imgName": "480259.jpg",
        "imgSrc": "https://cdn0.woolworths.media/content/wowproductimages/medium/480259.jpg",
        "name": "Your Majesty Cat Food Chicken Selection 6x85g",
        "price": 4,
        "unitPrice": "$0.78 / 100G"
    },
    {
        "category": "specials",
        "href": "https://www.woolworths.com.au/shop/productdetails/355278/nair-hair-removal-cream-shower-power-max",
        "imgName": "355278.jpg",
        "imgSrc": "https://cdn0.woolworths.media/content/wowproductimages/medium/355278.jpg",
        "name": "Nair Hair Removal Cream Shower Power Max 312g",
        "price": 15.5,
        "special": 13,
        "unitPrice": "$4.17 / 100G"
    },
    {
        "category": "specials",
        "href": "https://www.woolworths.com.au/shop/productdetails/402270/quest-bar-cookies-cream",
        "imgName": "402270.jpg",
        "imgSrc": "https://cdn0.woolworths.media/content/wowproductimages/medium/402270.jpg",
        "name": "Quest Bar Cookies & Cream 60g",
        "price": 4,
        "special": 3.5,
        "unitPrice": "$5.83 / 100G"
    },
    {
        "category": "specials",
        "href": "https://www.woolworths.com.au/shop/productdetails/330423/gillette-venus-shaving-razor-spa-breeze",
        "imgName": "330423.jpg",
        "imgSrc": "https://cdn0.woolworths.media/content/wowproductimages/medium/330423.jpg",
        "name": "Gillette Venus Shaving Razor Spa Breeze each",
        "price": 13
    },
    {
        "category": "specials",
        "href": "https://www.woolworths.com.au/shop/productdetails/463193/sunsilk-shampoo-addictive-brilliant-shine",
        "imgName": "463193.jpg",
        "imgSrc": "https://cdn0.woolworths.media/content/wowproductimages/medium/463193.jpg",
        "name": "Sunsilk Shampoo Addictive Brilliant Shine 700ml",
        "price": 10,
        "special": 7,
        "unitPrice": "$1.00 / 100ML"
    },
    {
        "category": "specials",
        "href": "https://www.woolworths.com.au/shop/productdetails/481073/baxter-s-straps-beef",
        "imgName": "481073.jpg",
        "imgSrc": "https://cdn0.woolworths.media/content/wowproductimages/medium/481073.jpg",
        "name": "Baxter's Straps Beef 250g",
        "price": 4,
        "unitPrice": "$1.60 / 100G"
    },
    {
        "category": "specials",
        "href": "https://www.woolworths.com.au/shop/productdetails/578151/the-spice-tailor-classic-tarka-daal",
        "imgName": "578151.jpg",
        "imgSrc": "https://cdn0.woolworths.media/content/wowproductimages/medium/578151.jpg",
        "name": "The Spice Tailor Classic Tarka Daal  500g",
        "price": 5.5,
        "special": 4.4,
        "unitPrice": "$0.88 / 100G"
    },
    {
        "category": "specials",
        "href": "https://www.woolworths.com.au/shop/productdetails/435978/schick-hydro-razor-power-select-kit",
        "imgName": "435978.jpg",
        "imgSrc": "https://cdn0.woolworths.media/content/wowproductimages/medium/435978.jpg",
        "name": "Schick Hydro Razor Power Select Kit each",
        "price": 14,
        "unitPrice": "$14.00 / 1EA"
    },
    {
        "category": "specials",
        "href": "https://www.woolworths.com.au/shop/productdetails/574414/connoisseur-japanese-matcha-green-tea-ice-cream",
        "imgName": "574414.jpg",
        "imgSrc": "https://cdn0.woolworths.media/content/wowproductimages/medium/574414.jpg",
        "name": "Connoisseur Japanese Matcha Green Tea Ice Cream 4pk 455ml",
        "price": 8.4,
        "special": 6,
        "unitPrice": "$1.32 / 100ML"
    },
    {
        "category": "specials",
        "href": "https://www.woolworths.com.au/shop/productdetails/480231/the-bar-counter-high-protein-bar-chocolate-brownie-crunch",
        "imgName": "480231.jpg",
        "imgSrc": "https://cdn0.woolworths.media/content/wowproductimages/medium/480231.jpg",
        "name": "The Bar Counter High Protein Bar Chocolate Brownie Crunch 40g",
        "price": 2.59,
        "special": 1.95,
        "unitPrice": "$4.88 / 100G"
    },
    {
        "category": "specials",
        "href": "https://www.woolworths.com.au/shop/productdetails/511530/bonds-womens-logo-socks-light-no-show-sz-3-plus",
        "imgName": "511530.jpg",
        "imgSrc": "https://cdn0.woolworths.media/content/wowproductimages/medium/511530.jpg",
        "name": "Bonds Womens Logo Socks Light No Show Sz 3 Plus 4pk",
        "price": 14,
        "special": 7
    },
    {
        "category": "specials",
        "href": "https://www.woolworths.com.au/shop/productdetails/642423/raid-max-insect-spray",
        "imgName": "642423.jpg",
        "imgSrc": "https://cdn0.woolworths.media/content/wowproductimages/medium/642423.jpg",
        "name": "Raid Max Insect Spray  300g",
        "price": 8,
        "unitPrice": "$2.67 / 100G"
    },
    {
        "category": "specials",
        "href": "https://www.woolworths.com.au/shop/productdetails/334745/woolworths-apricot-jam",
        "imgName": "334745.jpg",
        "imgSrc": "https://cdn0.woolworths.media/content/wowproductimages/medium/334745.jpg",
        "name": "Woolworths Apricot Jam 500g",
        "price": 2.5,
        "unitPrice": "$0.50 / 100G"
    },
    {
        "category": "specials",
        "href": "https://www.woolworths.com.au/shop/productdetails/476948/bertocchi-gold-short-rindless-bacon",
        "imgName": "476948.jpg",
        "imgSrc": "https://cdn0.woolworths.media/content/wowproductimages/medium/476948.jpg",
        "name": "Bertocchi Gold Short Rindless Bacon  400g",
        "price": 7.7,
        "special": 6,
        "unitPrice": "$15.00 / 1KG"
    },
    {
        "category": "specials",
        "href": "https://www.woolworths.com.au/shop/productdetails/344053/calci-yum-kids-squeezie-strawberry-yoghurt",
        "imgName": "344053.jpg",
        "imgSrc": "https://cdn0.woolworths.media/content/wowproductimages/medium/344053.jpg",
        "name": "Calci Yum Kids Squeezie Strawberry Yoghurt 70g",
        "price": 1,
        "unitPrice": "$1.43 / 100G"
    },
    {
        "category": "specials",
        "href": "https://www.woolworths.com.au/shop/productdetails/558973/maybellne-lash-sens-mascara-very-black",
        "imgName": "558973.jpg",
        "imgSrc": "https://cdn0.woolworths.media/content/wowproductimages/medium/558973.jpg",
        "name": "Maybellne Lash Sens Mascara Very Black 9.5ml",
        "price": 22,
        "special": 15.4,
        "unitPrice": "$16.21 / 10ML"
    },
    {
        "category": "specials",
        "href": "https://www.woolworths.com.au/shop/productdetails/559251/maybelline-master-v-shape-contour-stick-light",
        "imgName": "559251.jpg",
        "imgSrc": "https://cdn0.woolworths.media/content/wowproductimages/medium/559251.jpg",
        "name": "Maybelline Master V Shape Contour Stick Light 8g",
        "price": 20,
        "special": 14,
        "unitPrice": "$17.50 / 10G"
    },
    {
        "category": "specials",
        "href": "https://www.woolworths.com.au/shop/productdetails/517141/eclipse-mints-apple",
        "imgName": "517141.jpg",
        "imgSrc": "https://cdn0.woolworths.media/content/wowproductimages/medium/517141.jpg",
        "name": "Eclipse Mints Apple 50pc 34g",
        "price": 2.6,
        "special": 2,
        "unitPrice": "$5.88 / 100G"
    },
    {
        "category": "specials",
        "href": "https://www.woolworths.com.au/shop/productdetails/521888/bic-4-colours-standard-plus-fluo-yellow-ink",
        "imgName": "521888.jpg",
        "imgSrc": "https://cdn0.woolworths.media/content/wowproductimages/medium/521888.jpg",
        "name": "Bic 4 Colours Standard Plus Fluo Yellow Ink 2+1pk",
        "price": 8,
        "special": 5.6
    },
    {
        "category": "specials",
        "href": "https://www.woolworths.com.au/shop/productdetails/545630/cold-power-2-in-1-laundry-powder-with-a-touch-of-fabric-softner",
        "imgName": "545630.jpg",
        "imgSrc": "https://cdn0.woolworths.media/content/wowproductimages/medium/545630.jpg",
        "name": "Cold Power 2 In 1 Laundry Powder With A Touch Of Fabric Softner 900g",
        "price": 10,
        "special": 5,
        "unitPrice": "$5.56 / 1KG"
    },
    {
        "category": "specials",
        "href": "https://www.woolworths.com.au/shop/productdetails/587420/palmolive-divine-blends-lotus-flower-sea-minerals",
        "imgName": "587420.jpg",
        "imgSrc": "https://cdn0.woolworths.media/content/wowproductimages/medium/587420.jpg",
        "name": "Palmolive Divine Blends Lotus Flower & Sea Minerals 375ml",
        "price": 3,
        "unitPrice": "$0.80 / 100ML"
    },
    {
        "category": "specials",
        "href": "https://www.woolworths.com.au/shop/productdetails/763453/flora-proactiv-margarine-buttery",
        "imgName": "763453.jpg",
        "imgSrc": "https://cdn0.woolworths.media/content/wowproductimages/medium/763453.jpg",
        "name": "Flora Proactiv Margarine Buttery 750g",
        "price": 10,
        "unitPrice": "$1.33 / 100G"
    },
    {
        "category": "specials",
        "href": "https://www.woolworths.com.au/shop/productdetails/763594/woolworths-frozen-family-apple-pie",
        "imgName": "763594.jpg",
        "imgSrc": "https://cdn0.woolworths.media/content/wowproductimages/medium/763594.jpg",
        "name": "Woolworths Frozen Family Apple Pie 600g",
        "price": 2.8,
        "unitPrice": "$0.47 / 100G"
    },
    {
        "category": "specials",
        "href": "https://www.woolworths.com.au/shop/productdetails/779653/olay-regenerist-anti-ageing-micro-sculpt-night-cream-moisturiser",
        "imgName": "779653.jpg",
        "imgSrc": "https://cdn0.woolworths.media/content/wowproductimages/medium/779653.jpg",
        "name": "Olay Regenerist Anti Ageing Micro Sculpt Night Cream Moisturiser 50g",
        "price": 49,
        "special": 24.5,
        "unitPrice": "$49.00 / 100G"
    },
    {
        "category": "specials",
        "href": "https://www.woolworths.com.au/shop/productdetails/780309/fab-top-front-loader-laundry-liquid-spice-allure",
        "imgName": "780309.jpg",
        "imgSrc": "https://cdn0.woolworths.media/content/wowproductimages/medium/780309.jpg",
        "name": "Fab Top & Front Loader Laundry Liquid Spice Allure 1l",
        "price": 5,
        "unitPrice": "$5.00 / 1L"
    },
    {
        "category": "specials",
        "href": "https://www.woolworths.com.au/shop/productdetails/789837/golden-circle-apple-blackcurrant",
        "imgName": "789837.jpg",
        "imgSrc": "https://cdn0.woolworths.media/content/wowproductimages/medium/789837.jpg",
        "name": "Golden Circle Apple & Blackcurrant  8x250ml",
        "price": 5,
        "special": 4.5,
        "unitPrice": "$2.25 / 1L"
    },
    {
        "category": "specials",
        "href": "https://www.woolworths.com.au/shop/productdetails/789904/healthy-baker-plain-flour-easy-store-with-oat-beta-glucan",
        "imgName": "789904.jpg",
        "imgSrc": "https://cdn0.woolworths.media/content/wowproductimages/medium/789904.jpg",
        "name": "Healthy Baker Plain Flour Easy Store With Oat Beta Glucan 1kg",
        "price": 4,
        "special": 3.5,
        "unitPrice": "$3.50 / 1KG"
    },
    {
        "category": "specials",
        "href": "https://www.woolworths.com.au/shop/productdetails/749477/nivea-for-men-deodorant-roll-on-stress-protect",
        "imgName": "749477.jpg",
        "imgSrc": "https://cdn0.woolworths.media/content/wowproductimages/medium/749477.jpg",
        "name": "Nivea For Men Deodorant Roll On Stress Protect 50ml",
        "price": 3.5,
        "unitPrice": "$7.00 / 100ML"
    },
    {
        "category": "specials",
        "href": "https://www.woolworths.com.au/shop/productdetails/557948/platinum-eye-shadow-brush",
        "imgName": "557948.jpg",
        "imgSrc": "https://cdn0.woolworths.media/content/wowproductimages/medium/557948.jpg",
        "name": "Platinum Eye Shadow Brush each",
        "price": 10,
        "special": 7,
        "unitPrice": "$7.00 / 1EA"
    },
    {
        "category": "specials",
        "href": "https://www.woolworths.com.au/shop/productdetails/557954/platinum-flawless-precision-duo-sponge",
        "imgName": "557954.jpg",
        "imgSrc": "https://cdn0.woolworths.media/content/wowproductimages/medium/557954.jpg",
        "name": "Platinum Flawless Precision Duo Sponge each",
        "price": 10,
        "special": 7,
        "unitPrice": "$7.00 / 1EA"
    },
    {
        "category": "specials",
        "href": "https://www.woolworths.com.au/shop/productdetails/774183/cawston-press-brilliant-beetroot",
        "imgName": "774183.jpg",
        "imgSrc": "https://cdn0.woolworths.media/content/wowproductimages/medium/774183.jpg",
        "name": "Cawston Press Brilliant Beetroot  1l",
        "price": 4,
        "unitPrice": "$4.00 / 1L"
    },
    {
        "category": "specials",
        "href": "https://www.woolworths.com.au/shop/productdetails/705699/v-blue-can",
        "imgName": "705699.jpg",
        "imgSrc": "https://cdn0.woolworths.media/content/wowproductimages/medium/705699.jpg",
        "name": "V Blue Can 500ml",
        "price": 3.6,
        "special": 3.15,
        "unitPrice": "$6.30 / 1L"
    },
    {
        "category": "specials",
        "href": "https://www.woolworths.com.au/shop/productdetails/490083/nestle-bakers-choice-white-choc-bits",
        "imgName": "490083.jpg",
        "imgSrc": "https://cdn0.woolworths.media/content/wowproductimages/medium/490083.jpg",
        "name": "Nestle Bakers' Choice White Choc Bits  200g",
        "price": 4,
        "special": 3,
        "unitPrice": "$1.50 / 100G"
    },
    {
        "category": "specials",
        "href": "https://www.woolworths.com.au/shop/productdetails/481177/smitten-cat-food-chunky-sardines",
        "imgName": "481177.jpg",
        "imgSrc": "https://cdn0.woolworths.media/content/wowproductimages/medium/481177.jpg",
        "name": "Smitten Cat Food Chunky Sardines 400g",
        "price": 0.85,
        "unitPrice": "$0.21 / 100G"
    },
    {
        "category": "specials",
        "href": "https://www.woolworths.com.au/shop/productdetails/728545/bundaberg-rum-select-vat",
        "imgName": "728545.jpg",
        "imgSrc": "https://cdn0.woolworths.media/content/wowproductimages/medium/728545.jpg",
        "name": "Bundaberg Rum Select Vat 700ml",
        "price": 52,
        "special": 42
    },
    {
        "category": "specials",
        "href": "https://www.woolworths.com.au/shop/productdetails/765492/olsent-spiral-cfl-warm-whte-es-14w",
        "imgName": "765492.jpg",
        "imgSrc": "https://cdn0.woolworths.media/content/wowproductimages/medium/765492.jpg",
        "name": "Olsent Spiral Cfl Warm Whte Es 14w 2pk",
        "price": 10,
        "unitPrice": "$5.00 / 1EA"
    },
    {
        "category": "specials",
        "href": "https://www.woolworths.com.au/shop/productdetails/902105/jim-beam-white-label-bourbon-cola-cans",
        "imgName": "902105.jpg",
        "imgSrc": "https://cdn0.woolworths.media/content/wowproductimages/medium/902105.jpg",
        "name": "Jim Beam White Label Bourbon & Cola Cans 10x375ml",
        "price": 44,
        "special": 37
    },
    {
        "category": "specials",
        "href": "https://www.woolworths.com.au/shop/productdetails/713596/macro-organic-food-6-months-beef-rice-vegetable",
        "imgName": "713596.jpg",
        "imgSrc": "https://cdn0.woolworths.media/content/wowproductimages/medium/713596.jpg",
        "name": "Macro Organic Food 6 Months Beef Rice & Vegetable 120g",
        "price": 1.5,
        "unitPrice": "$1.25 / 100G"
    },
    {
        "category": "specials",
        "href": "https://www.woolworths.com.au/shop/productdetails/758859/bonds-underwear-hi-leg-plain",
        "imgName": "758859.jpg",
        "imgSrc": "https://cdn0.woolworths.media/content/wowproductimages/medium/758859.jpg",
        "name": "Bonds Underwear Hi Leg Plain 12",
        "price": 13,
        "special": 6.5
    },
    {
        "category": "specials",
        "href": "https://www.woolworths.com.au/shop/productdetails/657236/schmackos-chomp-n-chew-peanut-butter-chicken-large",
        "imgName": "657236.jpg",
        "imgSrc": "https://cdn0.woolworths.media/content/wowproductimages/medium/657236.jpg",
        "name": "Schmackos Chomp N Chew Peanut Butter & Chicken Large 60g",
        "price": 3.9,
        "unitPrice": "$6.50 / 100G"
    },
    {
        "category": "specials",
        "href": "https://www.woolworths.com.au/shop/productdetails/923910/heinz-8-months-chicken-vegetables-quinoa",
        "imgName": "923910.jpg",
        "imgSrc": "https://cdn0.woolworths.media/content/wowproductimages/medium/923910.jpg",
        "name": "Heinz 8 Months+ Chicken, Vegetables & Quinoa 170g",
        "price": 1.5,
        "unitPrice": "$0.88 / 100G"
    },
    {
        "category": "specials",
        "href": "https://www.woolworths.com.au/shop/productdetails/840903/woolworths-reduced-fat-ice-cream-rainbow",
        "imgName": "840903.jpg",
        "imgSrc": "https://cdn0.woolworths.media/content/wowproductimages/medium/840903.jpg",
        "name": "Woolworths Reduced Fat Ice Cream Rainbow 2l tub",
        "price": 4.5,
        "unitPrice": "$0.23 / 100ML"
    },
    {
        "category": "specials",
        "href": "https://www.woolworths.com.au/shop/productdetails/761072/nudie-nothing-but-coconut-water-straight-up",
        "imgName": "761072.jpg",
        "imgSrc": "https://cdn0.woolworths.media/content/wowproductimages/medium/761072.jpg",
        "name": "Nudie Nothing But Coconut Water Straight Up 1l",
        "price": 5,
        "unitPrice": "$5.00 / 1L"
    },
    {
        "category": "specials",
        "href": "https://www.woolworths.com.au/shop/productdetails/792032/woolworths-essentials-paper-side-uncoated",
        "imgName": "792032.jpg",
        "imgSrc": "https://cdn0.woolworths.media/content/wowproductimages/medium/792032.jpg",
        "name": "Woolworths Essentials Paper Side Uncoated 20pk",
        "price": 1.5,
        "unitPrice": "$0.08 / 1EA"
    },
    {
        "category": "specials",
        "href": "https://www.woolworths.com.au/shop/productdetails/789414/impulse-women-aerosol-body-spray-deodorant-romantic-spark",
        "imgName": "789414.jpg",
        "imgSrc": "https://cdn0.woolworths.media/content/wowproductimages/medium/789414.jpg",
        "name": "Impulse Women Aerosol Body Spray Deodorant Romantic Spark 75ml",
        "price": 4,
        "unitPrice": "$5.33 / 100ML"
    },
    {
        "category": "specials",
        "href": "https://www.woolworths.com.au/shop/productdetails/893106/revo-lip-balm-coconut",
        "imgName": "893106.jpg",
        "imgSrc": "https://cdn0.woolworths.media/content/wowproductimages/medium/893106.jpg",
        "name": "Revo Lip Balm Coconut 7g",
        "price": 4.99,
        "special": 3.49,
        "unitPrice": "$4.99 / 10G"
    },
    {
        "category": "specials",
        "href": "https://www.woolworths.com.au/shop/productdetails/776955/jackson-4-outlet-usb-charger-with-mains-outlet",
        "imgName": "776955.jpg",
        "imgSrc": "https://cdn0.woolworths.media/content/wowproductimages/medium/776955.jpg",
        "name": "Jackson 4 Outlet Usb Charger With Mains Outlet  each",
        "price": 25,
        "special": 22.5
    },
    {
        "category": "specials",
        "href": "https://www.woolworths.com.au/shop/productdetails/799295/dove-nutritive-solutions-shampoo-intensive-repair",
        "imgName": "799295.jpg",
        "imgSrc": "https://cdn0.woolworths.media/content/wowproductimages/medium/799295.jpg",
        "name": "Dove Nutritive Solutions Shampoo Intensive Repair 320ml",
        "price": 7,
        "special": 3.5,
        "unitPrice": "$1.09 / 100ML"
    },
    {
        "category": "specials",
        "href": "https://www.woolworths.com.au/shop/productdetails/724540/harpic-hygienic-toilet-cleaner-bleach-lime",
        "imgName": "724540.jpg",
        "imgSrc": "https://cdn0.woolworths.media/content/wowproductimages/medium/724540.jpg",
        "name": "Harpic Hygienic Toilet Cleaner Bleach Lime 2pk",
        "price": 4,
        "unitPrice": "$5.00 / 100G"
    },
    {
        "category": "specials",
        "href": "https://www.woolworths.com.au/shop/productdetails/826729/smith-s-share-pack-crinkle-cut-chicken",
        "imgName": "826729.jpg",
        "imgSrc": "https://cdn0.woolworths.media/content/wowproductimages/medium/826729.jpg",
        "name": "Smith's Share Pack Crinkle Cut Chicken 170g",
        "price": 3.29,
        "special": 2.5,
        "unitPrice": "$1.47 / 100G"
    },
    {
        "category": "specials",
        "href": "https://www.woolworths.com.au/shop/productdetails/700518/flora-proactiv-margarine-original",
        "imgName": "700518.jpg",
        "imgSrc": "https://cdn0.woolworths.media/content/wowproductimages/medium/700518.jpg",
        "name": "Flora Proactiv Margarine Original 750g",
        "price": 10,
        "unitPrice": "$1.33 / 100G"
    },
    {
        "category": "specials",
        "href": "https://www.woolworths.com.au/shop/productdetails/852154/inspire-zester-with-handle",
        "imgName": "852154.jpg",
        "imgSrc": "https://cdn0.woolworths.media/content/wowproductimages/medium/852154.jpg",
        "name": "Inspire Zester With Handle  each",
        "price": 6
    },
    {
        "category": "specials",
        "href": "https://www.woolworths.com.au/shop/productdetails/785322/white-wings-muffin-mix-raspberry-coconut",
        "imgName": "785322.jpg",
        "imgSrc": "https://cdn0.woolworths.media/content/wowproductimages/medium/785322.jpg",
        "name": "White Wings Muffin Mix Raspberry & Coconut 570g",
        "price": 4,
        "unitPrice": "$0.70 / 100G"
    },
    {
        "category": "specials",
        "href": "https://www.woolworths.com.au/shop/productdetails/856664/pantene-pro-v-daily-moisture-shampoo",
        "imgName": "856664.jpg",
        "imgSrc": "https://cdn0.woolworths.media/content/wowproductimages/medium/856664.jpg",
        "name": "Pantene Pro-v Daily Moisture Shampoo 500ml",
        "price": 6,
        "unitPrice": "$1.20 / 100ML"
    },
    {
        "category": "specials",
        "href": "https://www.woolworths.com.au/shop/productdetails/950632/woolworths-cheesecake-caramel-choc-bavarian",
        "imgName": "950632.jpg",
        "imgSrc": "https://cdn0.woolworths.media/content/wowproductimages/medium/950632.jpg",
        "name": "Woolworths Cheesecake Caramel & Choc Bavarian 450g",
        "price": 3,
        "unitPrice": "$0.67 / 100G"
    },
    {
        "category": "specials",
        "href": "https://www.woolworths.com.au/shop/productdetails/755850/thursday-plantation-oil-tea-tree",
        "imgName": "755850.jpg",
        "imgSrc": "https://cdn0.woolworths.media/content/wowproductimages/medium/755850.jpg",
        "name": "Thursday Plantation Oil Tea Tree 50ml",
        "price": 17,
        "special": 15,
        "unitPrice": "$30.00 / 100ML"
    },
    {
        "category": "specials",
        "href": "https://www.woolworths.com.au/shop/productdetails/829803/bonds-comfy-tops-very-opaque-leggings-med-lge",
        "imgName": "829803.jpg",
        "imgSrc": "https://cdn0.woolworths.media/content/wowproductimages/medium/829803.jpg",
        "name": "Bonds Comfy Tops Very Opaque Leggings Med-lge each",
        "price": 13,
        "special": 6.5
    },
    {
        "category": "specials",
        "href": "https://www.woolworths.com.au/shop/productdetails/938726/stabilo-fineliner-88mm-assorted",
        "imgName": "938726.jpg",
        "imgSrc": "https://cdn0.woolworths.media/content/wowproductimages/medium/938726.jpg",
        "name": "Stabilo Fineliner 88mm Assorted 6pk",
        "price": 9.5,
        "special": 6.65
    },
    {
        "category": "specials",
        "href": "https://www.woolworths.com.au/shop/productdetails/768834/bonds-socks-mens-very-comfy-size-11-14",
        "imgName": "768834.jpg",
        "imgSrc": "https://cdn0.woolworths.media/content/wowproductimages/medium/768834.jpg",
        "name": "Bonds Socks Mens Very Comfy Size 11-14 each",
        "price": 7,
        "special": 3.5,
        "unitPrice": "$3.50 / 1EA"
    },
    {
        "category": "specials",
        "href": "https://www.woolworths.com.au/shop/productdetails/743268/woolworths-select-toasted-honey-cinnamon-muesli",
        "imgName": "743268.jpg",
        "imgSrc": "https://cdn0.woolworths.media/content/wowproductimages/medium/743268.jpg",
        "name": "Woolworths Select Toasted Honey & Cinnamon Muesli 750g",
        "price": 3.85,
        "unitPrice": "$0.51 / 100G"
    },
    {
        "category": "specials",
        "href": "https://www.woolworths.com.au/shop/productdetails/754946/nivea-for-men-body-wash-sport",
        "imgName": "754946.jpg",
        "imgSrc": "https://cdn0.woolworths.media/content/wowproductimages/medium/754946.jpg",
        "name": "Nivea For Men Body Wash Sport 500ml",
        "price": 6,
        "unitPrice": "$1.20 / 100ML"
    },
    {
        "category": "specials",
        "href": "https://www.woolworths.com.au/shop/productdetails/854129/inspire-meat-tenderiser",
        "imgName": "854129.jpg",
        "imgSrc": "https://cdn0.woolworths.media/content/wowproductimages/medium/854129.jpg",
        "name": "Inspire Meat Tenderiser  each",
        "price": 6
    },
    {
        "category": "specials",
        "href": "https://www.woolworths.com.au/shop/productdetails/156241/vaalia-low-fat-luscious-berries-yoghurt",
        "imgName": "156241.jpg",
        "imgSrc": "https://cdn0.woolworths.media/content/wowproductimages/medium/156241.jpg",
        "name": "Vaalia Low Fat Luscious Berries Yoghurt 900g",
        "price": 5.5,
        "unitPrice": "$0.61 / 100G"
    },
    {
        "category": "specials",
        "href": "https://www.woolworths.com.au/shop/productdetails/192401/red-bull-energy-drink-sugar-free",
        "imgName": "192401.jpg",
        "imgSrc": "https://cdn0.woolworths.media/content/wowproductimages/medium/192401.jpg",
        "name": "Red Bull Energy Drink Sugar Free 250ml",
        "price": 3,
        "unitPrice": "$12.00 / 1L"
    },
    {
        "category": "specials",
        "href": "https://www.woolworths.com.au/shop/productdetails/224213/decor-microsafe-container-round",
        "imgName": "224213.jpg",
        "imgSrc": "https://cdn0.woolworths.media/content/wowproductimages/medium/224213.jpg",
        "name": "Decor Microsafe Container Round 1.5l",
        "price": 7.99,
        "special": 3.99
    },
    {
        "category": "specials",
        "href": "https://www.woolworths.com.au/shop/productdetails/241116/robern-apricot-indulgence",
        "imgName": "241116.jpg",
        "imgSrc": "https://cdn0.woolworths.media/content/wowproductimages/medium/241116.jpg",
        "name": "Robern Apricot Indulgence 200g",
        "price": 3,
        "special": 2.45,
        "unitPrice": "$12.25 / 1KG"
    },
    {
        "category": "specials",
        "href": "https://www.woolworths.com.au/shop/productdetails/311319/woolworths-cake-unfilled-sponge-slab",
        "imgName": "311319.jpg",
        "imgSrc": "https://cdn0.woolworths.media/content/wowproductimages/medium/311319.jpg",
        "name": "Woolworths Cake Unfilled Sponge Slab 450g",
        "price": 5,
        "unitPrice": "$1.11 / 100G"
    },
    {
        "category": "specials",
        "href": "https://www.woolworths.com.au/shop/productdetails/322017/french-fries-single-pack-original",
        "imgName": "322017.jpg",
        "imgSrc": "https://cdn0.woolworths.media/content/wowproductimages/medium/322017.jpg",
        "name": "French Fries Single Pack Original 45g",
        "price": 1.5,
        "special": 1,
        "unitPrice": "$2.22 / 100G"
    },
    {
        "category": "specials",
        "href": "https://www.woolworths.com.au/shop/productdetails/655397/nexba-sparkling-cola-infusion",
        "imgName": "655397.jpg",
        "imgSrc": "https://cdn0.woolworths.media/content/wowproductimages/medium/655397.jpg",
        "name": "Nexba Sparkling Cola Infusion  4x300ml",
        "price": 6.55,
        "special": 5.05,
        "unitPrice": "$4.21 / 1L"
    },
    {
        "category": "specials",
        "href": "https://www.woolworths.com.au/shop/productdetails/728983/woolworths-mozzarella-shredded-cheese",
        "imgName": "728983.jpg",
        "imgSrc": "https://cdn0.woolworths.media/content/wowproductimages/medium/728983.jpg",
        "name": "Woolworths Mozzarella Shredded Cheese 500g",
        "price": 4.5,
        "unitPrice": "$9.00 / 1KG"
    },
    {
        "category": "specials",
        "href": "https://www.woolworths.com.au/shop/productdetails/756215/bonds-girls-underwear-cotton-brief-12-14-14-16",
        "imgName": "756215.jpg",
        "imgSrc": "https://cdn0.woolworths.media/content/wowproductimages/medium/756215.jpg",
        "name": "Bonds Girls Underwear Cotton Brief 12-14 & 14-16 4pk",
        "price": 14,
        "special": 7,
        "unitPrice": "$1.75 / 1EA"
    },
    {
        "category": "specials",
        "href": "https://www.woolworths.com.au/shop/productdetails/763087/d-orsogna-bacon-streaky",
        "imgName": "763087.jpg",
        "imgSrc": "https://cdn0.woolworths.media/content/wowproductimages/medium/763087.jpg",
        "name": "D'orsogna Bacon Streaky 200g",
        "price": 5,
        "special": 4,
        "unitPrice": "$20.00 / 1KG"
    },
    {
        "category": "specials",
        "href": "https://www.woolworths.com.au/shop/productdetails/841319/surf-front-top-loader-laundry-liquid-detergent-tropical-lily",
        "imgName": "841319.jpg",
        "imgSrc": "https://cdn0.woolworths.media/content/wowproductimages/medium/841319.jpg",
        "name": "Surf Front & Top Loader Laundry Liquid Detergent Tropical Lily 2l",
        "price": 8,
        "unitPrice": "$4.00 / 1L"
    },
    {
        "category": "specials",
        "href": "https://www.woolworths.com.au/shop/productdetails/842812/pantene-pro-v-always-smooth-shampoo",
        "imgName": "842812.jpg",
        "imgSrc": "https://cdn0.woolworths.media/content/wowproductimages/medium/842812.jpg",
        "name": "Pantene Pro-v Always Smooth Shampoo 900ml",
        "price": 15.7,
        "special": 10,
        "unitPrice": "$1.11 / 100ML"
    },
    {
        "category": "specials",
        "href": "https://www.woolworths.com.au/shop/productdetails/875636/ingham-quick-cook-chicken-meatballs",
        "imgName": "875636.jpg",
        "imgSrc": "https://cdn0.woolworths.media/content/wowproductimages/medium/875636.jpg",
        "name": "Ingham Quick Cook Chicken Meatballs  500g",
        "price": 7,
        "special": 6.5,
        "unitPrice": "$13.00 / 1KG"
    },
    {
        "category": "specials",
        "href": "https://www.woolworths.com.au/shop/productdetails/37831/vittoria-coffee-espresso-ground-coffee-espresso",
        "imgName": "037831.jpg",
        "imgSrc": "https://cdn0.woolworths.media/content/wowproductimages/medium/037831.jpg",
        "name": "Vittoria Coffee Espresso Ground Coffee Espresso 200g",
        "price": 8,
        "special": 6,
        "unitPrice": "$3.00 / 100G"
    },
    {
        "category": "specials",
        "href": "https://www.woolworths.com.au/shop/productdetails/1762/kellogg-s-variety-pack-cereals",
        "imgName": "001762.jpg",
        "imgSrc": "https://cdn0.woolworths.media/content/wowproductimages/medium/001762.jpg",
        "name": "Kellogg's Variety Pack Cereals 8x25g",
        "price": 6.25,
        "special": 5,
        "unitPrice": "$1.82 / 100G"
    },
    {
        "category": "specials",
        "href": "https://www.woolworths.com.au/shop/productdetails/25/arnott-s-chocolate-caramel-crowns",
        "imgName": "000025.jpg",
        "imgSrc": "https://cdn0.woolworths.media/content/wowproductimages/medium/000025.jpg",
        "name": "Arnott's Chocolate Caramel Crowns  200g",
        "price": 2.5,
        "unitPrice": "$1.25 / 100G"
    },
    {
        "category": "specials",
        "href": "https://www.woolworths.com.au/shop/productdetails/25764/sargents-traditional-pies-steak-onion",
        "imgName": "025764.jpg",
        "imgSrc": "https://cdn0.woolworths.media/content/wowproductimages/medium/025764.jpg",
        "name": "Sargents Traditional Pies Steak & Onion 4pk 700g",
        "price": 4.5,
        "unitPrice": "$0.64 / 100G"
    },
    {
        "category": "specials",
        "href": "https://www.woolworths.com.au/shop/productdetails/3868/avent-teats-silicon-medium-flow",
        "imgName": "003868.jpg",
        "imgSrc": "https://cdn0.woolworths.media/content/wowproductimages/medium/003868.jpg",
        "name": "Avent Teats Silicon Medium Flow 2pk",
        "price": 10.5,
        "special": 7.35,
        "unitPrice": "$3.68 / 1EA"
    },
    {
        "category": "specials",
        "href": "https://www.woolworths.com.au/shop/productdetails/37562/uncle-tobys-quick-oats",
        "imgName": "037562.jpg",
        "imgSrc": "https://cdn0.woolworths.media/content/wowproductimages/medium/037562.jpg",
        "name": "Uncle Tobys Quick Oats 1kg",
        "price": 5,
        "unitPrice": "$0.50 / 100G"
    },
    {
        "category": "specials",
        "href": "https://www.woolworths.com.au/shop/productdetails/21733/maybelline-cover-stick-concealer-medium-beige",
        "imgName": "021733.jpg",
        "imgSrc": "https://cdn0.woolworths.media/content/wowproductimages/medium/021733.jpg",
        "name": "Maybelline Cover Stick Concealer Medium Beige 4.5g",
        "price": 10.5,
        "special": 7.35,
        "unitPrice": "$16.33 / 10G"
    },
    {
        "category": "specials",
        "href": "https://www.woolworths.com.au/shop/productdetails/28196/pureharvest-organic-nature-s-soy-milk",
        "imgName": "028196.jpg",
        "imgSrc": "https://cdn0.woolworths.media/content/wowproductimages/medium/028196.jpg",
        "name": "Pureharvest Organic Nature's Soy Milk 1l",
        "price": 1.7,
        "unitPrice": "$1.70 / 1L"
    },
    {
        "category": "specials",
        "href": "https://www.woolworths.com.au/shop/productdetails/10978/petaluma-red-varietal-coonawarra",
        "imgName": "010978.jpg",
        "imgSrc": "https://cdn0.woolworths.media/content/wowproductimages/medium/010978.jpg",
        "name": "Petaluma Red Varietal Coonawarra 750ml",
        "price": 73,
        "special": 56
    },
    {
        "category": "specials",
        "href": "https://www.woolworths.com.au/shop/productdetails/16587/norganic-spreads-golden-soy-mayonnaise",
        "imgName": "016587.jpg",
        "imgSrc": "https://cdn0.woolworths.media/content/wowproductimages/medium/016587.jpg",
        "name": "Norganic Spreads Golden Soy Mayonnaise 475ml",
        "price": 7.04,
        "special": 6,
        "unitPrice": "$1.26 / 100ML"
    },
    {
        "category": "specials",
        "href": "https://www.woolworths.com.au/shop/productdetails/27932/tena-lady-pads-normal",
        "imgName": "027932.jpg",
        "imgSrc": "https://cdn0.woolworths.media/content/wowproductimages/medium/027932.jpg",
        "name": "Tena Lady Pads Normal 12pk",
        "price": 5.25,
        "unitPrice": "$0.44 / 1EA"
    },
    {
        "category": "specials",
        "href": "https://www.woolworths.com.au/shop/productdetails/16135/huggies-ultra-dry-nappies-crawler-6-11kg-boy",
        "imgName": "016135.jpg",
        "imgSrc": "https://cdn0.woolworths.media/content/wowproductimages/medium/016135.jpg",
        "name": "Huggies Ultra Dry Nappies Crawler 6-11kg Boy 44pk bulk",
        "price": 16,
        "unitPrice": "$0.36 / 1EA"
    },
    {
        "category": "specials",
        "href": "https://www.woolworths.com.au/shop/productdetails/38403/bonds-singlet-mens-chesty-white-size-16",
        "imgName": "038403.jpg",
        "imgSrc": "https://cdn0.woolworths.media/content/wowproductimages/medium/038403.jpg",
        "name": "Bonds Singlet Mens Chesty White Size 16 1pk",
        "price": 14,
        "special": 7
    },
    {
        "category": "specials",
        "href": "https://www.woolworths.com.au/shop/productdetails/67223/easiyo-unsweetened-reduced-fat-yoghurt-base",
        "imgName": "067223.jpg",
        "imgSrc": "https://cdn0.woolworths.media/content/wowproductimages/medium/067223.jpg",
        "name": "Easiyo Unsweetened Reduced Fat Yoghurt Base 140g",
        "price": 4,
        "unitPrice": "$2.86 / 100G"
    },
    {
        "category": "specials",
        "href": "https://www.woolworths.com.au/shop/productdetails/58798/mary-mack-s-instant-batter-mix",
        "imgName": "058798.jpg",
        "imgSrc": "https://cdn0.woolworths.media/content/wowproductimages/medium/058798.jpg",
        "name": "Mary Mack's Instant Batter Mix  150g",
        "price": 2.5,
        "special": 2,
        "unitPrice": "$0.13 / 10G"
    },
    {
        "category": "specials",
        "href": "https://www.woolworths.com.au/shop/productdetails/74034/rennie-antacids-digestive-spearmint-tabs",
        "imgName": "074034.jpg",
        "imgSrc": "https://cdn0.woolworths.media/content/wowproductimages/medium/074034.jpg",
        "name": "Rennie Antacids Digestive Spearmint Tabs 48pk",
        "price": 6,
        "special": 4.8,
        "unitPrice": "$0.10 / 1EA"
    },
    {
        "category": "specials",
        "href": "https://www.woolworths.com.au/shop/productdetails/93453/old-el-paso-mexican-sweet-paprika-taco-kit",
        "imgName": "093453.jpg",
        "imgSrc": "https://cdn0.woolworths.media/content/wowproductimages/medium/093453.jpg",
        "name": "Old El Paso Mexican Sweet Paprika Taco Kit 290g",
        "price": 4.75,
        "unitPrice": "$1.64 / 100G"
    },
    {
        "category": "specials",
        "href": "https://www.woolworths.com.au/shop/productdetails/46405/head-shoulders-apple-fresh-anti-dandruff-shampoo",
        "imgName": "046405.jpg",
        "imgSrc": "https://cdn0.woolworths.media/content/wowproductimages/medium/046405.jpg",
        "name": "Head & Shoulders Apple Fresh Anti-dandruff Shampoo 620ml",
        "price": 16,
        "special": 11,
        "unitPrice": "$1.77 / 100ML"
    },
    {
        "category": "specials",
        "href": "https://www.woolworths.com.au/shop/productdetails/70250/l-oreal-excellence-cr-me-7-dark-blonde",
        "imgName": "070250.jpg",
        "imgSrc": "https://cdn0.woolworths.media/content/wowproductimages/medium/070250.jpg",
        "name": "L'oreal Excellence Cr\u00e8me 7 Dark Blonde 1pk",
        "price": 17.5,
        "special": 12
    },
    {
        "category": "specials",
        "href": "https://www.woolworths.com.au/shop/productdetails/53866/fountain-soy-sauce",
        "imgName": "053866.jpg",
        "imgSrc": "https://cdn0.woolworths.media/content/wowproductimages/medium/053866.jpg",
        "name": "Fountain Soy Sauce  250ml",
        "price": 2.7,
        "special": 2.2,
        "unitPrice": "$0.88 / 100ML"
    },
    {
        "category": "specials",
        "href": "https://www.woolworths.com.au/shop/productdetails/98567/san-remo-risoni-pasta",
        "imgName": "098567.jpg",
        "imgSrc": "https://cdn0.woolworths.media/content/wowproductimages/medium/098567.jpg",
        "name": "San Remo Risoni Pasta 500g",
        "price": 1.95,
        "unitPrice": "$0.39 / 100G"
    },
    {
        "category": "specials",
        "href": "https://www.woolworths.com.au/shop/productdetails/155012/deeko-serviettes-hypo-white-everyday",
        "imgName": "155012.jpg",
        "imgSrc": "https://cdn0.woolworths.media/content/wowproductimages/medium/155012.jpg",
        "name": "Deeko Serviettes Hypo White Everyday 80pk",
        "price": 1.6,
        "special": 1.28,
        "unitPrice": "$0.02 / 1EA"
    },
    {
        "category": "specials",
        "href": "https://www.woolworths.com.au/shop/productdetails/174416/vo5-wet-look-styling-gel",
        "imgName": "174416.jpg",
        "imgSrc": "https://cdn0.woolworths.media/content/wowproductimages/medium/174416.jpg",
        "name": "Vo5 Wet Look Styling Gel 175ml",
        "price": 4,
        "unitPrice": "$2.29 / 100ML"
    },
    {
        "category": "specials",
        "href": "https://www.woolworths.com.au/shop/productdetails/85159/coca-cola-diet-can",
        "imgName": "085159.jpg",
        "imgSrc": "https://cdn0.woolworths.media/content/wowproductimages/medium/085159.jpg",
        "name": "Coca-cola Diet Can 30x375ml",
        "price": 39.6,
        "special": 22.05,
        "unitPrice": "$1.96 / 1L"
    },
    {
        "category": "specials",
        "href": "https://www.woolworths.com.au/shop/productdetails/149604/ribena-blackcurrant-cordial-syrup",
        "imgName": "149604.jpg",
        "imgSrc": "https://cdn0.woolworths.media/content/wowproductimages/medium/149604.jpg",
        "name": "Ribena Blackcurrant Cordial Syrup 1l",
        "price": 6,
        "unitPrice": "$6.00 / 1L"
    },
    {
        "category": "specials",
        "href": "https://www.woolworths.com.au/shop/productdetails/94223/paul-newmans-dressings-classic-salad",
        "imgName": "094223.jpg",
        "imgSrc": "https://cdn0.woolworths.media/content/wowproductimages/medium/094223.jpg",
        "name": "Paul Newmans Dressings Classic Salad 250ml",
        "price": 4,
        "unitPrice": "$1.60 / 100ML"
    },
    {
        "category": "specials",
        "href": "https://www.woolworths.com.au/shop/productdetails/162140/vittoria-coffee-espresso-coffee-beans-espresso",
        "imgName": "162140.jpg",
        "imgSrc": "https://cdn0.woolworths.media/content/wowproductimages/medium/162140.jpg",
        "name": "Vittoria Coffee Espresso Coffee Beans Espresso 1kg",
        "price": 28,
        "special": 20,
        "unitPrice": "$2.00 / 100G"
    },
    {
        "category": "specials",
        "href": "https://www.woolworths.com.au/shop/productdetails/209519/lamb-leg-half-roast",
        "imgName": "209519.jpg",
        "imgSrc": "https://cdn0.woolworths.media/content/wowproductimages/medium/209519.jpg",
        "name": "Lamb Leg Half Roast  min. 1.2kg",
        "price": 12,
        "special": 10.8,
        "unitPrice": "$9.00 / 1KG"
    },
    {
        "category": "specials",
        "href": "https://www.woolworths.com.au/shop/productdetails/197074/vaalia-low-fat-lemon-creme-yoghurt",
        "imgName": "197074.jpg",
        "imgSrc": "https://cdn0.woolworths.media/content/wowproductimages/medium/197074.jpg",
        "name": "Vaalia Low Fat Lemon Creme Yoghurt 4x150g",
        "price": 4,
        "unitPrice": "$0.67 / 100G"
    },
    {
        "category": "specials",
        "href": "https://www.woolworths.com.au/shop/productdetails/198763/lee-kum-kee-soy-sauce-premium",
        "imgName": "198763.jpg",
        "imgSrc": "https://cdn0.woolworths.media/content/wowproductimages/medium/198763.jpg",
        "name": "Lee Kum Kee Soy Sauce Premium 500ml",
        "price": 3.8,
        "special": 3.2,
        "unitPrice": "$0.64 / 100ML"
    },
    {
        "category": "specials",
        "href": "https://www.woolworths.com.au/shop/productdetails/233125/sard-wonder-power-stain-remover-refill-eucalyptus",
        "imgName": "233125.jpg",
        "imgSrc": "https://cdn0.woolworths.media/content/wowproductimages/medium/233125.jpg",
        "name": "Sard Wonder Power Stain Remover Refill Eucalyptus 500ml",
        "price": 3.5,
        "unitPrice": "$7.00 / 1L"
    },
    {
        "category": "specials",
        "href": "https://www.woolworths.com.au/shop/productdetails/181381/gravox-gravy-mix-brown-onion-garlic",
        "imgName": "181381.jpg",
        "imgSrc": "https://cdn0.woolworths.media/content/wowproductimages/medium/181381.jpg",
        "name": "Gravox Gravy Mix Brown Onion & Garlic 29g",
        "price": 1,
        "special": 0.9,
        "unitPrice": "$0.31 / 10G"
    },
    {
        "category": "specials",
        "href": "https://www.woolworths.com.au/shop/productdetails/206493/mersey-valley-original-spreadable-cheddar-cheese",
        "imgName": "206493.jpg",
        "imgSrc": "https://cdn0.woolworths.media/content/wowproductimages/medium/206493.jpg",
        "name": "Mersey Valley Original Spreadable Cheddar Cheese 150g",
        "price": 4,
        "special": 3.5,
        "unitPrice": "$23.33 / 1KG"
    },
    {
        "category": "specials",
        "href": "https://www.woolworths.com.au/shop/productdetails/200514/armor-all-car-care-windscreen-wash",
        "imgName": "200514.jpg",
        "imgSrc": "https://cdn0.woolworths.media/content/wowproductimages/medium/200514.jpg",
        "name": "Armor All Car Care Windscreen Wash 500ml",
        "price": 5,
        "special": 4,
        "unitPrice": "$0.80 / 100ML"
    },
    {
        "category": "specials",
        "href": "https://www.woolworths.com.au/shop/productdetails/227530/tresemme-professional-hair-conditioner-remoisturise",
        "imgName": "227530.jpg",
        "imgSrc": "https://cdn0.woolworths.media/content/wowproductimages/medium/227530.jpg",
        "name": "Tresemme Professional Hair Conditioner Remoisturise 900ml",
        "price": 7,
        "unitPrice": "$0.78 / 100ML"
    },
    {
        "category": "specials",
        "href": "https://www.woolworths.com.au/shop/productdetails/247368/lucky-natural-seed-mix-with-pine-nuts",
        "imgName": "247368.jpg",
        "imgSrc": "https://cdn0.woolworths.media/content/wowproductimages/medium/247368.jpg",
        "name": "Lucky Natural Seed Mix With Pine Nuts 200g",
        "price": 4.9,
        "special": 3.75,
        "unitPrice": "$18.75 / 1KG"
    },
    {
        "category": "specials",
        "href": "https://www.woolworths.com.au/shop/productdetails/191769/woolworths-essentials-sheet-fitted-cream-queen-bed",
        "imgName": "191769.jpg",
        "imgSrc": "https://cdn0.woolworths.media/content/wowproductimages/medium/191769.jpg",
        "name": "Woolworths Essentials Sheet Fitted Cream Queen Bed each",
        "price": 20,
        "special": 10
    },
    {
        "category": "specials",
        "href": "https://www.woolworths.com.au/shop/productdetails/279664/bulla-mini-frozen-yoghurt-assorted-flavours",
        "imgName": "279664.jpg",
        "imgSrc": "https://cdn0.woolworths.media/content/wowproductimages/medium/279664.jpg",
        "name": "Bulla Mini Frozen Yoghurt Assorted Flavours 14pk 504g",
        "price": 6.8,
        "special": 4.5,
        "unitPrice": "$0.89 / 100G"
    },
    {
        "category": "specials",
        "href": "https://www.woolworths.com.au/shop/productdetails/262534/ingham-s-tempura-chicken-breast-nuggets",
        "imgName": "262534.jpg",
        "imgSrc": "https://cdn0.woolworths.media/content/wowproductimages/medium/262534.jpg",
        "name": "Ingham's Tempura Chicken Breast Nuggets 600g",
        "price": 7,
        "unitPrice": "$11.67 / 1KG"
    },
    {
        "category": "specials",
        "href": "https://www.woolworths.com.au/shop/productdetails/293630/thins-chips-multipack-classic-original",
        "imgName": "293630.jpg",
        "imgSrc": "https://cdn0.woolworths.media/content/wowproductimages/medium/293630.jpg",
        "name": "Thins Chips Multipack Classic Original 6pk 114g",
        "price": 3.19,
        "unitPrice": "$2.80 / 100G"
    },
    {
        "category": "specials",
        "href": "https://www.woolworths.com.au/shop/productdetails/314502/homebrand-dishwashing-liquid",
        "imgName": "314502.jpg",
        "imgSrc": "https://cdn0.woolworths.media/content/wowproductimages/medium/314502.jpg",
        "name": "Homebrand Dishwashing Liquid 1l",
        "price": 0.99,
        "unitPrice": "$0.99 / 1L"
    },
    {
        "category": "specials",
        "href": "https://www.woolworths.com.au/shop/productdetails/254805/schwarzkopf-live-colour-black",
        "imgName": "254805.jpg",
        "imgSrc": "https://cdn0.woolworths.media/content/wowproductimages/medium/254805.jpg",
        "name": "Schwarzkopf Live Colour Black 1pk",
        "price": 5,
        "special": 4
    },
    {
        "category": "specials",
        "href": "https://www.woolworths.com.au/shop/productdetails/264038/white-wings-cupcake-mix-vanilla",
        "imgName": "264038.jpg",
        "imgSrc": "https://cdn0.woolworths.media/content/wowproductimages/medium/264038.jpg",
        "name": "White Wings Cupcake Mix Vanilla 410g",
        "price": 4,
        "unitPrice": "$0.98 / 100G"
    },
    {
        "category": "specials",
        "href": "https://www.woolworths.com.au/shop/productdetails/211950/armor-all-car-care-protectant-wipes",
        "imgName": "211950.jpg",
        "imgSrc": "https://cdn0.woolworths.media/content/wowproductimages/medium/211950.jpg",
        "name": "Armor All Car Care Protectant Wipes 25pk",
        "price": 10.5,
        "special": 8.4,
        "unitPrice": "$8.40 / 1EA"
    },
    {
        "category": "specials",
        "href": "https://www.woolworths.com.au/shop/productdetails/224641/ajax-spray-n-wipe-glass-cleaner-trigger",
        "imgName": "224641.jpg",
        "imgSrc": "https://cdn0.woolworths.media/content/wowproductimages/medium/224641.jpg",
        "name": "Ajax Spray N Wipe Glass Cleaner Trigger 500ml",
        "price": 3,
        "unitPrice": "$0.60 / 100ML"
    },
    {
        "category": "specials",
        "href": "https://www.woolworths.com.au/shop/productdetails/262533/ingham-s-crumbed-chicken-nuggets-family-pack",
        "imgName": "262533.jpg",
        "imgSrc": "https://cdn0.woolworths.media/content/wowproductimages/medium/262533.jpg",
        "name": "Ingham's Crumbed Chicken Nuggets Family Pack 700g",
        "price": 7,
        "unitPrice": "$10.00 / 1KG"
    },
    {
        "category": "specials",
        "href": "https://www.woolworths.com.au/shop/productdetails/309391/decor-microsafe-rice-cooker-veg-steamer",
        "imgName": "309391.jpg",
        "imgSrc": "https://cdn0.woolworths.media/content/wowproductimages/medium/309391.jpg",
        "name": "Decor Microsafe Rice Cooker & Veg Steamer  2.75l",
        "price": 9.99,
        "special": 4.99
    },
    {
        "category": "specials",
        "href": "https://www.woolworths.com.au/shop/productdetails/253584/olay-complete-uv-protection-combination-oily",
        "imgName": "253584.jpg",
        "imgSrc": "https://cdn0.woolworths.media/content/wowproductimages/medium/253584.jpg",
        "name": "Olay Complete Uv Protection Combination Oily 150ml",
        "price": 15.4,
        "special": 7.7,
        "unitPrice": "$5.13 / 100ML"
    },
    {
        "category": "specials",
        "href": "https://www.woolworths.com.au/shop/productdetails/249627/nutino-hazelnut-spread-spread",
        "imgName": "249627.jpg",
        "imgSrc": "https://cdn0.woolworths.media/content/wowproductimages/medium/249627.jpg",
        "name": "Nutino Hazelnut Spread Spread 750g",
        "price": 5.5,
        "unitPrice": "$0.73 / 100G"
    },
    {
        "category": "specials",
        "href": "https://www.woolworths.com.au/shop/productdetails/259141/babylove-cosifit-bulk-nappies-infant-3-8kg",
        "imgName": "259141.jpg",
        "imgSrc": "https://cdn0.woolworths.media/content/wowproductimages/medium/259141.jpg",
        "name": "Babylove Cosifit Bulk Nappies Infant 3-8kg 48pk",
        "price": 14,
        "special": 12,
        "unitPrice": "$0.25 / 1EA"
    },
    {
        "category": "specials",
        "href": "https://www.woolworths.com.au/shop/productdetails/250482/harpic-white-shine-toilet-cleaner-bleach-gel-citrus",
        "imgName": "250482.jpg",
        "imgSrc": "https://cdn0.woolworths.media/content/wowproductimages/medium/250482.jpg",
        "name": "Harpic White & Shine Toilet Cleaner Bleach Gel Citrus 450ml",
        "price": 3,
        "unitPrice": "$0.67 / 100ML"
    },
    {
        "category": "specials",
        "href": "https://www.woolworths.com.au/shop/productdetails/237839/dove-fresh-touch-body-wash-cucumber-green-tea",
        "imgName": "237839.jpg",
        "imgSrc": "https://cdn0.woolworths.media/content/wowproductimages/medium/237839.jpg",
        "name": "Dove Fresh Touch Body Wash Cucumber & Green Tea 375ml",
        "price": 5.75,
        "unitPrice": "$1.53 / 100ML"
    },
    {
        "category": "specials",
        "href": "https://www.woolworths.com.au/shop/productdetails/251942/fancy-feast-adult-cat-food-tuna-mackerel-crab",
        "imgName": "251942.jpg",
        "imgSrc": "https://cdn0.woolworths.media/content/wowproductimages/medium/251942.jpg",
        "name": "Fancy Feast Adult Cat Food Tuna Mackerel & Crab 450g",
        "price": 5,
        "special": 4.5,
        "unitPrice": "$1.00 / 100G"
    },
    {
        "category": "specials",
        "href": "https://www.woolworths.com.au/shop/productdetails/252241/easy-off-bam-power-bathroom-cleaner-grime-soap-scum",
        "imgName": "252241.jpg",
        "imgSrc": "https://cdn0.woolworths.media/content/wowproductimages/medium/252241.jpg",
        "name": "Easy Off Bam Power Bathroom Cleaner Grime & Soap Scum 500ml",
        "price": 5,
        "unitPrice": "$1.00 / 100ML"
    },
    {
        "category": "specials",
        "href": "https://www.woolworths.com.au/shop/productdetails/254421/woolworths-passionfruit-pulp-canned",
        "imgName": "254421.jpg",
        "imgSrc": "https://cdn0.woolworths.media/content/wowproductimages/medium/254421.jpg",
        "name": "Woolworths Passionfruit Pulp Canned 170g",
        "price": 1.55,
        "unitPrice": "$9.12 / 1KG"
    },
    {
        "category": "specials",
        "href": "https://www.woolworths.com.au/shop/productdetails/233784/john-frieda-conditioner-brilliant-brunette-moisturising",
        "imgName": "233784.jpg",
        "imgSrc": "https://cdn0.woolworths.media/content/wowproductimages/medium/233784.jpg",
        "name": "John Frieda Conditioner Brilliant Brunette Moisturising 250ml",
        "price": 16,
        "special": 9.6,
        "unitPrice": "$3.84 / 100ML"
    },
    {
        "category": "specials",
        "href": "https://www.woolworths.com.au/shop/productdetails/333450/bic-shimmers-grip-pen-ballpoint-pouch",
        "imgName": "333450.jpg",
        "imgSrc": "https://cdn0.woolworths.media/content/wowproductimages/medium/333450.jpg",
        "name": "Bic Shimmers Grip Pen Ballpoint Pouch each",
        "price": 4
    },
    {
        "category": "specials",
        "href": "https://www.woolworths.com.au/shop/productdetails/359119/nudie-100-apple-juice",
        "imgName": "359119.jpg",
        "imgSrc": "https://cdn0.woolworths.media/content/wowproductimages/medium/359119.jpg",
        "name": "Nudie 100% Apple Juice 2l",
        "price": 6.6,
        "special": 5.5,
        "unitPrice": "$2.75 / 1L"
    },
    {
        "category": "specials",
        "href": "https://www.woolworths.com.au/shop/productdetails/345304/cheetos-multipack-cheese-bacon-balls",
        "imgName": "345304.jpg",
        "imgSrc": "https://cdn0.woolworths.media/content/wowproductimages/medium/345304.jpg",
        "name": "Cheetos Multipack Cheese & Bacon Balls 6pk 102g",
        "price": 3.14,
        "unitPrice": "$3.08 / 100G"
    },
    {
        "category": "specials",
        "href": "https://www.woolworths.com.au/shop/productdetails/329399/riverside-pecan-halves",
        "imgName": "329399.jpg",
        "imgSrc": "https://cdn0.woolworths.media/content/wowproductimages/medium/329399.jpg",
        "name": "Riverside Pecan Halves 180g",
        "price": 5.5,
        "special": 4.4,
        "unitPrice": "$24.44 / 1KG"
    },
    {
        "category": "specials",
        "href": "https://www.woolworths.com.au/shop/productdetails/331936/v-with-guarana",
        "imgName": "331936.jpg",
        "imgSrc": "https://cdn0.woolworths.media/content/wowproductimages/medium/331936.jpg",
        "name": "V With Guarana  4x500ml",
        "price": 12.2,
        "special": 9.86,
        "unitPrice": "$4.93 / 1L"
    },
    {
        "category": "specials",
        "href": "https://www.woolworths.com.au/shop/productdetails/342853/aveeno-stress-relief-lotion",
        "imgName": "342853.jpg",
        "imgSrc": "https://cdn0.woolworths.media/content/wowproductimages/medium/342853.jpg",
        "name": "Aveeno Stress Relief Lotion  354ml",
        "price": 13.38,
        "special": 10.7,
        "unitPrice": "$3.02 / 100ML"
    },
    {
        "category": "specials",
        "href": "https://www.woolworths.com.au/shop/productdetails/297839/woolworths-essentials-sheet-fitted-coffee-double-bed",
        "imgName": "297839.jpg",
        "imgSrc": "https://cdn0.woolworths.media/content/wowproductimages/medium/297839.jpg",
        "name": "Woolworths Essentials Sheet Fitted Coffee Double Bed each",
        "price": 16,
        "special": 8
    },
    {
        "category": "specials",
        "href": "https://www.woolworths.com.au/shop/productdetails/329102/uncle-tobys-oat-flakes-original",
        "imgName": "329102.jpg",
        "imgSrc": "https://cdn0.woolworths.media/content/wowproductimages/medium/329102.jpg",
        "name": "Uncle Tobys Oat Flakes Original 640g",
        "price": 5,
        "unitPrice": "$0.78 / 100G"
    },
    {
        "category": "specials",
        "href": "https://www.woolworths.com.au/shop/productdetails/329197/maybelline-dream-liquid-mousse-foundation-nude",
        "imgName": "329197.jpg",
        "imgSrc": "https://cdn0.woolworths.media/content/wowproductimages/medium/329197.jpg",
        "name": "Maybelline Dream Liquid Mousse Foundation Nude 30ml",
        "price": 22.95,
        "special": 16,
        "unitPrice": "$5.33 / 10ML"
    },
    {
        "category": "specials",
        "href": "https://www.woolworths.com.au/shop/productdetails/325767/john-frieda-shampoo-sheer-blonde-go-blonder",
        "imgName": "325767.jpg",
        "imgSrc": "https://cdn0.woolworths.media/content/wowproductimages/medium/325767.jpg",
        "name": "John Frieda Shampoo Sheer Blonde Go Blonder 250ml",
        "price": 18,
        "special": 10.8,
        "unitPrice": "$4.32 / 100ML"
    },
    {
        "category": "specials",
        "href": "https://www.woolworths.com.au/shop/productdetails/360108/underworks-mens-all-day-cushion-foot-socks-black-size-11-13",
        "imgName": "360108.jpg",
        "imgSrc": "https://cdn0.woolworths.media/content/wowproductimages/medium/360108.jpg",
        "name": "Underworks Mens All Day Cushion Foot Socks Black Size 11 - 13 2pk",
        "price": 15,
        "special": 10,
        "unitPrice": "$5.00 / 1EA"
    },
    {
        "category": "specials",
        "href": "https://www.woolworths.com.au/shop/productdetails/291277/rafferty-s-garden-food-4-months-blueberries-banana-apple",
        "imgName": "291277.jpg",
        "imgSrc": "https://cdn0.woolworths.media/content/wowproductimages/medium/291277.jpg",
        "name": "Rafferty's Garden Food 4 Months+ Blueberries, Banana & Apple 120g",
        "price": 1.65,
        "unitPrice": "$1.38 / 100G"
    },
    {
        "category": "specials",
        "href": "https://www.woolworths.com.au/shop/productdetails/308409/aveeno-intense-relief-hand-cream",
        "imgName": "308409.jpg",
        "imgSrc": "https://cdn0.woolworths.media/content/wowproductimages/medium/308409.jpg",
        "name": "Aveeno Intense Relief Hand Cream  100g",
        "price": 10.39,
        "special": 8.3,
        "unitPrice": "$8.30 / 100G"
    },
    {
        "category": "specials",
        "href": "https://www.woolworths.com.au/shop/productdetails/331285/homebrand-rice-crackers-bbq",
        "imgName": "331285.jpg",
        "imgSrc": "https://cdn0.woolworths.media/content/wowproductimages/medium/331285.jpg",
        "name": "Homebrand Rice Crackers Bbq 100g",
        "price": 0.9,
        "unitPrice": "$0.90 / 100G"
    },
    {
        "category": "specials",
        "href": "https://www.woolworths.com.au/shop/productdetails/333233/only-organic-snack-mini-yoghurt-rice-cakes",
        "imgName": "333233.jpg",
        "imgSrc": "https://cdn0.woolworths.media/content/wowproductimages/medium/333233.jpg",
        "name": "Only Organic Snack Mini Yoghurt Rice Cakes 60g",
        "price": 4.55,
        "special": 3.5,
        "unitPrice": "$5.83 / 100G"
    },
    {
        "category": "specials",
        "href": "https://www.woolworths.com.au/shop/productdetails/352411/colgate-sensitive-pro-relief-whitening-toothpaste",
        "imgName": "352411.jpg",
        "imgSrc": "https://cdn0.woolworths.media/content/wowproductimages/medium/352411.jpg",
        "name": "Colgate Sensitive Pro Relief Whitening Toothpaste 110g",
        "price": 10,
        "special": 9,
        "unitPrice": "$8.18 / 100G"
    },
    {
        "category": "specials",
        "href": "https://www.woolworths.com.au/shop/productdetails/352874/nature-s-way-protein-figure-shake-mix-vanilla",
        "imgName": "352874.jpg",
        "imgSrc": "https://cdn0.woolworths.media/content/wowproductimages/medium/352874.jpg",
        "name": "Nature's Way Protein Figure Shake Mix Vanilla 400g",
        "price": 26,
        "special": 19.5,
        "unitPrice": "$4.88 / 100G"
    },
    {
        "category": "specials",
        "href": "https://www.woolworths.com.au/shop/productdetails/347508/de-costi-fresh-squid-salt-pepper",
        "imgName": "347508.jpg",
        "imgSrc": "https://cdn0.woolworths.media/content/wowproductimages/medium/347508.jpg",
        "name": "De Costi Fresh Squid Salt & Pepper 270g",
        "price": 8,
        "special": 7,
        "unitPrice": "$25.93 / 1KG"
    },
    {
        "category": "specials",
        "href": "https://www.woolworths.com.au/shop/productdetails/339361/ajax-multipurpose-lemon-citrus-5-in-1-trigger",
        "imgName": "339361.jpg",
        "imgSrc": "https://cdn0.woolworths.media/content/wowproductimages/medium/339361.jpg",
        "name": "Ajax Multipurpose Lemon Citrus 5 In 1 Trigger 500ml",
        "price": 3,
        "unitPrice": "$0.60 / 100ML"
    },
    {
        "category": "specials",
        "href": "https://www.woolworths.com.au/shop/productdetails/480197/the-bar-counter-dark-chocolate-almond-bar-high-protein",
        "imgName": "480197.jpg",
        "imgSrc": "https://cdn0.woolworths.media/content/wowproductimages/medium/480197.jpg",
        "name": "The Bar Counter Dark Chocolate Almond Bar High Protein 40g",
        "price": 2.59,
        "special": 1.95,
        "unitPrice": "$4.88 / 100G"
    },
    {
        "category": "specials",
        "href": "https://www.woolworths.com.au/shop/productdetails/482402/dettol-profresh-shower-gel-honey-glow",
        "imgName": "482402.jpg",
        "imgSrc": "https://cdn0.woolworths.media/content/wowproductimages/medium/482402.jpg",
        "name": "Dettol Profresh Shower Gel Honey Glow 950ml",
        "price": 8.5,
        "unitPrice": "$0.89 / 100ML"
    },
    {
        "category": "specials",
        "href": "https://www.woolworths.com.au/shop/productdetails/407231/heinz-dairy-snack-pouch-vanilla-custard",
        "imgName": "407231.jpg",
        "imgSrc": "https://cdn0.woolworths.media/content/wowproductimages/medium/407231.jpg",
        "name": "Heinz Dairy Snack Pouch Vanilla Custard 120g",
        "price": 1.5,
        "unitPrice": "$1.25 / 100G"
    },
    {
        "category": "specials",
        "href": "https://www.woolworths.com.au/shop/productdetails/519551/farmers-market-adult-dog-food-lamb-carrots-beans",
        "imgName": "519551.jpg",
        "imgSrc": "https://cdn0.woolworths.media/content/wowproductimages/medium/519551.jpg",
        "name": "Farmers Market Adult Dog Food Lamb Carrots & Beans 100g",
        "price": 1.5,
        "special": 1,
        "unitPrice": "$1.00 / 100G"
    },
    {
        "category": "specials",
        "href": "https://www.woolworths.com.au/shop/productdetails/425950/dilmah-green-tea-morrocan-mint",
        "imgName": "425950.jpg",
        "imgSrc": "https://cdn0.woolworths.media/content/wowproductimages/medium/425950.jpg",
        "name": "Dilmah Green Tea Morrocan Mint 20pk",
        "price": 3.7,
        "special": 2,
        "unitPrice": "$0.10 / 1EA"
    },
    {
        "category": "specials",
        "href": "https://www.woolworths.com.au/shop/productdetails/425288/biozet-attack-front-top-loader-regular-laundry-liquid",
        "imgName": "425288.jpg",
        "imgSrc": "https://cdn0.woolworths.media/content/wowproductimages/medium/425288.jpg",
        "name": "Biozet Attack Front & Top Loader Regular Laundry Liquid 2l",
        "price": 19.99,
        "special": 9.99,
        "unitPrice": "$5.00 / 1L"
    },
    {
        "category": "specials",
        "href": "https://www.woolworths.com.au/shop/productdetails/465111/always-fresh-baby-beetroots-whole",
        "imgName": "465111.jpg",
        "imgSrc": "https://cdn0.woolworths.media/content/wowproductimages/medium/465111.jpg",
        "name": "Always Fresh Baby Beetroots Whole 460g",
        "price": 3.3,
        "special": 2.8,
        "unitPrice": "$6.09 / 1KG"
    },
    {
        "category": "specials",
        "href": "https://www.woolworths.com.au/shop/productdetails/332283/strepsils-lozenges-orange",
        "imgName": "332283.jpg",
        "imgSrc": "https://cdn0.woolworths.media/content/wowproductimages/medium/332283.jpg",
        "name": "Strepsils Lozenges Orange 16pk",
        "price": 5.5,
        "unitPrice": "$0.34 / 1EA"
    },
    {
        "category": "specials",
        "href": "https://www.woolworths.com.au/shop/productdetails/362691/heinz-simply-food-6-months-banana-custard",
        "imgName": "362691.jpg",
        "imgSrc": "https://cdn0.woolworths.media/content/wowproductimages/medium/362691.jpg",
        "name": "Heinz Simply Food 6 Months Banana Custard 120g",
        "price": 1.5,
        "unitPrice": "$1.25 / 100G"
    },
    {
        "category": "specials",
        "href": "https://www.woolworths.com.au/shop/productdetails/414926/heinz-egg-custard-jar",
        "imgName": "414926.jpg",
        "imgSrc": "https://cdn0.woolworths.media/content/wowproductimages/medium/414926.jpg",
        "name": "Heinz Egg Custard Jar 110g",
        "price": 1,
        "unitPrice": "$0.91 / 100G"
    },
    {
        "category": "specials",
        "href": "https://www.woolworths.com.au/shop/productdetails/480224/your-majesty-cat-food-fine-tuna-flakes",
        "imgName": "480224.jpg",
        "imgSrc": "https://cdn0.woolworths.media/content/wowproductimages/medium/480224.jpg",
        "name": "Your Majesty Cat Food Fine Tuna Flakes 85g",
        "price": 0.7,
        "unitPrice": "$0.82 / 100G"
    },
    {
        "category": "specials",
        "href": "https://www.woolworths.com.au/shop/productdetails/477112/freedom-crunchola-choc-chip-bars",
        "imgName": "477112.jpg",
        "imgSrc": "https://cdn0.woolworths.media/content/wowproductimages/medium/477112.jpg",
        "name": "Freedom Crunchola Choc Chip Bars  210g",
        "price": 3,
        "unitPrice": "$1.43 / 100G"
    },
    {
        "category": "specials",
        "href": "https://www.woolworths.com.au/shop/productdetails/478163/freedom-foods-crafted-blend-clusters-pear-almond-vanilla",
        "imgName": "478163.jpg",
        "imgSrc": "https://cdn0.woolworths.media/content/wowproductimages/medium/478163.jpg",
        "name": "Freedom Foods Crafted Blend Clusters Pear Almond & Vanilla 350g",
        "price": 5.5,
        "special": 3.5,
        "unitPrice": "$1.00 / 100G"
    },
    {
        "category": "specials",
        "href": "https://www.woolworths.com.au/shop/productdetails/460572/m-m-s-peanut",
        "imgName": "460572.jpg",
        "imgSrc": "https://cdn0.woolworths.media/content/wowproductimages/medium/460572.jpg",
        "name": "M&m's Peanut  345g bag",
        "price": 6.7,
        "special": 5,
        "unitPrice": "$1.45 / 100G"
    },
    {
        "category": "specials",
        "href": "https://www.woolworths.com.au/shop/productdetails/463195/sunsilk-biotin-shampoo-longer-stronger",
        "imgName": "463195.jpg",
        "imgSrc": "https://cdn0.woolworths.media/content/wowproductimages/medium/463195.jpg",
        "name": "Sunsilk Biotin Shampoo Longer & Stronger 700ml",
        "price": 10,
        "special": 7,
        "unitPrice": "$1.00 / 100ML"
    },
    {
        "category": "specials",
        "href": "https://www.woolworths.com.au/shop/productdetails/369982/wrigley-s-eclipse-sugarfree-mints-intense",
        "imgName": "369982.jpg",
        "imgSrc": "https://cdn0.woolworths.media/content/wowproductimages/medium/369982.jpg",
        "name": "Wrigley's Eclipse Sugarfree Mints Intense 34g",
        "price": 2.6,
        "special": 2,
        "unitPrice": "$5.88 / 100G"
    },
    {
        "category": "specials",
        "href": "https://www.woolworths.com.au/shop/productdetails/381344/d-orsogna-tasty-sticks-mild",
        "imgName": "381344.jpg",
        "imgSrc": "https://cdn0.woolworths.media/content/wowproductimages/medium/381344.jpg",
        "name": "D'orsogna Tasty Sticks Mild per kg",
        "price": 20,
        "special": 15,
        "unitPrice": "$15.00 / 1KG"
    },
    {
        "category": "specials",
        "href": "https://www.woolworths.com.au/shop/productdetails/380578/primo-middle-bacon-rashers-middle-rashers",
        "imgName": "380578.jpg",
        "imgSrc": "https://cdn0.woolworths.media/content/wowproductimages/medium/380578.jpg",
        "name": "Primo Middle Bacon Rashers Middle Rashers 250g",
        "price": 5,
        "unitPrice": "$20.00 / 1KG"
    },
    {
        "category": "specials",
        "href": "https://www.woolworths.com.au/shop/productdetails/441564/finish-dishwashing-tablets-all-in-1",
        "imgName": "441564.jpg",
        "imgSrc": "https://cdn0.woolworths.media/content/wowproductimages/medium/441564.jpg",
        "name": "Finish Dishwashing Tablets All In 1 55pk",
        "price": 20,
        "unitPrice": "$0.36 / 1EA"
    },
    {
        "category": "specials",
        "href": "https://www.woolworths.com.au/shop/productdetails/434071/heinz-soup-vegetable-lentil-paprika",
        "imgName": "434071.jpg",
        "imgSrc": "https://cdn0.woolworths.media/content/wowproductimages/medium/434071.jpg",
        "name": "Heinz Soup Vegetable Lentil Paprika 300g",
        "price": 2,
        "unitPrice": "$0.67 / 100G"
    },
    {
        "category": "specials",
        "href": "https://www.woolworths.com.au/shop/productdetails/532198/cenovis-once-daily-men-s-multi-vitamins-mineral",
        "imgName": "532198.jpg",
        "imgSrc": "https://cdn0.woolworths.media/content/wowproductimages/medium/532198.jpg",
        "name": "Cenovis Once Daily Men's Multi Vitamins & Mineral 100pk",
        "price": 20,
        "unitPrice": "$20.00 / 100EA"
    },
    {
        "category": "specials",
        "href": "https://www.woolworths.com.au/shop/productdetails/557951/platinum-powder-brush",
        "imgName": "557951.jpg",
        "imgSrc": "https://cdn0.woolworths.media/content/wowproductimages/medium/557951.jpg",
        "name": "Platinum Powder Brush each",
        "price": 20,
        "special": 13.9,
        "unitPrice": "$13.90 / 1EA"
    },
    {
        "category": "specials",
        "href": "https://www.woolworths.com.au/shop/productdetails/480933/baxter-s-dog-food-loaf-five-meats",
        "imgName": "480933.jpg",
        "imgSrc": "https://cdn0.woolworths.media/content/wowproductimages/medium/480933.jpg",
        "name": "Baxter's Dog Food Loaf Five Meats 1.2kg",
        "price": 2.4,
        "unitPrice": "$0.20 / 100G"
    },
    {
        "category": "specials",
        "href": "https://www.woolworths.com.au/shop/productdetails/481087/smitten-cat-food-chicken-salmon-tuna",
        "imgName": "481087.jpg",
        "imgSrc": "https://cdn0.woolworths.media/content/wowproductimages/medium/481087.jpg",
        "name": "Smitten Cat Food Chicken Salmon & Tuna 1kg",
        "price": 2.8,
        "unitPrice": "$0.28 / 100G"
    },
    {
        "category": "specials",
        "href": "https://www.woolworths.com.au/shop/productdetails/543767/red-rock-deli-dip-rocket-parmesan",
        "imgName": "543767.jpg",
        "imgSrc": "https://cdn0.woolworths.media/content/wowproductimages/medium/543767.jpg",
        "name": "Red Rock Deli Dip Rocket & Parmesan 150g",
        "price": 4.6,
        "special": 4,
        "unitPrice": "$2.67 / 100G"
    },
    {
        "category": "specials",
        "href": "https://www.woolworths.com.au/shop/productdetails/519074/nicorette-quit-smoking-gum-icy-mint-reg-strength-2mg",
        "imgName": "519074.jpg",
        "imgSrc": "https://cdn0.woolworths.media/content/wowproductimages/medium/519074.jpg",
        "name": "Nicorette Quit Smoking Gum  Icy Mint Reg Strength 2mg 150pk"
    },
    {
        "category": "specials",
        "href": "https://www.woolworths.com.au/shop/productdetails/659889/bonds-guy-front-trunk-size-l",
        "imgName": "659889.jpg",
        "imgSrc": "https://cdn0.woolworths.media/content/wowproductimages/medium/659889.jpg",
        "name": "Bonds Guy Front Trunk Size L each",
        "price": 24,
        "special": 12
    },
    {
        "category": "specials",
        "href": "https://www.woolworths.com.au/shop/productdetails/490242/garnier-fructis-hair-mask-grow-strong",
        "imgName": "490242.jpg",
        "imgSrc": "https://cdn0.woolworths.media/content/wowproductimages/medium/490242.jpg",
        "name": "Garnier Fructis Hair Mask Grow Strong 300ml",
        "price": 8.95,
        "special": 6.7,
        "unitPrice": "$2.23 / 100ML"
    },
    {
        "category": "specials",
        "href": "https://www.woolworths.com.au/shop/productdetails/491219/mars-teasers-frozen-bars",
        "imgName": "491219.jpg",
        "imgSrc": "https://cdn0.woolworths.media/content/wowproductimages/medium/491219.jpg",
        "name": "Mars Teasers Frozen Bars 4pk 360ml",
        "price": 8,
        "special": 5,
        "unitPrice": "$1.39 / 100ML"
    },
    {
        "category": "specials",
        "href": "https://www.woolworths.com.au/shop/productdetails/651049/alt-mixed-berry-apple-soft-drink",
        "imgName": "651049.jpg",
        "imgSrc": "https://cdn0.woolworths.media/content/wowproductimages/medium/651049.jpg",
        "name": "Alt Mixed Berry & Apple Soft Drink 1l",
        "price": 2.45,
        "unitPrice": "$2.45 / 1L"
    },
    {
        "category": "specials",
        "href": "https://www.woolworths.com.au/shop/productdetails/507997/alka-power-alkaline-water",
        "imgName": "507997.jpg",
        "imgSrc": "https://cdn0.woolworths.media/content/wowproductimages/medium/507997.jpg",
        "name": "Alka Power Alkaline Water  1.5l bottle",
        "price": 3.5,
        "special": 3.1,
        "unitPrice": "$0.21 / 100ML"
    },
    {
        "category": "specials",
        "href": "https://www.woolworths.com.au/shop/productdetails/486420/tresemme-botanique-shampoo-damage-recovery",
        "imgName": "486420.jpg",
        "imgSrc": "https://cdn0.woolworths.media/content/wowproductimages/medium/486420.jpg",
        "name": "Tresemme Botanique Shampoo Damage Recovery 390ml",
        "price": 7,
        "special": 5,
        "unitPrice": "$1.28 / 100ML"
    },
    {
        "category": "specials",
        "href": "https://www.woolworths.com.au/shop/productdetails/642588/aqualove-alkaline-water",
        "imgName": "642588.jpg",
        "imgSrc": "https://cdn0.woolworths.media/content/wowproductimages/medium/642588.jpg",
        "name": "Aqualove Alkaline Water  1l",
        "price": 3.15,
        "special": 2.65,
        "unitPrice": "$2.65 / 1L"
    },
    {
        "category": "specials",
        "href": "https://www.woolworths.com.au/shop/productdetails/667691/uncle-tobys-farmers-pick-dark-choc-raspberry-cashew",
        "imgName": "667691.jpg",
        "imgSrc": "https://cdn0.woolworths.media/content/wowproductimages/medium/667691.jpg",
        "name": "Uncle Tobys Farmers Pick Dark Choc Raspberry & Cashew 175g",
        "price": 5.5,
        "special": 4,
        "unitPrice": "$2.29 / 100G"
    },
    {
        "category": "specials",
        "href": "https://www.woolworths.com.au/shop/productdetails/589528/olay-complete-lotion-uv-moisturising-lotion-spf-25",
        "imgName": "589528.jpg",
        "imgSrc": "https://cdn0.woolworths.media/content/wowproductimages/medium/589528.jpg",
        "name": "Olay Complete Lotion Uv Moisturising Lotion Spf 25 75ml",
        "price": 14.99,
        "special": 7.49,
        "unitPrice": "$9.99 / 100ML"
    },
    {
        "category": "specials",
        "href": "https://www.woolworths.com.au/shop/productdetails/639494/oreo-milk-chocolate-wafer-sticks",
        "imgName": "639494.jpg",
        "imgSrc": "https://cdn0.woolworths.media/content/wowproductimages/medium/639494.jpg",
        "name": "Oreo Milk Chocolate Wafer Sticks 27pk 345g",
        "price": 5.8,
        "unitPrice": "$1.68 / 100G"
    },
    {
        "category": "specials",
        "href": "https://www.woolworths.com.au/shop/productdetails/660182/bonds-full-brief-comfytails-side-seam-free-size-14",
        "imgName": "660182.jpg",
        "imgSrc": "https://cdn0.woolworths.media/content/wowproductimages/medium/660182.jpg",
        "name": "Bonds Full Brief Comfytails Side Seam Free Size 14 2pk",
        "price": 22,
        "special": 11
    },
    {
        "category": "specials",
        "href": "https://www.woolworths.com.au/shop/productdetails/660225/bonds-full-brief-comfytails-side-seam-free-size-10",
        "imgName": "660225.jpg",
        "imgSrc": "https://cdn0.woolworths.media/content/wowproductimages/medium/660225.jpg",
        "name": "Bonds Full Brief Comfytails Side Seam Free Size 10 2pk",
        "price": 22,
        "special": 11
    },
    {
        "category": "specials",
        "href": "https://www.woolworths.com.au/shop/productdetails/647225/gold-indulgent-vanilla-bean-cream",
        "imgName": "647225.jpg",
        "imgSrc": "https://cdn0.woolworths.media/content/wowproductimages/medium/647225.jpg",
        "name": "Gold Indulgent Vanilla Bean Cream 250g",
        "price": 5,
        "special": 4,
        "unitPrice": "$1.60 / 100G"
    },
    {
        "category": "specials",
        "href": "https://www.woolworths.com.au/shop/productdetails/706627/macro-organic-quinoa-flakes",
        "imgName": "706627.jpg",
        "imgSrc": "https://cdn0.woolworths.media/content/wowproductimages/medium/706627.jpg",
        "name": "Macro Organic Quinoa Flakes 350g",
        "price": 7,
        "unitPrice": "$2.00 / 100G"
    },
    {
        "category": "specials",
        "href": "https://www.woolworths.com.au/shop/productdetails/740742/calci-yum-kids-squeezie-banana-yoghurt",
        "imgName": "740742.jpg",
        "imgSrc": "https://cdn0.woolworths.media/content/wowproductimages/medium/740742.jpg",
        "name": "Calci Yum Kids Squeezie Banana Yoghurt 70g",
        "price": 1,
        "unitPrice": "$1.43 / 100G"
    },
    {
        "category": "specials",
        "href": "https://www.woolworths.com.au/shop/productdetails/725820/woolworths-chips-crinkle-cut-roast-chicken",
        "imgName": "725820.jpg",
        "imgSrc": "https://cdn0.woolworths.media/content/wowproductimages/medium/725820.jpg",
        "name": "Woolworths Chips Crinkle Cut Roast Chicken 175g",
        "price": 1.8,
        "unitPrice": "$1.03 / 100G"
    },
    {
        "category": "specials",
        "href": "https://www.woolworths.com.au/shop/productdetails/726280/woolworths-almonds-flaked",
        "imgName": "726280.jpg",
        "imgSrc": "https://cdn0.woolworths.media/content/wowproductimages/medium/726280.jpg",
        "name": "Woolworths Almonds Flaked 120g",
        "price": 4,
        "special": 3.5,
        "unitPrice": "$29.17 / 1KG"
    },
    {
        "category": "specials",
        "href": "https://www.woolworths.com.au/shop/productdetails/694852/woolworths-frozen-meal-linguine-carbonara",
        "imgName": "694852.jpg",
        "imgSrc": "https://cdn0.woolworths.media/content/wowproductimages/medium/694852.jpg",
        "name": "Woolworths Frozen Meal Linguine Carbonara 375g",
        "price": 3,
        "unitPrice": "$0.80 / 100G"
    },
    {
        "category": "specials",
        "href": "https://www.woolworths.com.au/shop/productdetails/657237/schmackos-chomp-n-chew-peanut-butter-chicken-small",
        "imgName": "657237.jpg",
        "imgSrc": "https://cdn0.woolworths.media/content/wowproductimages/medium/657237.jpg",
        "name": "Schmackos Chomp N Chew Peanut Butter & Chicken Small 30g",
        "price": 3.7,
        "unitPrice": "$12.33 / 100G"
    },
    {
        "category": "specials",
        "href": "https://www.woolworths.com.au/shop/productdetails/716955/bow-wow-treat-pork-bone-with-rind",
        "imgName": "716955.jpg",
        "imgSrc": "https://cdn0.woolworths.media/content/wowproductimages/medium/716955.jpg",
        "name": "Bow Wow Treat Pork Bone With Rind 1ea",
        "price": 3.69,
        "special": 3.3
    },
    {
        "category": "specials",
        "href": "https://www.woolworths.com.au/shop/productdetails/726139/sistema-plasticware-shaker-to-go",
        "imgName": "726139.jpg",
        "imgSrc": "https://cdn0.woolworths.media/content/wowproductimages/medium/726139.jpg",
        "name": "Sistema Plasticware Shaker To Go each",
        "price": 8.99,
        "special": 4.49
    },
    {
        "category": "specials",
        "href": "https://www.woolworths.com.au/shop/productdetails/693777/woolworths-potato-wedges",
        "imgName": "693777.jpg",
        "imgSrc": "https://cdn0.woolworths.media/content/wowproductimages/medium/693777.jpg",
        "name": "Woolworths Potato Wedges  750g",
        "price": 2,
        "unitPrice": "$2.67 / 1KG"
    },
    {
        "category": "specials",
        "href": "https://www.woolworths.com.au/shop/productdetails/731818/bow-wow-treat-pig-ears-longer-chew",
        "imgName": "731818.jpg",
        "imgSrc": "https://cdn0.woolworths.media/content/wowproductimages/medium/731818.jpg",
        "name": "Bow Wow Treat Pig Ears Longer Chew 300g",
        "price": 18.99,
        "special": 16,
        "unitPrice": "$5.33 / 100G"
    },
    {
        "category": "specials",
        "href": "https://www.woolworths.com.au/shop/productdetails/713567/baby-macro-organic-4-months-apple-pear-banana-mango",
        "imgName": "713567.jpg",
        "imgSrc": "https://cdn0.woolworths.media/content/wowproductimages/medium/713567.jpg",
        "name": "Baby Macro Organic 4 Months+ Apple Pear Banana & Mango 120g",
        "price": 1.5,
        "unitPrice": "$1.25 / 100G"
    },
    {
        "category": "specials",
        "href": "https://www.woolworths.com.au/shop/productdetails/728628/rose-s-strawberry-conserve",
        "imgName": "728628.jpg",
        "imgSrc": "https://cdn0.woolworths.media/content/wowproductimages/medium/728628.jpg",
        "name": "Rose's Strawberry Conserve 500g",
        "price": 3.85,
        "unitPrice": "$0.77 / 100G"
    },
    {
        "category": "specials",
        "href": "https://www.woolworths.com.au/shop/productdetails/711380/babylove-nappy-pants-jumbo-junior-15-25kg",
        "imgName": "711380.jpg",
        "imgSrc": "https://cdn0.woolworths.media/content/wowproductimages/medium/711380.jpg",
        "name": "Babylove Nappy Pants Jumbo Junior 15-25kg 42pk",
        "price": 27,
        "unitPrice": "$0.64 / 1EA"
    },
    {
        "category": "specials",
        "href": "https://www.woolworths.com.au/shop/productdetails/721284/madfish-gold-turtle-merlot-cabernet",
        "imgName": "721284.jpg",
        "imgSrc": "https://cdn0.woolworths.media/content/wowproductimages/medium/721284.jpg",
        "name": "Madfish Gold Turtle Merlot Cabernet 750ml",
        "price": 22,
        "special": 16
    },
    {
        "category": "specials",
        "href": "https://www.woolworths.com.au/shop/productdetails/717519/la-famiglia-garlic-bread-sourdough",
        "imgName": "717519.jpg",
        "imgSrc": "https://cdn0.woolworths.media/content/wowproductimages/medium/717519.jpg",
        "name": "La Famiglia Garlic Bread Sourdough 480g",
        "price": 6.3,
        "special": 5,
        "unitPrice": "$1.04 / 100G"
    },
    {
        "category": "specials",
        "href": "https://www.woolworths.com.au/shop/productdetails/717508/five-am-organic-honey-cinnamon-yoghurt",
        "imgName": "717508.jpg",
        "imgSrc": "https://cdn0.woolworths.media/content/wowproductimages/medium/717508.jpg",
        "name": "Five:am Organic Honey & Cinnamon Yoghurt 700g",
        "price": 6,
        "unitPrice": "$0.86 / 100G"
    },
    {
        "category": "specials",
        "href": "https://www.woolworths.com.au/shop/productdetails/705863/fancy-feast-adult-cat-food-ocean-platter",
        "imgName": "705863.jpg",
        "imgSrc": "https://cdn0.woolworths.media/content/wowproductimages/medium/705863.jpg",
        "name": "Fancy Feast Adult Cat Food Ocean Platter 85g"
    },
    {
        "category": "specials",
        "href": "https://www.woolworths.com.au/shop/productdetails/622785/maybelline-color-senstational-vivid-matte-liquid-lipstick-cranberry",
        "imgName": "622785.jpg",
        "imgSrc": "https://cdn0.woolworths.media/content/wowproductimages/medium/622785.jpg",
        "name": "Maybelline Color Senstational Vivid Matte Liquid Lipstick Cranberry 7.7ml",
        "price": 17.95,
        "special": 12.55,
        "unitPrice": "$16.30 / 10ML"
    },
    {
        "category": "specials",
        "href": "https://www.woolworths.com.au/shop/productdetails/704104/colgate-total-plus-toothpaste-whitening",
        "imgName": "704104.jpg",
        "imgSrc": "https://cdn0.woolworths.media/content/wowproductimages/medium/704104.jpg",
        "name": "Colgate Total Plus Toothpaste Whitening 190g",
        "price": 7,
        "special": 6,
        "unitPrice": "$3.16 / 100G"
    },
    {
        "category": "specials",
        "href": "https://www.woolworths.com.au/shop/productdetails/708659/heinz-food-8-months-chicken-vegetable-risotto",
        "imgName": "708659.jpg",
        "imgSrc": "https://cdn0.woolworths.media/content/wowproductimages/medium/708659.jpg",
        "name": "Heinz Food 8 Months Chicken & Vegetable Risotto 170g",
        "price": 1.5,
        "unitPrice": "$0.88 / 100G"
    },
    {
        "category": "specials",
        "href": "https://www.woolworths.com.au/shop/productdetails/750522/heinz-soup-of-the-day-soup-pouch-mushroom-with-a-hint-of-thyme",
        "imgName": "750522.jpg",
        "imgSrc": "https://cdn0.woolworths.media/content/wowproductimages/medium/750522.jpg",
        "name": "Heinz Soup Of The Day Soup Pouch Mushroom With A Hint Of Thyme 430g",
        "price": 3,
        "unitPrice": "$0.70 / 100G"
    },
    {
        "category": "specials",
        "href": "https://www.woolworths.com.au/shop/productdetails/744053/amoy-sauce-light-soy",
        "imgName": "744053.jpg",
        "imgSrc": "https://cdn0.woolworths.media/content/wowproductimages/medium/744053.jpg",
        "name": "Amoy Sauce Light Soy 500ml",
        "price": 3.7,
        "special": 2.95,
        "unitPrice": "$0.59 / 100ML"
    },
    {
        "category": "specials",
        "href": "https://www.woolworths.com.au/shop/productdetails/780467/tiger-balm-neck-shoulder-rub",
        "imgName": "780467.jpg",
        "imgSrc": "https://cdn0.woolworths.media/content/wowproductimages/medium/780467.jpg",
        "name": "Tiger Balm Neck & Shoulder Rub  50g",
        "price": 11,
        "special": 8.5,
        "unitPrice": "$17.00 / 100G"
    },
    {
        "category": "specials",
        "href": "https://www.woolworths.com.au/shop/productdetails/769144/schwarzkopf-live-colour-ultra-brights-purple",
        "imgName": "769144.jpg",
        "imgSrc": "https://cdn0.woolworths.media/content/wowproductimages/medium/769144.jpg",
        "name": "Schwarzkopf Live Colour Ultra Brights Purple each",
        "price": 5.5,
        "special": 4
    },
    {
        "category": "specials",
        "href": "https://www.woolworths.com.au/shop/productdetails/769307/harris-signature-blend-coffee-beans",
        "imgName": "769307.jpg",
        "imgSrc": "https://cdn0.woolworths.media/content/wowproductimages/medium/769307.jpg",
        "name": "Harris Signature Blend Coffee Beans 1kg",
        "price": 18,
        "unitPrice": "$1.80 / 100G"
    },
    {
        "category": "specials",
        "href": "https://www.woolworths.com.au/shop/productdetails/758875/bonds-underwear-hi-leg-plain",
        "imgName": "758875.jpg",
        "imgSrc": "https://cdn0.woolworths.media/content/wowproductimages/medium/758875.jpg",
        "name": "Bonds Underwear Hi Leg Plain 10",
        "price": 13,
        "special": 6.5
    },
    {
        "category": "specials",
        "href": "https://www.woolworths.com.au/shop/productdetails/762980/woolworths-select-razor-womens-fleur-razor-plus-2-cart",
        "imgName": "762980.jpg",
        "imgSrc": "https://cdn0.woolworths.media/content/wowproductimages/medium/762980.jpg",
        "name": "Woolworths Select Razor Womens Fleur Razor Plus 2 Cart each",
        "price": 6.5,
        "unitPrice": "$6.50 / 1EA"
    },
    {
        "category": "specials",
        "href": "https://www.woolworths.com.au/shop/productdetails/727076/fancy-feast-royale-adult-cat-food-surimi-prawn-broth",
        "imgName": "727076.jpg",
        "imgSrc": "https://cdn0.woolworths.media/content/wowproductimages/medium/727076.jpg",
        "name": "Fancy Feast Royale Adult Cat Food Surimi Prawn Broth 4x40g",
        "price": 4.45,
        "special": 4,
        "unitPrice": "$2.50 / 100G"
    },
    {
        "category": "specials",
        "href": "https://www.woolworths.com.au/shop/productdetails/724670/huggies-ultra-dry-nappies-crawler-6-11kg-boy",
        "imgName": "724670.jpg",
        "imgSrc": "https://cdn0.woolworths.media/content/wowproductimages/medium/724670.jpg",
        "name": "Huggies Ultra Dry Nappies Crawler 6-11kg Boy 90pk jumbo",
        "price": 33,
        "special": 28,
        "unitPrice": "$0.31 / 1EA"
    },
    {
        "category": "specials",
        "href": "https://www.woolworths.com.au/shop/productdetails/772021/saxa-natural-pink-himalayan-salt-grinder",
        "imgName": "772021.jpg",
        "imgSrc": "https://cdn0.woolworths.media/content/wowproductimages/medium/772021.jpg",
        "name": "Saxa Natural Pink Himalayan Salt Grinder 95g",
        "price": 5.5,
        "special": 4,
        "unitPrice": "$0.42 / 10G"
    },
    {
        "category": "specials",
        "href": "https://www.woolworths.com.au/shop/productdetails/755334/brite-organix-semi-permanent-hair-colour-pink",
        "imgName": "755334.jpg",
        "imgSrc": "https://cdn0.woolworths.media/content/wowproductimages/medium/755334.jpg",
        "name": "Brite Organix Semi Permanent Hair Colour Pink 75ml",
        "price": 10,
        "special": 8,
        "unitPrice": "$10.67 / 100ML"
    },
    {
        "category": "specials",
        "href": "https://www.woolworths.com.au/shop/productdetails/753975/garnier-olia-4-0-dark-brown",
        "imgName": "753975.jpg",
        "imgSrc": "https://cdn0.woolworths.media/content/wowproductimages/medium/753975.jpg",
        "name": "Garnier Olia 4.0 Dark Brown 1pk",
        "price": 17,
        "special": 12
    },
    {
        "category": "specials",
        "href": "https://www.woolworths.com.au/shop/productdetails/759171/bonds-ladies-underwear-hipster-bikini-fashion-size-12",
        "imgName": "759171.jpg",
        "imgSrc": "https://cdn0.woolworths.media/content/wowproductimages/medium/759171.jpg",
        "name": "Bonds Ladies Underwear Hipster Bikini Fashion Size 12 2pk",
        "price": 18,
        "special": 9
    },
    {
        "category": "specials",
        "href": "https://www.woolworths.com.au/shop/productdetails/779231/mitchum-men-s-deodorant-roll-on-clinical-sport",
        "imgName": "779231.jpg",
        "imgSrc": "https://cdn0.woolworths.media/content/wowproductimages/medium/779231.jpg",
        "name": "Mitchum Men's Deodorant Roll On Clinical Sport 45g",
        "price": 10,
        "unitPrice": "$22.22 / 100G"
    },
    {
        "category": "specials",
        "href": "https://www.woolworths.com.au/shop/productdetails/839605/only-organic-banana-biscotti",
        "imgName": "839605.jpg",
        "imgSrc": "https://cdn0.woolworths.media/content/wowproductimages/medium/839605.jpg",
        "name": "Only Organic Banana Biscotti  100g",
        "price": 3.99,
        "special": 2.7,
        "unitPrice": "$2.70 / 100G"
    },
    {
        "category": "specials",
        "href": "https://www.woolworths.com.au/shop/productdetails/766035/scunci-volume-curls-appliance-hair-dryer-style-set",
        "imgName": "766035.jpg",
        "imgSrc": "https://cdn0.woolworths.media/content/wowproductimages/medium/766035.jpg",
        "name": "Scunci Volume & Curls Appliance Hair Dryer Style Set each",
        "price": 25,
        "special": 20
    },
    {
        "category": "specials",
        "href": "https://www.woolworths.com.au/shop/productdetails/827726/nature-s-own-high-strngth-garlic-10000mg",
        "imgName": "827726.jpg",
        "imgSrc": "https://cdn0.woolworths.media/content/wowproductimages/medium/827726.jpg",
        "name": "Nature's Own High Strngth Garlic 10000mg 50pk",
        "price": 10,
        "unitPrice": "$20.00 / 100EA"
    },
    {
        "category": "specials",
        "href": "https://www.woolworths.com.au/shop/productdetails/827577/uncle-tobys-plus-with-iron",
        "imgName": "827577.jpg",
        "imgSrc": "https://cdn0.woolworths.media/content/wowproductimages/medium/827577.jpg",
        "name": "Uncle Tobys Plus With Iron 410g",
        "price": 4.49,
        "special": 3,
        "unitPrice": "$0.73 / 100G"
    },
    {
        "category": "specials",
        "href": "https://www.woolworths.com.au/shop/productdetails/793231/olay-regenerist-luminous-brightening-cream-cleanser",
        "imgName": "793231.jpg",
        "imgSrc": "https://cdn0.woolworths.media/content/wowproductimages/medium/793231.jpg",
        "name": "Olay Regenerist Luminous Brightening Cream Cleanser 100g",
        "price": 15.99,
        "special": 7.99,
        "unitPrice": "$7.99 / 100G"
    },
    {
        "category": "specials",
        "href": "https://www.woolworths.com.au/shop/productdetails/786887/sunrice-chinese-sweet-sour-chicken-with-rice",
        "imgName": "786887.jpg",
        "imgSrc": "https://cdn0.woolworths.media/content/wowproductimages/medium/786887.jpg",
        "name": "Sunrice Chinese Sweet & Sour Chicken With Rice 350g",
        "price": 4.5,
        "unitPrice": "$1.29 / 100G"
    },
    {
        "category": "specials",
        "href": "https://www.woolworths.com.au/shop/productdetails/856315/safcol-sweet-onion-tomato-salmon-meal",
        "imgName": "856315.jpg",
        "imgSrc": "https://cdn0.woolworths.media/content/wowproductimages/medium/856315.jpg",
        "name": "Safcol Sweet Onion & Tomato Salmon Meal 110g",
        "price": 2,
        "unitPrice": "$18.18 / 1KG"
    },
    {
        "category": "specials",
        "href": "https://www.woolworths.com.au/shop/productdetails/854117/woolworths-essentials-whisk-metal-with-nylon-handle",
        "imgName": "854117.jpg",
        "imgSrc": "https://cdn0.woolworths.media/content/wowproductimages/medium/854117.jpg",
        "name": "Woolworths Essentials Whisk Metal With Nylon Handle each",
        "price": 2
    },
    {
        "category": "specials",
        "href": "https://www.woolworths.com.au/shop/productdetails/793174/biore-cleanser-deep-pore-charcoal",
        "imgName": "793174.jpg",
        "imgSrc": "https://cdn0.woolworths.media/content/wowproductimages/medium/793174.jpg",
        "name": "Biore Cleanser Deep Pore Charcoal 200ml",
        "price": 10.99,
        "special": 7.65,
        "unitPrice": "$3.83 / 100ML"
    },
    {
        "category": "specials",
        "href": "https://www.woolworths.com.au/shop/productdetails/827949/woolworths-select-protect-regular-absorbent-pads-with-wings",
        "imgName": "827949.jpg",
        "imgSrc": "https://cdn0.woolworths.media/content/wowproductimages/medium/827949.jpg",
        "name": "Woolworths Select Protect Regular Absorbent Pads With Wings 16pk",
        "price": 2,
        "unitPrice": "$0.13 / 1EA"
    },
    {
        "category": "specials",
        "href": "https://www.woolworths.com.au/shop/productdetails/840089/continental-recipe-base-creamy-chicken-stroganoff",
        "imgName": "840089.jpg",
        "imgSrc": "https://cdn0.woolworths.media/content/wowproductimages/medium/840089.jpg",
        "name": "Continental Recipe Base Creamy Chicken Stroganoff 40g",
        "price": 1.6,
        "unitPrice": "$4.00 / 100G"
    },
    {
        "category": "specials",
        "href": "https://www.woolworths.com.au/shop/productdetails/840889/continental-pasta-creamy-pumpkin-sage-bacon",
        "imgName": "840889.jpg",
        "imgSrc": "https://cdn0.woolworths.media/content/wowproductimages/medium/840889.jpg",
        "name": "Continental Pasta Creamy Pumpkin Sage & Bacon 90g",
        "price": 2.75,
        "special": 2,
        "unitPrice": "$2.22 / 100G"
    },
    {
        "category": "specials",
        "href": "https://www.woolworths.com.au/shop/productdetails/840455/allen-s-snakes-alive-lollies",
        "imgName": "840455.jpg",
        "imgSrc": "https://cdn0.woolworths.media/content/wowproductimages/medium/840455.jpg",
        "name": "Allen's Snakes Alive Lollies 450g bag",
        "price": 5,
        "special": 4,
        "unitPrice": "$0.89 / 100G"
    },
    {
        "category": "specials",
        "href": "https://www.woolworths.com.au/shop/productdetails/891955/woolworths-select-yummy-snacks-strawberry-yoghurt",
        "imgName": "891955.jpg",
        "imgSrc": "https://cdn0.woolworths.media/content/wowproductimages/medium/891955.jpg",
        "name": "Woolworths Select Yummy Snacks Strawberry Yoghurt 70g",
        "price": 0.75,
        "unitPrice": "$1.07 / 100G"
    },
    {
        "category": "specials",
        "href": "https://www.woolworths.com.au/shop/productdetails/842626/palmolive-naturals-kids-3in1-happy-apple-shampoo-conditioner-bodywash",
        "imgName": "842626.jpg",
        "imgSrc": "https://cdn0.woolworths.media/content/wowproductimages/medium/842626.jpg",
        "name": "Palmolive Naturals Kids 3in1 Happy Apple Shampoo Conditioner & Bodywash 350ml",
        "price": 5,
        "special": 4,
        "unitPrice": "$1.14 / 100ML"
    },
    {
        "category": "specials",
        "href": "https://www.woolworths.com.au/shop/productdetails/841519/rexona-women-antiperspirant-aerosol-deodorant-invisible-dry-black-white",
        "imgName": "841519.jpg",
        "imgSrc": "https://cdn0.woolworths.media/content/wowproductimages/medium/841519.jpg",
        "name": "Rexona Women Antiperspirant Aerosol Deodorant Invisible Dry Black & White 250ml",
        "price": 7,
        "special": 5,
        "unitPrice": "$2.00 / 100ML"
    },
    {
        "category": "specials",
        "href": "https://www.woolworths.com.au/shop/productdetails/912463/arrogant-frog-imported-shiraz",
        "imgName": "912463.jpg",
        "imgSrc": "https://cdn0.woolworths.media/content/wowproductimages/medium/912463.jpg",
        "name": "Arrogant Frog Imported Shiraz 750ml",
        "price": 13,
        "special": 10
    },
    {
        "category": "specials",
        "href": "https://www.woolworths.com.au/shop/productdetails/868205/mud-eye-pencil-black",
        "imgName": "868205.jpg",
        "imgSrc": "https://cdn0.woolworths.media/content/wowproductimages/medium/868205.jpg",
        "name": "Mud Eye Pencil Black each",
        "price": 4.5,
        "unitPrice": "$45.00 / 10ML"
    },
    {
        "category": "specials",
        "href": "https://www.woolworths.com.au/shop/productdetails/942038/nature-s-way-superfood-turmeric-tablets",
        "imgName": "942038.jpg",
        "imgSrc": "https://cdn0.woolworths.media/content/wowproductimages/medium/942038.jpg",
        "name": "Nature's Way Superfood Turmeric Tablets 60ea",
        "price": 20,
        "special": 10,
        "unitPrice": "$16.67 / 100EA"
    },
    {
        "category": "specials",
        "href": "https://www.woolworths.com.au/shop/productdetails/923347/real-iced-tea-mango",
        "imgName": "923347.jpg",
        "imgSrc": "https://cdn0.woolworths.media/content/wowproductimages/medium/923347.jpg",
        "name": "Real Iced Tea Mango  1.25l",
        "price": 3.95,
        "special": 3.15,
        "unitPrice": "$2.52 / 1L"
    },
    {
        "category": "specials",
        "href": "https://www.woolworths.com.au/shop/productdetails/957656/select-lamingtons-jam-filled",
        "imgName": "957656.jpg",
        "imgSrc": "https://cdn0.woolworths.media/content/wowproductimages/medium/957656.jpg",
        "name": "Select Lamingtons Jam Filled 6pk 350g",
        "price": 2.5,
        "unitPrice": "$0.71 / 100G"
    },
    {
        "category": "specials",
        "href": "https://www.woolworths.com.au/shop/productdetails/828992/the-natural-confectionery-co-sour-chews",
        "imgName": "828992.jpg",
        "imgSrc": "https://cdn0.woolworths.media/content/wowproductimages/medium/828992.jpg",
        "name": "The Natural Confectionery Co Sour Chews  220g bag",
        "price": 4,
        "special": 3,
        "unitPrice": "$1.36 / 100G"
    },
    {
        "category": "specials",
        "href": "https://www.woolworths.com.au/shop/productdetails/841293/dettol-liquid-hand-wash-pump-vanilla-coconut",
        "imgName": "841293.jpg",
        "imgSrc": "https://cdn0.woolworths.media/content/wowproductimages/medium/841293.jpg",
        "name": "Dettol Liquid Hand Wash Pump Vanilla & Coconut 250ml",
        "price": 2,
        "unitPrice": "$0.80 / 100ML"
    },
    {
        "category": "specials",
        "href": "https://www.woolworths.com.au/shop/productdetails/957116/moki-dome-headphones-voilet",
        "imgName": "957116.jpg",
        "imgSrc": "https://cdn0.woolworths.media/content/wowproductimages/medium/957116.jpg",
        "name": "Moki Dome Headphones Voilet each",
        "price": 39.99,
        "special": 31.99
    },
    {
        "category": "specials",
        "href": "https://www.woolworths.com.au/shop/productdetails/114886/whiskas-cat-food-salmon-casserole",
        "imgName": "114886.jpg",
        "imgSrc": "https://cdn0.woolworths.media/content/wowproductimages/medium/114886.jpg",
        "name": "Whiskas Cat Food Salmon Casserole 400g",
        "price": 1.5,
        "unitPrice": "$0.38 / 100G"
    },
    {
        "category": "specials",
        "href": "https://www.woolworths.com.au/shop/productdetails/117078/perfecto-chicken-kebabs-bbq",
        "imgName": "117078.jpg",
        "imgSrc": "https://cdn0.woolworths.media/content/wowproductimages/medium/117078.jpg",
        "name": "Perfecto Chicken Kebabs Bbq 800g",
        "price": 12.9,
        "special": 11,
        "unitPrice": "$13.75 / 1KG"
    },
    {
        "category": "specials",
        "href": "https://www.woolworths.com.au/shop/productdetails/126497/tasmanian-atlantic-salmon-fillets-skinned-boned",
        "imgName": "126497.jpg",
        "imgSrc": "https://cdn0.woolworths.media/content/wowproductimages/medium/126497.jpg",
        "name": "Tasmanian Atlantic Salmon Fillets Skinned & Boned per kg",
        "price": 32.5,
        "special": 29,
        "unitPrice": "$29.00 / 1KG"
    },
    {
        "category": "specials",
        "href": "https://www.woolworths.com.au/shop/productdetails/147488/ingham-quick-cook-crumbed-sweet-chilli-chicken-tenders",
        "imgName": "147488.jpg",
        "imgSrc": "https://cdn0.woolworths.media/content/wowproductimages/medium/147488.jpg",
        "name": "Ingham Quick Cook Crumbed Sweet Chilli Chicken Tenders 440g",
        "price": 8.5,
        "special": 5.5,
        "unitPrice": "$12.50 / 1KG"
    },
    {
        "category": "specials",
        "href": "https://www.woolworths.com.au/shop/productdetails/148345/select-corned-beef-silverside",
        "imgName": "148345.jpg",
        "imgSrc": "https://cdn0.woolworths.media/content/wowproductimages/medium/148345.jpg",
        "name": "Select Corned Beef Silverside  min. 1.2kg",
        "price": 10.8,
        "unitPrice": "$9.00 / 1KG"
    },
    {
        "category": "specials",
        "href": "https://www.woolworths.com.au/shop/productdetails/184628/macro-chicken-breast-fillets-free-range",
        "imgName": "184628.jpg",
        "imgSrc": "https://cdn0.woolworths.media/content/wowproductimages/medium/184628.jpg",
        "name": "Macro Chicken Breast Fillets Free Range min. 500g"
    },
    {
        "category": "specials",
        "href": "https://www.woolworths.com.au/shop/productdetails/184653/macro-whole-chicken-free-range",
        "imgName": "184653.jpg",
        "imgSrc": "https://cdn0.woolworths.media/content/wowproductimages/medium/184653.jpg",
        "name": "Macro Whole Chicken Free Range min. 1.45kg",
        "price": 10.44,
        "special": 7.98,
        "unitPrice": "$5.50 / 1KG"
    },
    {
        "category": "specials",
        "href": "https://www.woolworths.com.au/shop/productdetails/191043/bulla-creamy-classics-ice-cream-vanilla",
        "imgName": "191043.jpg",
        "imgSrc": "https://cdn0.woolworths.media/content/wowproductimages/medium/191043.jpg",
        "name": "Bulla Creamy Classics Ice Cream Vanilla 2l tub",
        "price": 8,
        "special": 5,
        "unitPrice": "$0.25 / 100ML"
    },
    {
        "category": "specials",
        "href": "https://www.woolworths.com.au/shop/productdetails/19377/vaalia-apricot-mango-peach-yoghurt-low-fat",
        "imgName": "019377.jpg",
        "imgSrc": "https://cdn0.woolworths.media/content/wowproductimages/medium/019377.jpg",
        "name": "Vaalia Apricot Mango & Peach Yoghurt Low Fat 900g",
        "price": 5.5,
        "special": 3.5,
        "unitPrice": "$0.39 / 100G"
    },
    {
        "category": "specials",
        "href": "https://www.woolworths.com.au/shop/productdetails/196083/wrigley-s-hubba-bubba-gum-tape-strawberry",
        "imgName": "196083.jpg",
        "imgSrc": "https://cdn0.woolworths.media/content/wowproductimages/medium/196083.jpg",
        "name": "Wrigley's Hubba Bubba Gum Tape Strawberry 56g",
        "price": 2.4,
        "special": 2,
        "unitPrice": "$3.57 / 100G"
    },
    {
        "category": "specials",
        "href": "https://www.woolworths.com.au/shop/productdetails/197921/nestle-milo-cereal",
        "imgName": "197921.jpg",
        "imgSrc": "https://cdn0.woolworths.media/content/wowproductimages/medium/197921.jpg",
        "name": "Nestle Milo Cereal 350g",
        "price": 4.99,
        "special": 3,
        "unitPrice": "$0.86 / 100G"
    },
    {
        "category": "specials",
        "href": "https://www.woolworths.com.au/shop/productdetails/205164/corelle-soup-cereal-bowl-white",
        "imgName": "205164.jpg",
        "imgSrc": "https://cdn0.woolworths.media/content/wowproductimages/medium/205164.jpg",
        "name": "Corelle Soup/cereal Bowl White 15cm",
        "price": 6,
        "special": 4.2
    },
    {
        "category": "specials",
        "href": "https://www.woolworths.com.au/shop/productdetails/212153/nescafe-blend-43-instant-coffee-mild-roast",
        "imgName": "212153.jpg",
        "imgSrc": "https://cdn0.woolworths.media/content/wowproductimages/medium/212153.jpg",
        "name": "Nescafe Blend 43 Instant Coffee Mild Roast 300g",
        "price": 13,
        "unitPrice": "$4.33 / 100G"
    },
    {
        "category": "specials",
        "href": "https://www.woolworths.com.au/shop/productdetails/246189/woolworths-select-disinfectant-hospital-grade-eucalyptus",
        "imgName": "246189.jpg",
        "imgSrc": "https://cdn0.woolworths.media/content/wowproductimages/medium/246189.jpg",
        "name": "Woolworths Select Disinfectant Hospital Grade Eucalyptus 1.25l",
        "price": 2.49,
        "unitPrice": "$0.20 / 100ML"
    },
    {
        "category": "specials",
        "href": "https://www.woolworths.com.au/shop/productdetails/263854/chris-dips-corn-relish",
        "imgName": "263854.jpg",
        "imgSrc": "https://cdn0.woolworths.media/content/wowproductimages/medium/263854.jpg",
        "name": "Chris' Dips Corn Relish  200g",
        "price": 3.5,
        "unitPrice": "$1.75 / 100G"
    },
    {
        "category": "specials",
        "href": "https://www.woolworths.com.au/shop/productdetails/279684/peters-frosty-fruits-watermelon-pineapple",
        "imgName": "279684.jpg",
        "imgSrc": "https://cdn0.woolworths.media/content/wowproductimages/medium/279684.jpg",
        "name": "Peters Frosty Fruits Watermelon & Pineapple 8pk 605ml",
        "price": 6.7,
        "special": 4,
        "unitPrice": "$0.66 / 100ML"
    },
    {
        "category": "specials",
        "href": "https://www.woolworths.com.au/shop/productdetails/289769/talleys-chilled-mussels-marinated-plain",
        "imgName": "289769.jpg",
        "imgSrc": "https://cdn0.woolworths.media/content/wowproductimages/medium/289769.jpg",
        "name": "Talleys Chilled Mussels Marinated Plain 375g",
        "price": 7,
        "special": 6,
        "unitPrice": "$16.00 / 1KG"
    },
    {
        "category": "specials",
        "href": "https://www.woolworths.com.au/shop/productdetails/297794/yoplait-forme-zero-berry-harvest-yoghurt",
        "imgName": "297794.jpg",
        "imgSrc": "https://cdn0.woolworths.media/content/wowproductimages/medium/297794.jpg",
        "name": "Yoplait Forme Zero Berry Harvest Yoghurt 6x175g",
        "price": 5,
        "unitPrice": "$0.48 / 100G"
    },
    {
        "category": "specials",
        "href": "https://www.woolworths.com.au/shop/productdetails/297943/pop-tops-wildberry-fruit-drink-multipack",
        "imgName": "297943.jpg",
        "imgSrc": "https://cdn0.woolworths.media/content/wowproductimages/medium/297943.jpg",
        "name": "Pop Tops Wildberry Fruit Drink Multipack 6x250ml",
        "price": 5.25,
        "special": 4,
        "unitPrice": "$2.67 / 1L"
    },
    {
        "category": "specials",
        "href": "https://www.woolworths.com.au/shop/productdetails/305741/south-cape-trilogy-onion-chives-smoked-cheddar-cheese",
        "imgName": "305741.jpg",
        "imgSrc": "https://cdn0.woolworths.media/content/wowproductimages/medium/305741.jpg",
        "name": "South Cape Trilogy Onion Chives & Smoked Cheddar Cheese 140g",
        "price": 6,
        "special": 4.5,
        "unitPrice": "$32.14 / 1KG"
    },
    {
        "category": "specials",
        "href": "https://www.woolworths.com.au/shop/productdetails/306978/bottlegreen-cordial-elderflower",
        "imgName": "306978.jpg",
        "imgSrc": "https://cdn0.woolworths.media/content/wowproductimages/medium/306978.jpg",
        "name": "Bottlegreen Cordial Elderflower 500ml",
        "price": 6.99,
        "special": 5.9,
        "unitPrice": "$11.80 / 1L"
    },
    {
        "category": "specials",
        "href": "https://www.woolworths.com.au/shop/productdetails/30847/salvital-salts-saline",
        "imgName": "030847.jpg",
        "imgSrc": "https://cdn0.woolworths.media/content/wowproductimages/medium/030847.jpg",
        "name": "Salvital Salts Saline 375g",
        "price": 7.5,
        "special": 5.9,
        "unitPrice": "$1.57 / 100G"
    },
    {
        "category": "specials",
        "href": "https://www.woolworths.com.au/shop/productdetails/312355/gippsland-dairy-twist-blueberry-yoghurt",
        "imgName": "312355.jpg",
        "imgSrc": "https://cdn0.woolworths.media/content/wowproductimages/medium/312355.jpg",
        "name": "Gippsland Dairy Twist Blueberry Yoghurt 720g",
        "price": 7,
        "special": 5,
        "unitPrice": "$0.69 / 100G"
    },
    {
        "category": "specials",
        "href": "https://www.woolworths.com.au/shop/productdetails/313661/bulla-mini-splits-tropical-raspberry",
        "imgName": "313661.jpg",
        "imgSrc": "https://cdn0.woolworths.media/content/wowproductimages/medium/313661.jpg",
        "name": "Bulla Mini Splits Tropical Raspberry 14pk 560ml",
        "price": 6.8,
        "special": 4.5,
        "unitPrice": "$0.80 / 100ML"
    },
    {
        "category": "specials",
        "href": "https://www.woolworths.com.au/shop/productdetails/321601/red-island-extra-virgin-olive-oil",
        "imgName": "321601.jpg",
        "imgSrc": "https://cdn0.woolworths.media/content/wowproductimages/medium/321601.jpg",
        "name": "Red Island Extra Virgin Olive Oil 3l",
        "price": 26,
        "unitPrice": "$0.87 / 100ML"
    },
    {
        "category": "specials",
        "href": "https://www.woolworths.com.au/shop/productdetails/324111/mars-twix-funsize-sharepack",
        "imgName": "324111.jpg",
        "imgSrc": "https://cdn0.woolworths.media/content/wowproductimages/medium/324111.jpg",
        "name": "Mars Twix Funsize Sharepack 12pk 174g",
        "price": 4.6,
        "special": 3.5,
        "unitPrice": "$2.01 / 100G"
    },
    {
        "category": "specials",
        "href": "https://www.woolworths.com.au/shop/productdetails/347863/skittles-fruits",
        "imgName": "347863.jpg",
        "imgSrc": "https://cdn0.woolworths.media/content/wowproductimages/medium/347863.jpg",
        "name": "Skittles Fruits  200g",
        "price": 4.3,
        "special": 3.7,
        "unitPrice": "$1.85 / 100G"
    },
    {
        "category": "specials",
        "href": "https://www.woolworths.com.au/shop/productdetails/362445/cottee-s-cordial-lime-coola",
        "imgName": "362445.jpg",
        "imgSrc": "https://cdn0.woolworths.media/content/wowproductimages/medium/362445.jpg",
        "name": "Cottee's Cordial Lime Coola 1l",
        "price": 4.2,
        "special": 3.5,
        "unitPrice": "$3.50 / 1L"
    },
    {
        "category": "specials",
        "href": "https://www.woolworths.com.au/shop/productdetails/375551/ice-break-extra-shot",
        "imgName": "375551.jpg",
        "imgSrc": "https://cdn0.woolworths.media/content/wowproductimages/medium/375551.jpg",
        "name": "Ice Break Extra Shot  500ml",
        "price": 3.3,
        "special": 2.5,
        "unitPrice": "$5.00 / 1L"
    },
    {
        "category": "specials",
        "href": "https://www.woolworths.com.au/shop/productdetails/381212/palmolive-naturals-body-wash-milk-cherry-blossom",
        "imgName": "381212.jpg",
        "imgSrc": "https://cdn0.woolworths.media/content/wowproductimages/medium/381212.jpg",
        "name": "Palmolive Naturals Body Wash Milk & Cherry Blossom 1l",
        "price": 8.5,
        "special": 7,
        "unitPrice": "$0.70 / 100ML"
    },
    {
        "category": "specials",
        "href": "https://www.woolworths.com.au/shop/productdetails/43457/grants-scotch-whisky",
        "imgName": "043457.jpg",
        "imgSrc": "https://cdn0.woolworths.media/content/wowproductimages/medium/043457.jpg",
        "name": "Grants Scotch Whisky  700ml",
        "price": 40,
        "special": 36
    },
    {
        "category": "specials",
        "href": "https://www.woolworths.com.au/shop/productdetails/47123/daily-juice-orange-juice-no-added-sugar",
        "imgName": "047123.jpg",
        "imgSrc": "https://cdn0.woolworths.media/content/wowproductimages/medium/047123.jpg",
        "name": "Daily Juice Orange Juice No Added Sugar 2l",
        "price": 5.3,
        "special": 5,
        "unitPrice": "$2.50 / 1L"
    },
    {
        "category": "specials",
        "href": "https://www.woolworths.com.au/shop/productdetails/482906/on-the-menu-frozen-meal-lamb-shank",
        "imgName": "482906.jpg",
        "imgSrc": "https://cdn0.woolworths.media/content/wowproductimages/medium/482906.jpg",
        "name": "On The Menu Frozen Meal Lamb Shank 320g",
        "price": 6,
        "unitPrice": "$1.88 / 100G"
    },
    {
        "category": "specials",
        "href": "https://www.woolworths.com.au/shop/productdetails/48729/oak-strawberry-flavoured-milk",
        "imgName": "048729.jpg",
        "imgSrc": "https://cdn0.woolworths.media/content/wowproductimages/medium/048729.jpg",
        "name": "Oak Strawberry Flavoured Milk 600ml",
        "price": 2.9,
        "special": 2.45,
        "unitPrice": "$4.08 / 1L"
    },
    {
        "category": "specials",
        "href": "https://www.woolworths.com.au/shop/productdetails/563002/woolworths-market-value-bbq-pack-8-sausages-4-burgers",
        "imgName": "563002.jpg",
        "imgSrc": "https://cdn0.woolworths.media/content/wowproductimages/medium/563002.jpg",
        "name": "Woolworths Market Value Bbq Pack 8 Sausages & 4 Burgers 1kg",
        "price": 8,
        "unitPrice": "$8.00 / 1KG"
    },
    {
        "category": "specials",
        "href": "https://www.woolworths.com.au/shop/productdetails/574618/bulla-creamy-classics-ice-cream-vanilla-boysenberry",
        "imgName": "574618.jpg",
        "imgSrc": "https://cdn0.woolworths.media/content/wowproductimages/medium/574618.jpg",
        "name": "Bulla Creamy Classics Ice Cream Vanilla & Boysenberry 2l",
        "price": 8,
        "special": 5,
        "unitPrice": "$0.25 / 100ML"
    },
    {
        "category": "specials",
        "href": "https://www.woolworths.com.au/shop/productdetails/651485/patties-southern-style-chicken-bites",
        "imgName": "651485.jpg",
        "imgSrc": "https://cdn0.woolworths.media/content/wowproductimages/medium/651485.jpg",
        "name": "Patties Southern Style Chicken Bites 420g",
        "price": 7.5,
        "special": 5,
        "unitPrice": "$1.19 / 100G"
    },
    {
        "category": "specials",
        "href": "https://www.woolworths.com.au/shop/productdetails/703842/wrigley-s-eclipse-mints-fruit-berry",
        "imgName": "703842.jpg",
        "imgSrc": "https://cdn0.woolworths.media/content/wowproductimages/medium/703842.jpg",
        "name": "Wrigley's Eclipse Mints Fruit Berry 34g",
        "price": 2.6,
        "special": 2,
        "unitPrice": "$5.88 / 100G"
    },
    {
        "category": "specials",
        "href": "https://www.woolworths.com.au/shop/productdetails/710411/decor-thermoglass-baking-dish-oblong",
        "imgName": "710411.jpg",
        "imgSrc": "https://cdn0.woolworths.media/content/wowproductimages/medium/710411.jpg",
        "name": "Decor Thermoglass Baking Dish Oblong 1l",
        "price": 13.99,
        "special": 6.99
    },
    {
        "category": "specials",
        "href": "https://www.woolworths.com.au/shop/productdetails/725948/mr-kipling-festive-bakewells",
        "imgName": "725948.jpg",
        "imgSrc": "https://cdn0.woolworths.media/content/wowproductimages/medium/725948.jpg",
        "name": "Mr Kipling Festive Bakewells  6pk",
        "price": 4,
        "special": 3,
        "unitPrice": "$0.50 / 1EA"
    },
    {
        "category": "specials",
        "href": "https://www.woolworths.com.au/shop/productdetails/746376/d-orsogna-streaky-bacon",
        "imgName": "746376.jpg",
        "imgSrc": "https://cdn0.woolworths.media/content/wowproductimages/medium/746376.jpg",
        "name": "D'orsogna Streaky Bacon  per kg",
        "price": 12,
        "special": 11,
        "unitPrice": "$11.00 / 1KG"
    },
    {
        "category": "specials",
        "href": "https://www.woolworths.com.au/shop/productdetails/748416/u-by-kotex-ultrathin-pads-regular-non-wings",
        "imgName": "748416.jpg",
        "imgSrc": "https://cdn0.woolworths.media/content/wowproductimages/medium/748416.jpg",
        "name": "U By Kotex Ultrathin Pads Regular Non Wings 14pk",
        "price": 4.5,
        "special": 4,
        "unitPrice": "$0.29 / 1EA"
    },
    {
        "category": "specials",
        "href": "https://www.woolworths.com.au/shop/productdetails/752016/mars-m-m-s-sharepack",
        "imgName": "752016.jpg",
        "imgSrc": "https://cdn0.woolworths.media/content/wowproductimages/medium/752016.jpg",
        "name": "Mars M&m's Sharepack  12pk 162g",
        "price": 4.6,
        "special": 3.5,
        "unitPrice": "$2.16 / 100G"
    },
    {
        "category": "specials",
        "href": "https://www.woolworths.com.au/shop/productdetails/764598/msa-beef-t-bone-steak-2-3-pieces",
        "imgName": "764598.jpg",
        "imgSrc": "https://cdn0.woolworths.media/content/wowproductimages/medium/764598.jpg",
        "name": "Msa Beef T-bone Steak 2-3 Pieces min. 800g",
        "price": 17.6,
        "special": 16,
        "unitPrice": "$20.00 / 1KG"
    },
    {
        "category": "specials",
        "href": "https://www.woolworths.com.au/shop/productdetails/786193/lux-moisturising-body-wash-pink-petal-touch",
        "imgName": "786193.jpg",
        "imgSrc": "https://cdn0.woolworths.media/content/wowproductimages/medium/786193.jpg",
        "name": "Lux Moisturising Body Wash Pink Petal Touch 400ml",
        "price": 4.5,
        "special": 3.5,
        "unitPrice": "$0.88 / 100ML"
    },
    {
        "category": "specials",
        "href": "https://www.woolworths.com.au/shop/productdetails/790517/heinz-8-months-strawberry-vanilla-custard",
        "imgName": "790517.jpg",
        "imgSrc": "https://cdn0.woolworths.media/content/wowproductimages/medium/790517.jpg",
        "name": "Heinz 8 Months+ Strawberry & Vanilla Custard 120g",
        "price": 1.5,
        "unitPrice": "$1.25 / 100G"
    },
    {
        "category": "specials",
        "href": "https://www.woolworths.com.au/shop/productdetails/792009/woolworths-essentials-paper-plate-uncoated",
        "imgName": "792009.jpg",
        "imgSrc": "https://cdn0.woolworths.media/content/wowproductimages/medium/792009.jpg",
        "name": "Woolworths Essentials Paper Plate Uncoated 20pk",
        "price": 1.5,
        "unitPrice": "$0.08 / 1EA"
    },
    {
        "category": "specials",
        "href": "https://www.woolworths.com.au/shop/productdetails/794899/ocean-blue-bilinis-mini",
        "imgName": "794899.jpg",
        "imgSrc": "https://cdn0.woolworths.media/content/wowproductimages/medium/794899.jpg",
        "name": "Ocean Blue Bilinis Mini 205g",
        "price": 5,
        "special": 4,
        "unitPrice": "$19.51 / 1KG"
    },
    {
        "category": "specials",
        "href": "https://www.woolworths.com.au/shop/productdetails/826429/cadbury-dream-white-chocolate",
        "imgName": "826429.jpg",
        "imgSrc": "https://cdn0.woolworths.media/content/wowproductimages/medium/826429.jpg",
        "name": "Cadbury Dream White Chocolate  200g block",
        "price": 5,
        "special": 3.5,
        "unitPrice": "$1.75 / 100G"
    },
    {
        "category": "specials",
        "href": "https://www.woolworths.com.au/shop/productdetails/839429/birds-eye-deli-seasoned-roast-potatoes-rosemary-garlic",
        "imgName": "839429.jpg",
        "imgSrc": "https://cdn0.woolworths.media/content/wowproductimages/medium/839429.jpg",
        "name": "Birds Eye Deli Seasoned Roast Potatoes Rosemary & Garlic 600g",
        "price": 3.59,
        "special": 2.5,
        "unitPrice": "$4.17 / 1KG"
    },
    {
        "category": "specials",
        "href": "https://www.woolworths.com.au/shop/productdetails/883002/woolworths-select-mini-blueberry-muffins-8pk",
        "imgName": "883002.jpg",
        "imgSrc": "https://cdn0.woolworths.media/content/wowproductimages/medium/883002.jpg",
        "name": "Woolworths Select Mini Blueberry Muffins 8pk 320g",
        "price": 3.5,
        "unitPrice": "$1.09 / 100G"
    },
    {
        "category": "specials",
        "href": "https://www.woolworths.com.au/shop/productdetails/892475/cleaver-s-organic-paleo-beef-sausages",
        "imgName": "892475.jpg",
        "imgSrc": "https://cdn0.woolworths.media/content/wowproductimages/medium/892475.jpg",
        "name": "Cleaver's Organic Paleo Beef Sausages 450g",
        "price": 8.5,
        "special": 7.5,
        "unitPrice": "$16.67 / 1G"
    },
    {
        "category": "specials",
        "href": "https://www.woolworths.com.au/shop/productdetails/904127/grey-goose-vodka",
        "imgName": "904127.jpg",
        "imgSrc": "https://cdn0.woolworths.media/content/wowproductimages/medium/904127.jpg",
        "name": "Grey Goose Vodka  700ml"
    },
    {
        "category": "specials",
        "href": "https://www.woolworths.com.au/shop/productdetails/928628/woolworths-potato-egg-bacon-salad",
        "imgName": "928628.jpg",
        "imgSrc": "https://cdn0.woolworths.media/content/wowproductimages/medium/928628.jpg",
        "name": "Woolworths Potato Egg & Bacon Salad 400g",
        "price": 4.5,
        "unitPrice": "$1.13 / 100G"
    },
    {
        "category": "specials",
        "href": "https://www.woolworths.com.au/shop/productdetails/96206/mccain-frozen-peas",
        "imgName": "096206.jpg",
        "imgSrc": "https://cdn0.woolworths.media/content/wowproductimages/medium/096206.jpg",
        "name": "Mccain Frozen Peas  500g",
        "price": 2.25,
        "special": 2,
        "unitPrice": "$4.00 / 1KG"
    },
    {
        "category": "specials",
        "href": "https://www.woolworths.com.au/shop/productdetails/684/blue-ribbon-reduced-fat-ice-cream-light-vanilla",
        "imgName": "000684.jpg",
        "imgSrc": "https://cdn0.woolworths.media/content/wowproductimages/medium/000684.jpg",
        "name": "Blue Ribbon Reduced Fat Ice Cream Light Vanilla 2l",
        "price": 4.9,
        "unitPrice": "$0.25 / 100ML"
    },
    {
        "category": "specials",
        "href": "https://www.woolworths.com.au/shop/productdetails/1478/biore-deep-cleansing-pore-strips",
        "imgName": "001478.jpg",
        "imgSrc": "https://cdn0.woolworths.media/content/wowproductimages/medium/001478.jpg",
        "name": "Biore Deep Cleansing Pore Strips 6pk",
        "price": 7.49,
        "special": 5.2,
        "unitPrice": "$0.87 / 1EA"
    },
    {
        "category": "specials",
        "href": "https://www.woolworths.com.au/shop/productdetails/24378/parker-s-pretzels-twists",
        "imgName": "024378.jpg",
        "imgSrc": "https://cdn0.woolworths.media/content/wowproductimages/medium/024378.jpg",
        "name": "Parker's Pretzels Twists 200g",
        "price": 3.4,
        "special": 2.5,
        "unitPrice": "$1.25 / 100G"
    },
    {
        "category": "specials",
        "href": "https://www.woolworths.com.au/shop/productdetails/30825/campbells-real-beef-liquid-stock",
        "imgName": "030825.jpg",
        "imgSrc": "https://cdn0.woolworths.media/content/wowproductimages/medium/030825.jpg",
        "name": "Campbells Real Beef Liquid Stock 1l",
        "price": 3.99,
        "unitPrice": "$0.40 / 100ML"
    },
    {
        "category": "specials",
        "href": "https://www.woolworths.com.au/shop/productdetails/33225/nescafe-gold-instant-coffee-original",
        "imgName": "033225.jpg",
        "imgSrc": "https://cdn0.woolworths.media/content/wowproductimages/medium/033225.jpg",
        "name": "Nescafe Gold Instant Coffee Original 200g",
        "price": 18,
        "special": 12,
        "unitPrice": "$6.00 / 100G"
    },
    {
        "category": "specials",
        "href": "https://www.woolworths.com.au/shop/productdetails/13159/saxbys-ginger-beer",
        "imgName": "013159.jpg",
        "imgSrc": "https://cdn0.woolworths.media/content/wowproductimages/medium/013159.jpg",
        "name": "Saxbys Ginger Beer  750ml",
        "price": 2.15,
        "unitPrice": "$2.87 / 1L"
    },
    {
        "category": "specials",
        "href": "https://www.woolworths.com.au/shop/productdetails/24456/bonds-women-s-underwear-cottontails-size-12",
        "imgName": "024456.jpg",
        "imgSrc": "https://cdn0.woolworths.media/content/wowproductimages/medium/024456.jpg",
        "name": "Bonds Women's Underwear Cottontails Size 12 2pk",
        "price": 13,
        "special": 6.5
    },
    {
        "category": "specials",
        "href": "https://www.woolworths.com.au/shop/productdetails/16981/home-essentials-utensil-plastic-peeler",
        "imgName": "016981.jpg",
        "imgSrc": "https://cdn0.woolworths.media/content/wowproductimages/medium/016981.jpg",
        "name": "Home Essentials Utensil Plastic Peeler 4pk",
        "price": 2
    },
    {
        "category": "specials",
        "href": "https://www.woolworths.com.au/shop/productdetails/20523/listerine-mouthwash",
        "imgName": "020523.jpg",
        "imgSrc": "https://cdn0.woolworths.media/content/wowproductimages/medium/020523.jpg",
        "name": "Listerine Mouthwash  1l",
        "price": 9.39,
        "unitPrice": "$0.94 / 100ML"
    },
    {
        "category": "specials",
        "href": "https://www.woolworths.com.au/shop/productdetails/21568/greenseas-tuna-chunk-in-olive-oil",
        "imgName": "021568.jpg",
        "imgSrc": "https://cdn0.woolworths.media/content/wowproductimages/medium/021568.jpg",
        "name": "Greenseas Tuna Chunk In Olive Oil 95g",
        "price": 2,
        "special": 1,
        "unitPrice": "$10.53 / 1KG"
    },
    {
        "category": "specials",
        "href": "https://www.woolworths.com.au/shop/productdetails/33203/san-remo-spaghetti-regular-pasta-no-5",
        "imgName": "033203.jpg",
        "imgSrc": "https://cdn0.woolworths.media/content/wowproductimages/medium/033203.jpg",
        "name": "San Remo Spaghetti Regular Pasta No 5 750g",
        "price": 2.9,
        "unitPrice": "$0.39 / 100G"
    },
    {
        "category": "specials",
        "href": "https://www.woolworths.com.au/shop/productdetails/44192/suimin-brasied-beef-noodle-cup",
        "imgName": "044192.jpg",
        "imgSrc": "https://cdn0.woolworths.media/content/wowproductimages/medium/044192.jpg",
        "name": "Suimin Brasied Beef Noodle Cup 70g",
        "price": 1.4,
        "special": 1.2,
        "unitPrice": "$1.71 / 100G"
    },
    {
        "category": "specials",
        "href": "https://www.woolworths.com.au/shop/productdetails/44977/latina-fresh-spinach-ricotta-agnolotti",
        "imgName": "044977.jpg",
        "imgSrc": "https://cdn0.woolworths.media/content/wowproductimages/medium/044977.jpg",
        "name": "Latina Fresh Spinach & Ricotta Agnolotti 625g",
        "price": 7,
        "unitPrice": "$1.12 / 100G"
    },
    {
        "category": "specials",
        "href": "https://www.woolworths.com.au/shop/productdetails/9096/masterfoods-garlic-freshly-crushed",
        "imgName": "009096.jpg",
        "imgSrc": "https://cdn0.woolworths.media/content/wowproductimages/medium/009096.jpg",
        "name": "Masterfoods Garlic Freshly Crushed 170g",
        "price": 3,
        "unitPrice": "$0.18 / 10G"
    },
    {
        "category": "specials",
        "href": "https://www.woolworths.com.au/shop/productdetails/24940/four-n-twenty-pies-meat",
        "imgName": "024940.jpg",
        "imgSrc": "https://cdn0.woolworths.media/content/wowproductimages/medium/024940.jpg",
        "name": "Four N Twenty Pies Meat 4pk 700g",
        "price": 8,
        "special": 5.5,
        "unitPrice": "$0.79 / 100G"
    },
    {
        "category": "specials",
        "href": "https://www.woolworths.com.au/shop/productdetails/36395/olay-moisturising-cream",
        "imgName": "036395.jpg",
        "imgSrc": "https://cdn0.woolworths.media/content/wowproductimages/medium/036395.jpg",
        "name": "Olay Moisturising Cream  100g",
        "price": 13,
        "special": 6.5,
        "unitPrice": "$6.50 / 100G"
    },
    {
        "category": "specials",
        "href": "https://www.woolworths.com.au/shop/productdetails/4533/raguletto-pasta-sauce-napolitana",
        "imgName": "004533.jpg",
        "imgSrc": "https://cdn0.woolworths.media/content/wowproductimages/medium/004533.jpg",
        "name": "Raguletto Pasta Sauce Napolitana 500g",
        "price": 1.7,
        "unitPrice": "$0.34 / 100G"
    },
    {
        "category": "specials",
        "href": "https://www.woolworths.com.au/shop/productdetails/23712/chicken-tonight-simmer-sauce-creamy-mushroom",
        "imgName": "023712.jpg",
        "imgSrc": "https://cdn0.woolworths.media/content/wowproductimages/medium/023712.jpg",
        "name": "Chicken Tonight Simmer Sauce Creamy Mushroom 475g",
        "price": 3.15,
        "unitPrice": "$0.66 / 100G"
    },
    {
        "category": "specials",
        "href": "https://www.woolworths.com.au/shop/productdetails/30406/unibic-anzac-authentic-biscuits",
        "imgName": "030406.jpg",
        "imgSrc": "https://cdn0.woolworths.media/content/wowproductimages/medium/030406.jpg",
        "name": "Unibic Anzac Authentic Biscuits  300g",
        "price": 3,
        "special": 2.3,
        "unitPrice": "$0.77 / 100G"
    },
    {
        "category": "specials",
        "href": "https://www.woolworths.com.au/shop/productdetails/21427/chef-craft-utensil-butterfly-can-opener",
        "imgName": "021427.jpg",
        "imgSrc": "https://cdn0.woolworths.media/content/wowproductimages/medium/021427.jpg",
        "name": "Chef Craft Utensil Butterfly Can Opener each",
        "price": 3
    },
    {
        "category": "specials",
        "href": "https://www.woolworths.com.au/shop/productdetails/45813/essentials-plain-flour",
        "imgName": "045813.jpg",
        "imgSrc": "https://cdn0.woolworths.media/content/wowproductimages/medium/045813.jpg",
        "name": "Essentials Plain Flour  2kg",
        "price": 1.5,
        "unitPrice": "$0.75 / 1KG"
    },
    {
        "category": "specials",
        "href": "https://www.woolworths.com.au/shop/productdetails/46688/curash-family-family-powder-medicated-anti-rash",
        "imgName": "046688.jpg",
        "imgSrc": "https://cdn0.woolworths.media/content/wowproductimages/medium/046688.jpg",
        "name": "Curash Family Family Powder Medicated Anti-rash 100g",
        "price": 6.8,
        "special": 5.4,
        "unitPrice": "$5.40 / 100G"
    },
    {
        "category": "specials",
        "href": "https://www.woolworths.com.au/shop/productdetails/36035/arnott-s-sesame-cracker-wheat",
        "imgName": "036035.jpg",
        "imgSrc": "https://cdn0.woolworths.media/content/wowproductimages/medium/036035.jpg",
        "name": "Arnott's Sesame Cracker Wheat 250g",
        "price": 3.8,
        "special": 3,
        "unitPrice": "$1.20 / 100G"
    },
    {
        "category": "specials",
        "href": "https://www.woolworths.com.au/shop/productdetails/36036/arnott-s-malt-o-milk",
        "imgName": "036036.jpg",
        "imgSrc": "https://cdn0.woolworths.media/content/wowproductimages/medium/036036.jpg",
        "name": "Arnott's Malt O' Milk  250g",
        "price": 2.85,
        "special": 2.5,
        "unitPrice": "$1.00 / 100G"
    },
    {
        "category": "specials",
        "href": "https://www.woolworths.com.au/shop/productdetails/28286/tom-piper-beef-braised-steak-onions",
        "imgName": "028286.jpg",
        "imgSrc": "https://cdn0.woolworths.media/content/wowproductimages/medium/028286.jpg",
        "name": "Tom Piper Beef Braised Steak & Onions 400g",
        "price": 3,
        "unitPrice": "$7.50 / 1KG"
    },
    {
        "category": "specials",
        "href": "https://www.woolworths.com.au/shop/productdetails/32257/arnott-s-tim-tam-choc-double-coated",
        "imgName": "032257.jpg",
        "imgSrc": "https://cdn0.woolworths.media/content/wowproductimages/medium/032257.jpg",
        "name": "Arnott's Tim Tam Choc Double Coated 200g",
        "price": 3.65,
        "special": 2.5,
        "unitPrice": "$1.25 / 100G"
    },
    {
        "category": "specials",
        "href": "https://www.woolworths.com.au/shop/productdetails/31417/deeko-serviettes-lunch-2ply",
        "imgName": "031417.jpg",
        "imgSrc": "https://cdn0.woolworths.media/content/wowproductimages/medium/031417.jpg",
        "name": "Deeko Serviettes Lunch 2ply 50pk",
        "price": 4.79,
        "special": 3.8,
        "unitPrice": "$0.08 / 1EA"
    },
    {
        "category": "specials",
        "href": "https://www.woolworths.com.au/shop/productdetails/42601/mccain-sliced-beans-sliced",
        "imgName": "042601.jpg",
        "imgSrc": "https://cdn0.woolworths.media/content/wowproductimages/medium/042601.jpg",
        "name": "Mccain Sliced Beans Sliced 500g",
        "price": 2.79,
        "special": 2.23,
        "unitPrice": "$4.46 / 1KG"
    },
    {
        "category": "specials",
        "href": "https://www.woolworths.com.au/shop/productdetails/43591/stop-itch-antiseptic-first-aid-itch-cream",
        "imgName": "043591.jpg",
        "imgSrc": "https://cdn0.woolworths.media/content/wowproductimages/medium/043591.jpg",
        "name": "Stop Itch Antiseptic First Aid Itch Cream 50g",
        "price": 7,
        "special": 5.2,
        "unitPrice": "$10.40 / 100G"
    },
    {
        "category": "specials",
        "href": "https://www.woolworths.com.au/shop/productdetails/54233/mccain-mixed-vegetables-peas-corn-carrot",
        "imgName": "054233.jpg",
        "imgSrc": "https://cdn0.woolworths.media/content/wowproductimages/medium/054233.jpg",
        "name": "Mccain Mixed Vegetables Peas Corn & Carrot 500g",
        "price": 2.99,
        "special": 2.54,
        "unitPrice": "$5.08 / 1KG"
    },
    {
        "category": "specials",
        "href": "https://www.woolworths.com.au/shop/productdetails/73587/jack-daniels-old-time-no7-tennessee-whiskey",
        "imgName": "073587.jpg",
        "imgSrc": "https://cdn0.woolworths.media/content/wowproductimages/medium/073587.jpg",
        "name": "Jack Daniels Old Time No7 Tennessee Whiskey  700ml",
        "price": 52,
        "special": 43
    },
    {
        "category": "specials",
        "href": "https://www.woolworths.com.au/shop/productdetails/75073/vaalia-low-fat-passionfruit-yoghurt",
        "imgName": "075073.jpg",
        "imgSrc": "https://cdn0.woolworths.media/content/wowproductimages/medium/075073.jpg",
        "name": "Vaalia Low Fat Passionfruit Yoghurt 4x150g",
        "price": 4,
        "unitPrice": "$0.67 / 100G"
    },
    {
        "category": "specials",
        "href": "https://www.woolworths.com.au/shop/productdetails/94672/essentials-serviettes-1ply-white",
        "imgName": "094672.jpg",
        "imgSrc": "https://cdn0.woolworths.media/content/wowproductimages/medium/094672.jpg",
        "name": "Essentials Serviettes 1ply White 100pk",
        "price": 0.95,
        "unitPrice": "$0.01 / 1EA"
    },
    {
        "category": "specials",
        "href": "https://www.woolworths.com.au/shop/productdetails/93452/rid-insect-repellent-tropical-strength-spray",
        "imgName": "093452.jpg",
        "imgSrc": "https://cdn0.woolworths.media/content/wowproductimages/medium/093452.jpg",
        "name": "Rid Insect Repellent Tropical Strength Spray 150g",
        "price": 7.49,
        "special": 5,
        "unitPrice": "$3.33 / 100G"
    },
    {
        "category": "specials",
        "href": "https://www.woolworths.com.au/shop/productdetails/96406/mccain-pizza-ham-pineapple",
        "imgName": "096406.jpg",
        "imgSrc": "https://cdn0.woolworths.media/content/wowproductimages/medium/096406.jpg",
        "name": "Mccain Pizza Ham & Pineapple 500g",
        "price": 6.5,
        "special": 5,
        "unitPrice": "$1.00 / 100G"
    },
    {
        "category": "specials",
        "href": "https://www.woolworths.com.au/shop/productdetails/45934/pedigree-adult-dog-food-can-casserole-with-beef-gravy",
        "imgName": "045934.jpg",
        "imgSrc": "https://cdn0.woolworths.media/content/wowproductimages/medium/045934.jpg",
        "name": "Pedigree Adult Dog Food Can Casserole With Beef Gravy 1.2kg",
        "price": 3.8,
        "special": 2.5,
        "unitPrice": "$0.21 / 100G"
    },
    {
        "category": "specials",
        "href": "https://www.woolworths.com.au/shop/productdetails/46761/aussie-bodies-protein-revival-chocolate-99-fat-free",
        "imgName": "046761.jpg",
        "imgSrc": "https://cdn0.woolworths.media/content/wowproductimages/medium/046761.jpg",
        "name": "Aussie Bodies Protein Revival Chocolate 99% Fat Free 375ml",
        "price": 3.85,
        "special": 3,
        "unitPrice": "$8.00 / 1L"
    },
    {
        "category": "specials",
        "href": "https://www.woolworths.com.au/shop/productdetails/51649/olay-anti-wrinkle-provital-night-cream-for-mature-skin",
        "imgName": "051649.jpg",
        "imgSrc": "https://cdn0.woolworths.media/content/wowproductimages/medium/051649.jpg",
        "name": "Olay Anti Wrinkle Provital Night Cream For Mature Skin 50g",
        "price": 17.99,
        "special": 8.99,
        "unitPrice": "$17.98 / 100G"
    },
    {
        "category": "specials",
        "href": "https://www.woolworths.com.au/shop/productdetails/88364/chicken-tonight-simmer-sauce-stroganoff",
        "imgName": "088364.jpg",
        "imgSrc": "https://cdn0.woolworths.media/content/wowproductimages/medium/088364.jpg",
        "name": "Chicken Tonight Simmer Sauce Stroganoff 475g",
        "price": 3.15,
        "unitPrice": "$0.66 / 100G"
    },
    {
        "category": "specials",
        "href": "https://www.woolworths.com.au/shop/productdetails/92404/laucke-crusty-white-bread-mix",
        "imgName": "092404.jpg",
        "imgSrc": "https://cdn0.woolworths.media/content/wowproductimages/medium/092404.jpg",
        "name": "Laucke Crusty White Bread Mix  5kg",
        "price": 15.5,
        "special": 13,
        "unitPrice": "$2.60 / 1KG"
    },
    {
        "category": "specials",
        "href": "https://www.woolworths.com.au/shop/productdetails/92413/laucke-multigrain-bread-mix",
        "imgName": "092413.jpg",
        "imgSrc": "https://cdn0.woolworths.media/content/wowproductimages/medium/092413.jpg",
        "name": "Laucke Multigrain Bread Mix 5kg",
        "price": 15.5,
        "special": 13,
        "unitPrice": "$2.60 / 1KG"
    },
    {
        "category": "specials",
        "href": "https://www.woolworths.com.au/shop/productdetails/99709/mazzetti-vinegar-balsamic-modena",
        "imgName": "099709.jpg",
        "imgSrc": "https://cdn0.woolworths.media/content/wowproductimages/medium/099709.jpg",
        "name": "Mazzetti Vinegar Balsamic Modena 500ml",
        "price": 6,
        "special": 4.9,
        "unitPrice": "$0.98 / 100ML"
    },
    {
        "category": "specials",
        "href": "https://www.woolworths.com.au/shop/productdetails/84239/penfolds-port-club-reserve-aged-tawny",
        "imgName": "084239.jpg",
        "imgSrc": "https://cdn0.woolworths.media/content/wowproductimages/medium/084239.jpg",
        "name": "Penfolds Port Club Reserve Aged Tawny 750ml",
        "price": 19,
        "special": 14
    },
    {
        "category": "specials",
        "href": "https://www.woolworths.com.au/shop/productdetails/86298/pureharvest-organic-oat-milk",
        "imgName": "086298.jpg",
        "imgSrc": "https://cdn0.woolworths.media/content/wowproductimages/medium/086298.jpg",
        "name": "Pureharvest Organic Oat Milk  1l",
        "price": 2.8,
        "special": 2.35,
        "unitPrice": "$2.35 / 1L"
    },
    {
        "category": "specials",
        "href": "https://www.woolworths.com.au/shop/productdetails/57808/cottons-ultra-thin-pads-with-wings-super",
        "imgName": "057808.jpg",
        "imgSrc": "https://cdn0.woolworths.media/content/wowproductimages/medium/057808.jpg",
        "name": "Cottons Ultra Thin Pads With Wings Super 12pk",
        "price": 5.4,
        "special": 4.5,
        "unitPrice": "$0.38 / 1EA"
    },
    {
        "category": "specials",
        "href": "https://www.woolworths.com.au/shop/productdetails/63083/bonne-maman-apricot-jam",
        "imgName": "063083.jpg",
        "imgSrc": "https://cdn0.woolworths.media/content/wowproductimages/medium/063083.jpg",
        "name": "Bonne Maman Apricot Jam 370g",
        "price": 5.2,
        "special": 4,
        "unitPrice": "$1.08 / 100G"
    },
    {
        "category": "specials",
        "href": "https://www.woolworths.com.au/shop/productdetails/64358/drambuie-liqueur",
        "imgName": "064358.jpg",
        "imgSrc": "https://cdn0.woolworths.media/content/wowproductimages/medium/064358.jpg",
        "name": "Drambuie Liqueur  700ml",
        "price": 64,
        "special": 52
    },
    {
        "category": "specials",
        "href": "https://www.woolworths.com.au/shop/productdetails/88169/white-glo-toothpaste-professional",
        "imgName": "088169.jpg",
        "imgSrc": "https://cdn0.woolworths.media/content/wowproductimages/medium/088169.jpg",
        "name": "White Glo Toothpaste Professional 150g",
        "price": 5.3,
        "special": 4.2,
        "unitPrice": "$2.80 / 100G"
    },
    {
        "category": "specials",
        "href": "https://www.woolworths.com.au/shop/productdetails/97103/malibu-white-rum-coconut-liqueur",
        "imgName": "097103.jpg",
        "imgSrc": "https://cdn0.woolworths.media/content/wowproductimages/medium/097103.jpg",
        "name": "Malibu White Rum Coconut Liqueur  700ml",
        "price": 37,
        "special": 30
    },
    {
        "category": "specials",
        "href": "https://www.woolworths.com.au/shop/productdetails/97803/home-essentials-kitchen-gadget-cooking-twine",
        "imgName": "097803.jpg",
        "imgSrc": "https://cdn0.woolworths.media/content/wowproductimages/medium/097803.jpg",
        "name": "Home Essentials Kitchen Gadget Cooking Twine 100m",
        "price": 3
    },
    {
        "category": "specials",
        "href": "https://www.woolworths.com.au/shop/productdetails/67926/john-west-oysters-smoked-in-oil",
        "imgName": "067926.jpg",
        "imgSrc": "https://cdn0.woolworths.media/content/wowproductimages/medium/067926.jpg",
        "name": "John West Oysters Smoked In Oil 85g",
        "price": 2.75,
        "special": 2,
        "unitPrice": "$23.53 / 1KG"
    },
    {
        "category": "specials",
        "href": "https://www.woolworths.com.au/shop/productdetails/40975/bulla-splits-raspberry",
        "imgName": "040975.jpg",
        "imgSrc": "https://cdn0.woolworths.media/content/wowproductimages/medium/040975.jpg",
        "name": "Bulla Splits Raspberry 10pk 750ml",
        "price": 6.8,
        "special": 4.5,
        "unitPrice": "$0.60 / 100ML"
    },
    {
        "category": "specials",
        "href": "https://www.woolworths.com.au/shop/productdetails/48462/devondale-dairy-soft-butter",
        "imgName": "048462.jpg",
        "imgSrc": "https://cdn0.woolworths.media/content/wowproductimages/medium/048462.jpg",
        "name": "Devondale Dairy Soft Butter 500g",
        "price": 5,
        "unitPrice": "$1.00 / 100G"
    },
    {
        "category": "specials",
        "href": "https://www.woolworths.com.au/shop/productdetails/74404/spring-gully-gherkins-sweet-spiced",
        "imgName": "074404.jpg",
        "imgSrc": "https://cdn0.woolworths.media/content/wowproductimages/medium/074404.jpg",
        "name": "Spring Gully Gherkins Sweet Spiced 550g",
        "price": 4,
        "special": 3,
        "unitPrice": "$5.45 / 1KG"
    },
    {
        "category": "specials",
        "href": "https://www.woolworths.com.au/shop/productdetails/72282/kahlua-coffee-liqueur",
        "imgName": "072282.jpg",
        "imgSrc": "https://cdn0.woolworths.media/content/wowproductimages/medium/072282.jpg",
        "name": "Kahlua Coffee Liqueur  700ml",
        "price": 37,
        "special": 30
    },
    {
        "category": "specials",
        "href": "https://www.woolworths.com.au/shop/productdetails/72976/houghton-classic-white-varietal",
        "imgName": "072976.jpg",
        "imgSrc": "https://cdn0.woolworths.media/content/wowproductimages/medium/072976.jpg",
        "name": "Houghton Classic White Varietal  750ml",
        "price": 10,
        "special": 9
    },
    {
        "category": "specials",
        "href": "https://www.woolworths.com.au/shop/productdetails/58867/nature-s-gift-adult-dog-food-lamb-pasta-vegetable",
        "imgName": "058867.jpg",
        "imgSrc": "https://cdn0.woolworths.media/content/wowproductimages/medium/058867.jpg",
        "name": "Nature's Gift Adult Dog Food Lamb Pasta & Vegetable 700g",
        "price": 2,
        "unitPrice": "$0.29 / 100G"
    },
    {
        "category": "specials",
        "href": "https://www.woolworths.com.au/shop/productdetails/94373/chum-adult-dog-food-beef-kidney",
        "imgName": "094373.jpg",
        "imgSrc": "https://cdn0.woolworths.media/content/wowproductimages/medium/094373.jpg",
        "name": "Chum Adult Dog Food Beef & Kidney 1.2kg",
        "price": 2.6,
        "unitPrice": "$0.22 / 100G"
    },
    {
        "category": "specials",
        "href": "https://www.woolworths.com.au/shop/productdetails/36434/plumrose-ham-leg",
        "imgName": "036434.jpg",
        "imgSrc": "https://cdn0.woolworths.media/content/wowproductimages/medium/036434.jpg",
        "name": "Plumrose Ham Leg 450g",
        "price": 8.95,
        "special": 6.5,
        "unitPrice": "$14.44 / 1KG"
    },
    {
        "category": "specials",
        "href": "https://www.woolworths.com.au/shop/productdetails/56126/woolworths-olives-kalamata-greek-pitted",
        "imgName": "056126.jpg",
        "imgSrc": "https://cdn0.woolworths.media/content/wowproductimages/medium/056126.jpg",
        "name": "Woolworths Olives Kalamata Greek Pitted per kg",
        "price": 19.95,
        "unitPrice": "$19.95 / 1KG"
    },
    {
        "category": "specials",
        "href": "https://www.woolworths.com.au/shop/productdetails/96822/mccain-lasagne",
        "imgName": "096822.jpg",
        "imgSrc": "https://cdn0.woolworths.media/content/wowproductimages/medium/096822.jpg",
        "name": "Mccain Lasagne  400g",
        "price": 4.5,
        "unitPrice": "$1.13 / 100G"
    },
    {
        "category": "specials",
        "href": "https://www.woolworths.com.au/shop/productdetails/169020/home-essentials-kitchen-gadget-cutting-colour-coded",
        "imgName": "169020.jpg",
        "imgSrc": "https://cdn0.woolworths.media/content/wowproductimages/medium/169020.jpg",
        "name": "Home Essentials Kitchen Gadget Cutting Colour Coded 4pk",
        "price": 20,
        "special": 14
    },
    {
        "category": "specials",
        "href": "https://www.woolworths.com.au/shop/productdetails/169222/jalna-biodynamic-whole-milk-yoghurt",
        "imgName": "169222.jpg",
        "imgSrc": "https://cdn0.woolworths.media/content/wowproductimages/medium/169222.jpg",
        "name": "Jalna Biodynamic Whole Milk Yoghurt 1kg",
        "price": 7.5,
        "special": 6.5,
        "unitPrice": "$0.65 / 100G"
    },
    {
        "category": "specials",
        "href": "https://www.woolworths.com.au/shop/productdetails/169285/johnson-s-baby-wash-bedtime-bath",
        "imgName": "169285.jpg",
        "imgSrc": "https://cdn0.woolworths.media/content/wowproductimages/medium/169285.jpg",
        "name": "Johnson's Baby Wash Bedtime Bath 500ml",
        "price": 8,
        "unitPrice": "$1.60 / 100ML"
    },
    {
        "category": "specials",
        "href": "https://www.woolworths.com.au/shop/productdetails/186036/nature-s-gift-adult-dog-food-gourmet-loaf-style-succulent-lamb",
        "imgName": "186036.jpg",
        "imgSrc": "https://cdn0.woolworths.media/content/wowproductimages/medium/186036.jpg",
        "name": "Nature's Gift Adult Dog Food Gourmet Loaf Style Succulent Lamb 100g",
        "price": 1,
        "special": 0.75,
        "unitPrice": "$0.75 / 100G"
    },
    {
        "category": "specials",
        "href": "https://www.woolworths.com.au/shop/productdetails/186150/bow-wow-treat-oinkers",
        "imgName": "186150.jpg",
        "imgSrc": "https://cdn0.woolworths.media/content/wowproductimages/medium/186150.jpg",
        "name": "Bow Wow Treat Oinkers 4pk",
        "price": 4.99,
        "special": 4.5,
        "unitPrice": "$1.13 / 1EA"
    },
    {
        "category": "specials",
        "href": "https://www.woolworths.com.au/shop/productdetails/173047/john-frieda-shampoo-sheer-blonde-light-moisturising",
        "imgName": "173047.jpg",
        "imgSrc": "https://cdn0.woolworths.media/content/wowproductimages/medium/173047.jpg",
        "name": "John Frieda Shampoo Sheer Blonde Light Moisturising 250ml",
        "price": 16,
        "special": 9.6,
        "unitPrice": "$3.84 / 100ML"
    },
    {
        "category": "specials",
        "href": "https://www.woolworths.com.au/shop/productdetails/188751/pyrex-bakeware-mixing-bowl-3l",
        "imgName": "188751.jpg",
        "imgSrc": "https://cdn0.woolworths.media/content/wowproductimages/medium/188751.jpg",
        "name": "Pyrex Bakeware Mixing Bowl 3l each",
        "price": 15,
        "special": 10.5
    },
    {
        "category": "specials",
        "href": "https://www.woolworths.com.au/shop/productdetails/224227/decor-microsafe-container-round",
        "imgName": "224227.jpg",
        "imgSrc": "https://cdn0.woolworths.media/content/wowproductimages/medium/224227.jpg",
        "name": "Decor Microsafe Container Round 750ml",
        "price": 5.99,
        "special": 2.99
    },
    {
        "category": "specials",
        "href": "https://www.woolworths.com.au/shop/productdetails/119259/chicken-breast-fillet-skinless-small",
        "imgName": "119259.jpg",
        "imgSrc": "https://cdn0.woolworths.media/content/wowproductimages/medium/119259.jpg",
        "name": "Chicken Breast Fillet Skinless Small min. 500g",
        "price": 6,
        "unitPrice": "$12.00 / 1KG"
    },
    {
        "category": "specials",
        "href": "https://www.woolworths.com.au/shop/productdetails/158237/whiskas-adult-cat-food-sardine-prawn-tuna-whitebait",
        "imgName": "158237.jpg",
        "imgSrc": "https://cdn0.woolworths.media/content/wowproductimages/medium/158237.jpg",
        "name": "Whiskas Adult Cat Food Sardine Prawn Tuna & Whitebait 1kg",
        "price": 4.7,
        "special": 4,
        "unitPrice": "$0.40 / 100G"
    },
    {
        "category": "specials",
        "href": "https://www.woolworths.com.au/shop/productdetails/178400/nivea-daily-essentials-facial-wipes-dry-sensitive-skin",
        "imgName": "178400.jpg",
        "imgSrc": "https://cdn0.woolworths.media/content/wowproductimages/medium/178400.jpg",
        "name": "Nivea Daily Essentials Facial Wipes Dry & Sensitive Skin 25pk",
        "price": 7.5,
        "special": 5,
        "unitPrice": "$0.20 / 1EA"
    },
    {
        "category": "specials",
        "href": "https://www.woolworths.com.au/shop/productdetails/179039/peters-drumstick-ice-cream-boysenberry-swirl",
        "imgName": "179039.jpg",
        "imgSrc": "https://cdn0.woolworths.media/content/wowproductimages/medium/179039.jpg",
        "name": "Peters Drumstick Ice Cream Boysenberry Swirl 4pk 475ml",
        "price": 8,
        "special": 5,
        "unitPrice": "$1.05 / 100ML"
    },
    {
        "category": "specials",
        "href": "https://www.woolworths.com.au/shop/productdetails/162649/home-essentials-kitchen-gadget-ice-tray-cube",
        "imgName": "162649.jpg",
        "imgSrc": "https://cdn0.woolworths.media/content/wowproductimages/medium/162649.jpg",
        "name": "Home Essentials Kitchen Gadget Ice Tray Cube 2pk",
        "price": 6
    },
    {
        "category": "specials",
        "href": "https://www.woolworths.com.au/shop/productdetails/208704/schwarzkopf-extra-care-shampoo-colour-protect",
        "imgName": "208704.jpg",
        "imgSrc": "https://cdn0.woolworths.media/content/wowproductimages/medium/208704.jpg",
        "name": "Schwarzkopf Extra Care Shampoo Colour Protect 400ml",
        "price": 6.9,
        "special": 3.44,
        "unitPrice": "$0.86 / 100ML"
    },
    {
        "category": "specials",
        "href": "https://www.woolworths.com.au/shop/productdetails/120363/homebrand-pads-super",
        "imgName": "120363.jpg",
        "imgSrc": "https://cdn0.woolworths.media/content/wowproductimages/medium/120363.jpg",
        "name": "Homebrand Pads Super 18pk",
        "price": 1.69,
        "unitPrice": "$0.09 / 1EA"
    },
    {
        "category": "specials",
        "href": "https://www.woolworths.com.au/shop/productdetails/72546/philadelphia-cream-cheese-twin-pack",
        "imgName": "072546.jpg",
        "imgSrc": "https://cdn0.woolworths.media/content/wowproductimages/medium/072546.jpg",
        "name": "Philadelphia Cream Cheese Twin Pack 2pk 500g",
        "price": 7.8,
        "special": 6,
        "unitPrice": "$12.00 / 1KG"
    },
    {
        "category": "specials",
        "href": "https://www.woolworths.com.au/shop/productdetails/94131/vittoria-coffee-espresso-ground-coffee-espresso",
        "imgName": "094131.jpg",
        "imgSrc": "https://cdn0.woolworths.media/content/wowproductimages/medium/094131.jpg",
        "name": "Vittoria Coffee Espresso Ground Coffee Espresso 1kg",
        "price": 28,
        "special": 20,
        "unitPrice": "$2.00 / 100G"
    },
    {
        "category": "specials",
        "href": "https://www.woolworths.com.au/shop/productdetails/179685/tena-men-level-2",
        "imgName": "179685.jpg",
        "imgSrc": "https://cdn0.woolworths.media/content/wowproductimages/medium/179685.jpg",
        "name": "Tena Men Level 2 10pk",
        "price": 8,
        "unitPrice": "$0.80 / 1EA"
    },
    {
        "category": "specials",
        "href": "https://www.woolworths.com.au/shop/productdetails/94998/moro-pure-olive-oil",
        "imgName": "094998.jpg",
        "imgSrc": "https://cdn0.woolworths.media/content/wowproductimages/medium/094998.jpg",
        "name": "Moro Pure Olive Oil 4l",
        "price": 29,
        "unitPrice": "$0.73 / 100ML"
    },
    {
        "category": "specials",
        "href": "https://www.woolworths.com.au/shop/productdetails/227749/garnier-fructis-mousse-normal-weightless-curls-hold",
        "imgName": "227749.jpg",
        "imgSrc": "https://cdn0.woolworths.media/content/wowproductimages/medium/227749.jpg",
        "name": "Garnier Fructis Mousse Normal Weightless Curls & Hold 200ml",
        "price": 8,
        "special": 5.5,
        "unitPrice": "$2.75 / 100ML"
    },
    {
        "category": "specials",
        "href": "https://www.woolworths.com.au/shop/productdetails/255524/dominate-rok-wax-for-an-extra-hard-hold",
        "imgName": "255524.jpg",
        "imgSrc": "https://cdn0.woolworths.media/content/wowproductimages/medium/255524.jpg",
        "name": "Dominate Rok Wax For An Extra Hard Hold 85g",
        "price": 11.8,
        "special": 9.4,
        "unitPrice": "$11.06 / 100G"
    },
    {
        "category": "specials",
        "href": "https://www.woolworths.com.au/shop/productdetails/255991/primo-kabana",
        "imgName": "255991.jpg",
        "imgSrc": "https://cdn0.woolworths.media/content/wowproductimages/medium/255991.jpg",
        "name": "Primo Kabana  375g",
        "price": 6.25,
        "special": 5.5,
        "unitPrice": "$14.67 / 1KG"
    },
    {
        "category": "specials",
        "href": "https://www.woolworths.com.au/shop/productdetails/226666/nescafe-coffee-sachets-latte-hazelnut",
        "imgName": "226666.jpg",
        "imgSrc": "https://cdn0.woolworths.media/content/wowproductimages/medium/226666.jpg",
        "name": "Nescafe Coffee Sachets Latte Hazelnut 10pk",
        "price": 6.59,
        "special": 3.29,
        "unitPrice": "$1.83 / 100G"
    },
    {
        "category": "specials",
        "href": "https://www.woolworths.com.au/shop/productdetails/216381/uncle-tobys-healthwise-heart-wellbeing",
        "imgName": "216381.jpg",
        "imgSrc": "https://cdn0.woolworths.media/content/wowproductimages/medium/216381.jpg",
        "name": "Uncle Tobys Healthwise Heart Wellbeing 510g",
        "price": 5,
        "unitPrice": "$0.98 / 100G"
    },
    {
        "category": "specials",
        "href": "https://www.woolworths.com.au/shop/productdetails/250400/tena-active-panty-liners-long",
        "imgName": "250400.jpg",
        "imgSrc": "https://cdn0.woolworths.media/content/wowproductimages/medium/250400.jpg",
        "name": "Tena Active Panty Liners Long 39pk",
        "price": 5,
        "unitPrice": "$0.13 / 1EA"
    },
    {
        "category": "specials",
        "href": "https://www.woolworths.com.au/shop/productdetails/246151/coca-cola-zero-can",
        "imgName": "246151.jpg",
        "imgSrc": "https://cdn0.woolworths.media/content/wowproductimages/medium/246151.jpg",
        "name": "Coca Cola Zero Can 30x375ml",
        "price": 39.6,
        "special": 22.05,
        "unitPrice": "$1.96 / 1L"
    },
    {
        "category": "specials",
        "href": "https://www.woolworths.com.au/shop/productdetails/213345/vaseline-intensive-care-body-lotion-aloe-soothe",
        "imgName": "213345.jpg",
        "imgSrc": "https://cdn0.woolworths.media/content/wowproductimages/medium/213345.jpg",
        "name": "Vaseline Intensive Care Body Lotion Aloe Soothe 750ml",
        "price": 10,
        "unitPrice": "$1.33 / 100ML"
    },
    {
        "category": "specials",
        "href": "https://www.woolworths.com.au/shop/productdetails/249361/buderim-ginger-marmalade",
        "imgName": "249361.jpg",
        "imgSrc": "https://cdn0.woolworths.media/content/wowproductimages/medium/249361.jpg",
        "name": "Buderim Ginger Marmalade 365g",
        "price": 3.45,
        "special": 3,
        "unitPrice": "$0.82 / 100G"
    },
    {
        "category": "specials",
        "href": "https://www.woolworths.com.au/shop/productdetails/250034/essentials-paper-plates-uncoated",
        "imgName": "250034.jpg",
        "imgSrc": "https://cdn0.woolworths.media/content/wowproductimages/medium/250034.jpg",
        "name": "Essentials Paper Plates Uncoated 80pk",
        "price": 5,
        "unitPrice": "$0.06 / 1EA"
    },
    {
        "category": "specials",
        "href": "https://www.woolworths.com.au/shop/productdetails/253791/yoplait-strawberry-yoghurt",
        "imgName": "253791.jpg",
        "imgSrc": "https://cdn0.woolworths.media/content/wowproductimages/medium/253791.jpg",
        "name": "Yoplait Strawberry Yoghurt 1kg"
    },
    {
        "category": "specials",
        "href": "https://www.woolworths.com.au/shop/productdetails/244346/disney-chocolate-surprise-egg",
        "imgName": "244346.jpg",
        "imgSrc": "https://cdn0.woolworths.media/content/wowproductimages/medium/244346.jpg",
        "name": "Disney Chocolate Surprise Egg 20g",
        "price": 2,
        "unitPrice": "$10.00 / 100G"
    },
    {
        "category": "specials",
        "href": "https://www.woolworths.com.au/shop/productdetails/148949/aspro-clear-soluble-extra-strength",
        "imgName": "148949.jpg",
        "imgSrc": "https://cdn0.woolworths.media/content/wowproductimages/medium/148949.jpg",
        "name": "Aspro Clear Soluble Extra Strength 16pk",
        "price": 4.3,
        "special": 3.5,
        "unitPrice": "$0.22 / 1EA"
    },
    {
        "category": "specials",
        "href": "https://www.woolworths.com.au/shop/productdetails/253784/yoplait-mango-yoghurt",
        "imgName": "253784.jpg",
        "imgSrc": "https://cdn0.woolworths.media/content/wowproductimages/medium/253784.jpg",
        "name": "Yoplait Mango Yoghurt 1kg",
        "price": 4,
        "unitPrice": "$0.40 / 100G"
    },
    {
        "category": "specials",
        "href": "https://www.woolworths.com.au/shop/productdetails/291328/my-dog-adult-dog-food-beef-liver-multipack",
        "imgName": "291328.jpg",
        "imgSrc": "https://cdn0.woolworths.media/content/wowproductimages/medium/291328.jpg",
        "name": "My Dog Adult Dog Food Beef & Liver Multipack 6pk 100g",
        "price": 7.3,
        "special": 5.5,
        "unitPrice": "$0.92 / 100G"
    },
    {
        "category": "specials",
        "href": "https://www.woolworths.com.au/shop/productdetails/293058/essentials-domestic-wipes",
        "imgName": "293058.jpg",
        "imgSrc": "https://cdn0.woolworths.media/content/wowproductimages/medium/293058.jpg",
        "name": "Essentials Domestic Wipes 30pk",
        "price": 2.79,
        "unitPrice": "$0.09 / 1EA"
    },
    {
        "category": "specials",
        "href": "https://www.woolworths.com.au/shop/productdetails/307765/white-wings-cupcake-mix-chocolate",
        "imgName": "307765.jpg",
        "imgSrc": "https://cdn0.woolworths.media/content/wowproductimages/medium/307765.jpg",
        "name": "White Wings Cupcake Mix Chocolate 410g",
        "price": 4,
        "unitPrice": "$0.98 / 100G"
    },
    {
        "category": "specials",
        "href": "https://www.woolworths.com.au/shop/productdetails/203849/woolworths-market-value-10-burgers-economy",
        "imgName": "203849.jpg",
        "imgSrc": "https://cdn0.woolworths.media/content/wowproductimages/medium/203849.jpg",
        "name": "Woolworths Market Value 10 Burgers Economy 1kg",
        "price": 8,
        "unitPrice": "$8.00 / 1KG"
    },
    {
        "category": "specials",
        "href": "https://www.woolworths.com.au/shop/productdetails/213191/paul-newmans-dressings-vinaigrette-light-balsamic",
        "imgName": "213191.jpg",
        "imgSrc": "https://cdn0.woolworths.media/content/wowproductimages/medium/213191.jpg",
        "name": "Paul Newmans Dressings Vinaigrette Light Balsamic 250ml",
        "price": 4,
        "unitPrice": "$1.60 / 100ML"
    },
    {
        "category": "specials",
        "href": "https://www.woolworths.com.au/shop/productdetails/248429/herbert-adams-pies-king-island-beef",
        "imgName": "248429.jpg",
        "imgSrc": "https://cdn0.woolworths.media/content/wowproductimages/medium/248429.jpg",
        "name": "Herbert Adams Pies King Island Beef 2pk 420g",
        "price": 6.3,
        "special": 5,
        "unitPrice": "$1.19 / 100G"
    },
    {
        "category": "specials",
        "href": "https://www.woolworths.com.au/shop/productdetails/186989/lynx-men-antiperspirant-roll-on-deodorant-africa",
        "imgName": "186989.jpg",
        "imgSrc": "https://cdn0.woolworths.media/content/wowproductimages/medium/186989.jpg",
        "name": "Lynx Men Antiperspirant Roll On Deodorant Africa 50ml",
        "price": 4,
        "special": 2.8,
        "unitPrice": "$5.60 / 100ML"
    },
    {
        "category": "specials",
        "href": "https://www.woolworths.com.au/shop/productdetails/232186/ingham-s-frozen-turkey-breast-sweet-herb-mustard",
        "imgName": "232186.jpg",
        "imgSrc": "https://cdn0.woolworths.media/content/wowproductimages/medium/232186.jpg",
        "name": "Ingham's Frozen Turkey Breast Sweet Herb & Mustard 2kg",
        "price": 42,
        "special": 28,
        "unitPrice": "$14.00 / 1KG"
    },
    {
        "category": "specials",
        "href": "https://www.woolworths.com.au/shop/productdetails/173192/easiyo-mango-yoghurt-base",
        "imgName": "173192.jpg",
        "imgSrc": "https://cdn0.woolworths.media/content/wowproductimages/medium/173192.jpg",
        "name": "Easiyo Mango Yoghurt Base 225g",
        "price": 4.5,
        "unitPrice": "$2.00 / 100G"
    },
    {
        "category": "specials",
        "href": "https://www.woolworths.com.au/shop/productdetails/306758/fantastic-delites-snacks-sour-cream-chives",
        "imgName": "306758.jpg",
        "imgSrc": "https://cdn0.woolworths.media/content/wowproductimages/medium/306758.jpg",
        "name": "Fantastic Delites Snacks Sour Cream & Chives 100g",
        "price": 2,
        "special": 1.5,
        "unitPrice": "$1.50 / 100G"
    },
    {
        "category": "specials",
        "href": "https://www.woolworths.com.au/shop/productdetails/177675/raid-odourless-flying-insect-killer-aerosol",
        "imgName": "177675.jpg",
        "imgSrc": "https://cdn0.woolworths.media/content/wowproductimages/medium/177675.jpg",
        "name": "Raid Odourless Flying Insect Killer Aerosol 350g",
        "price": 5.65,
        "special": 4,
        "unitPrice": "$1.14 / 100G"
    },
    {
        "category": "specials",
        "href": "https://www.woolworths.com.au/shop/productdetails/253673/suimin-hot-spicy-noodle-cup",
        "imgName": "253673.jpg",
        "imgSrc": "https://cdn0.woolworths.media/content/wowproductimages/medium/253673.jpg",
        "name": "Suimin Hot & Spicy Noodle Cup 70g",
        "price": 1.4,
        "special": 1.2,
        "unitPrice": "$1.71 / 100G"
    },
    {
        "category": "specials",
        "href": "https://www.woolworths.com.au/shop/productdetails/204776/corelle-dinner-plate-white",
        "imgName": "204776.jpg",
        "imgSrc": "https://cdn0.woolworths.media/content/wowproductimages/medium/204776.jpg",
        "name": "Corelle Dinner Plate White 25cm",
        "price": 7,
        "special": 4.9
    },
    {
        "category": "specials",
        "href": "https://www.woolworths.com.au/shop/productdetails/205438/massel-ultracubes-salt-reduced-chicken",
        "imgName": "205438.jpg",
        "imgSrc": "https://cdn0.woolworths.media/content/wowproductimages/medium/205438.jpg",
        "name": "Massel Ultracubes Salt Reduced Chicken 105g",
        "price": 3,
        "special": 2.5,
        "unitPrice": "$0.24 / 10G"
    },
    {
        "category": "specials",
        "href": "https://www.woolworths.com.au/shop/productdetails/178943/bulla-splits-ice-cream-wildberry-orange-tropical",
        "imgName": "178943.jpg",
        "imgSrc": "https://cdn0.woolworths.media/content/wowproductimages/medium/178943.jpg",
        "name": "Bulla Splits Ice Cream Wildberry Orange Tropical 10pk 750ml",
        "price": 6.8,
        "special": 4.5,
        "unitPrice": "$0.60 / 100ML"
    },
    {
        "category": "specials",
        "href": "https://www.woolworths.com.au/shop/productdetails/259146/babylove-cosifit-bulk-nappies-walker-12-17kg",
        "imgName": "259146.jpg",
        "imgSrc": "https://cdn0.woolworths.media/content/wowproductimages/medium/259146.jpg",
        "name": "Babylove Cosifit Bulk Nappies Walker 12-17kg 32pk",
        "price": 14,
        "special": 12,
        "unitPrice": "$0.38 / 1EA"
    },
    {
        "category": "specials",
        "href": "https://www.woolworths.com.au/shop/productdetails/259674/peters-drumstick-minis-ice-cream-vanilla",
        "imgName": "259674.jpg",
        "imgSrc": "https://cdn0.woolworths.media/content/wowproductimages/medium/259674.jpg",
        "name": "Peters Drumstick Minis Ice Cream Vanilla 6pk 490ml",
        "price": 8,
        "special": 5,
        "unitPrice": "$1.02 / 100ML"
    },
    {
        "category": "specials",
        "href": "https://www.woolworths.com.au/shop/productdetails/142142/masterfoods-hot-chilli-sauce-squeezy",
        "imgName": "142142.jpg",
        "imgSrc": "https://cdn0.woolworths.media/content/wowproductimages/medium/142142.jpg",
        "name": "Masterfoods Hot Chilli Sauce Squeezy 250ml",
        "price": 2.7,
        "special": 2,
        "unitPrice": "$0.80 / 100ML"
    },
    {
        "category": "specials",
        "href": "https://www.woolworths.com.au/shop/productdetails/311121/woolworths-select-salsa-mild",
        "imgName": "311121.jpg",
        "imgSrc": "https://cdn0.woolworths.media/content/wowproductimages/medium/311121.jpg",
        "name": "Woolworths Select Salsa Mild 300g",
        "price": 1.5,
        "unitPrice": "$0.50 / 100G"
    },
    {
        "category": "specials",
        "href": "https://www.woolworths.com.au/shop/productdetails/250032/essentials-plastic-bowls-white",
        "imgName": "250032.jpg",
        "imgSrc": "https://cdn0.woolworths.media/content/wowproductimages/medium/250032.jpg",
        "name": "Essentials Plastic Bowls White 20pk",
        "price": 3,
        "unitPrice": "$0.15 / 1EA"
    },
    {
        "category": "specials",
        "href": "https://www.woolworths.com.au/shop/productdetails/323170/gastrolyte-effervescent-electrolyte-rehydration-blackcurrant",
        "imgName": "323170.jpg",
        "imgSrc": "https://cdn0.woolworths.media/content/wowproductimages/medium/323170.jpg",
        "name": "Gastrolyte Effervescent Electrolyte Rehydration Blackcurrant 20pk",
        "price": 11,
        "unitPrice": "$0.55 / 1EA"
    },
    {
        "category": "specials",
        "href": "https://www.woolworths.com.au/shop/productdetails/336769/kellogg-s-lcm-rice-bubbles-choc-chip",
        "imgName": "336769.jpg",
        "imgSrc": "https://cdn0.woolworths.media/content/wowproductimages/medium/336769.jpg",
        "name": "Kellogg's Lcm Rice Bubbles Choc Chip 15pk 330g",
        "price": 7,
        "unitPrice": "$2.12 / 100G"
    },
    {
        "category": "specials",
        "href": "https://www.woolworths.com.au/shop/productdetails/335575/greens-cake-mix-chocolate-mud",
        "imgName": "335575.jpg",
        "imgSrc": "https://cdn0.woolworths.media/content/wowproductimages/medium/335575.jpg",
        "name": "Greens Cake Mix Chocolate Mud 530g",
        "price": 4,
        "special": 3,
        "unitPrice": "$0.57 / 100G"
    },
    {
        "category": "specials",
        "href": "https://www.woolworths.com.au/shop/productdetails/179506/fancy-feast-adult-cat-food-grilled-chicken-prime-fillet",
        "imgName": "179506.jpg",
        "imgSrc": "https://cdn0.woolworths.media/content/wowproductimages/medium/179506.jpg",
        "name": "Fancy Feast Adult Cat Food Grilled Chicken Prime Fillet 85g",
        "price": 1.2,
        "special": 0.9,
        "unitPrice": "$1.06 / 100G"
    },
    {
        "category": "specials",
        "href": "https://www.woolworths.com.au/shop/productdetails/282547/bonds-mens-socks-logo-crew-size-6-10",
        "imgName": "282547.jpg",
        "imgSrc": "https://cdn0.woolworths.media/content/wowproductimages/medium/282547.jpg",
        "name": "Bonds Mens Socks Logo Crew Size 6-10 2pk",
        "price": 14,
        "special": 7,
        "unitPrice": "$3.50 / 1EA"
    },
    {
        "category": "specials",
        "href": "https://www.woolworths.com.au/shop/productdetails/283175/bonds-socks-mens-no-show-trainers-6-10",
        "imgName": "283175.jpg",
        "imgSrc": "https://cdn0.woolworths.media/content/wowproductimages/medium/283175.jpg",
        "name": "Bonds Socks Mens No Show Trainers 6-10 3pk",
        "price": 14,
        "special": 7,
        "unitPrice": "$2.33 / 1EA"
    },
    {
        "category": "specials",
        "href": "https://www.woolworths.com.au/shop/productdetails/252260/vanish-preen-floor-carpet-cleaner-large-areas",
        "imgName": "252260.jpg",
        "imgSrc": "https://cdn0.woolworths.media/content/wowproductimages/medium/252260.jpg",
        "name": "Vanish Preen Floor Carpet Cleaner Large Areas 500g",
        "price": 8,
        "unitPrice": "$1.60 / 100G"
    },
    {
        "category": "specials",
        "href": "https://www.woolworths.com.au/shop/productdetails/226106/nescafe-coffee-sachets-mocha",
        "imgName": "226106.jpg",
        "imgSrc": "https://cdn0.woolworths.media/content/wowproductimages/medium/226106.jpg",
        "name": "Nescafe Coffee Sachets Mocha 10pk",
        "price": 6.59,
        "special": 3.29,
        "unitPrice": "$1.83 / 100G"
    },
    {
        "category": "specials",
        "href": "https://www.woolworths.com.au/shop/productdetails/365023/mount-franklin-spring-water",
        "imgName": "365023.jpg",
        "imgSrc": "https://cdn0.woolworths.media/content/wowproductimages/medium/365023.jpg",
        "name": "Mount Franklin Spring Water 20x500ml",
        "price": 12.5,
        "special": 7.7,
        "unitPrice": "$0.77 / 1L"
    },
    {
        "category": "specials",
        "href": "https://www.woolworths.com.au/shop/productdetails/238512/colgate-zig-zag-toothbrush-medium-value-pack",
        "imgName": "238512.jpg",
        "imgSrc": "https://cdn0.woolworths.media/content/wowproductimages/medium/238512.jpg",
        "name": "Colgate Zig Zag Toothbrush Medium Value Pack 6pk",
        "price": 10,
        "unitPrice": "$1.67 / 1EA"
    },
    {
        "category": "specials",
        "href": "https://www.woolworths.com.au/shop/productdetails/305223/lipton-ice-tea-lemon",
        "imgName": "305223.jpg",
        "imgSrc": "https://cdn0.woolworths.media/content/wowproductimages/medium/305223.jpg",
        "name": "Lipton Ice Tea Lemon 1.5l",
        "price": 3.9,
        "special": 1.89,
        "unitPrice": "$1.26 / 1L"
    },
    {
        "category": "specials",
        "href": "https://www.woolworths.com.au/shop/productdetails/332724/rockstar-guava-punched-energy-drink",
        "imgName": "332724.jpg",
        "imgSrc": "https://cdn0.woolworths.media/content/wowproductimages/medium/332724.jpg",
        "name": "Rockstar Guava Punched Energy Drink 500ml",
        "price": 2.7,
        "special": 2.15,
        "unitPrice": "$4.30 / 1L"
    },
    {
        "category": "specials",
        "href": "https://www.woolworths.com.au/shop/productdetails/308217/pane-toscano-bruschettina",
        "imgName": "308217.jpg",
        "imgSrc": "https://cdn0.woolworths.media/content/wowproductimages/medium/308217.jpg",
        "name": "Pane Toscano Bruschettina  12pk 300g",
        "price": 4.5,
        "special": 3.6,
        "unitPrice": "$1.20 / 100G"
    },
    {
        "category": "specials",
        "href": "https://www.woolworths.com.au/shop/productdetails/224643/ajax-spray-n-wipe-multipurpose-lavender-citrus-trigger",
        "imgName": "224643.jpg",
        "imgSrc": "https://cdn0.woolworths.media/content/wowproductimages/medium/224643.jpg",
        "name": "Ajax Spray N Wipe Multipurpose Lavender & Citrus Trigger 500ml",
        "price": 3,
        "unitPrice": "$0.60 / 100ML"
    },
    {
        "category": "specials",
        "href": "https://www.woolworths.com.au/shop/productdetails/258878/eulactol-gold-foot-care-heel-balm",
        "imgName": "258878.jpg",
        "imgSrc": "https://cdn0.woolworths.media/content/wowproductimages/medium/258878.jpg",
        "name": "Eulactol Gold Foot Care Heel Balm 60ml",
        "price": 14,
        "special": 12.6,
        "unitPrice": "$21.00 / 100ML"
    },
    {
        "category": "specials",
        "href": "https://www.woolworths.com.au/shop/productdetails/259140/babylove-cosifit-bulk-nappies-junior-15-25kg",
        "imgName": "259140.jpg",
        "imgSrc": "https://cdn0.woolworths.media/content/wowproductimages/medium/259140.jpg",
        "name": "Babylove Cosifit Bulk Nappies Junior 15-25kg 30pk",
        "price": 14,
        "special": 12,
        "unitPrice": "$0.40 / 1EA"
    },
    {
        "category": "specials",
        "href": "https://www.woolworths.com.au/shop/productdetails/245553/home-essentials-kitchen-gadget-antibacterial-cutting-mats",
        "imgName": "245553.jpg",
        "imgSrc": "https://cdn0.woolworths.media/content/wowproductimages/medium/245553.jpg",
        "name": "Home Essentials Kitchen Gadget Antibacterial Cutting Mats 4pk",
        "price": 8
    },
    {
        "category": "specials",
        "href": "https://www.woolworths.com.au/shop/productdetails/325112/woolworths-essential-candle-pillar-150mm-x-70mm",
        "imgName": "325112.jpg",
        "imgSrc": "https://cdn0.woolworths.media/content/wowproductimages/medium/325112.jpg",
        "name": "Woolworths Essential Candle Pillar 150mm X 70mm each",
        "price": 4.6
    },
    {
        "category": "specials",
        "href": "https://www.woolworths.com.au/shop/productdetails/326132/mr-bbq-bbq-accessory-hot-sheet",
        "imgName": "326132.jpg",
        "imgSrc": "https://cdn0.woolworths.media/content/wowproductimages/medium/326132.jpg",
        "name": "Mr Bbq Bbq Accessory Hot Sheet each",
        "price": 8,
        "special": 7
    },
    {
        "category": "specials",
        "href": "https://www.woolworths.com.au/shop/productdetails/324112/mars-milky-way-sharepack",
        "imgName": "324112.jpg",
        "imgSrc": "https://cdn0.woolworths.media/content/wowproductimages/medium/324112.jpg",
        "name": "Mars Milky Way Sharepack 28pk 336g",
        "price": 5,
        "unitPrice": "$1.49 / 100G"
    },
    {
        "category": "specials",
        "href": "https://www.woolworths.com.au/shop/productdetails/324630/cenovis-magnesium-value-pack-tablets",
        "imgName": "324630.jpg",
        "imgSrc": "https://cdn0.woolworths.media/content/wowproductimages/medium/324630.jpg",
        "name": "Cenovis Magnesium Value Pack Tablets 200",
        "price": 15,
        "unitPrice": "$7.50 / 100EA"
    },
    {
        "category": "specials",
        "href": "https://www.woolworths.com.au/shop/productdetails/227527/tresemme-professional-hair-conditioner-moisture-rich",
        "imgName": "227527.jpg",
        "imgSrc": "https://cdn0.woolworths.media/content/wowproductimages/medium/227527.jpg",
        "name": "Tresemme Professional Hair Conditioner Moisture Rich 900ml",
        "price": 7,
        "unitPrice": "$0.78 / 100ML"
    },
    {
        "category": "specials",
        "href": "https://www.woolworths.com.au/shop/productdetails/352469/u-by-kotex-overnight-pads-extra",
        "imgName": "352469.jpg",
        "imgSrc": "https://cdn0.woolworths.media/content/wowproductimages/medium/352469.jpg",
        "name": "U By Kotex Overnight Pads Extra 10pk",
        "price": 4.5,
        "special": 4,
        "unitPrice": "$0.40 / 1EA"
    },
    {
        "category": "specials",
        "href": "https://www.woolworths.com.au/shop/productdetails/379237/baby-mum-mum-snack-banana-rice-rusk",
        "imgName": "379237.jpg",
        "imgSrc": "https://cdn0.woolworths.media/content/wowproductimages/medium/379237.jpg",
        "name": "Baby Mum Mum Snack Banana Rice Rusk 18pk 36g",
        "price": 3,
        "special": 2.5,
        "unitPrice": "$6.94 / 100G"
    },
    {
        "category": "specials",
        "href": "https://www.woolworths.com.au/shop/productdetails/464637/always-fresh-marinated-artichoke-hearts",
        "imgName": "464637.jpg",
        "imgSrc": "https://cdn0.woolworths.media/content/wowproductimages/medium/464637.jpg",
        "name": "Always Fresh Marinated Artichoke Hearts  230g",
        "price": 3,
        "special": 2.8,
        "unitPrice": "$12.17 / 1KG"
    },
    {
        "category": "specials",
        "href": "https://www.woolworths.com.au/shop/productdetails/349002/dine-adult-cat-food-daily-classic-terrine-chicken",
        "imgName": "349002.jpg",
        "imgSrc": "https://cdn0.woolworths.media/content/wowproductimages/medium/349002.jpg",
        "name": "Dine Adult Cat Food Daily Classic Terrine Chicken 7pk",
        "price": 7.15,
        "special": 5,
        "unitPrice": "$0.84 / 100G"
    },
    {
        "category": "specials",
        "href": "https://www.woolworths.com.au/shop/productdetails/319972/covergirl-simply-ageless-foundation-240-natural-beige-spf15",
        "imgName": "319972.jpg",
        "imgSrc": "https://cdn0.woolworths.media/content/wowproductimages/medium/319972.jpg",
        "name": "Covergirl Simply Ageless Foundation 240 Natural Beige Spf15 12g",
        "price": 25.95,
        "special": 18.15,
        "unitPrice": "$15.13 / 10G"
    },
    {
        "category": "specials",
        "href": "https://www.woolworths.com.au/shop/productdetails/246913/bonds-womens-underwear-bikini-hipster-size-10",
        "imgName": "246913.jpg",
        "imgSrc": "https://cdn0.woolworths.media/content/wowproductimages/medium/246913.jpg",
        "name": "Bonds Womens Underwear Bikini Hipster Size 10 2pk",
        "price": 18,
        "special": 9
    },
    {
        "category": "specials",
        "href": "https://www.woolworths.com.au/shop/productdetails/246915/bonds-womens-underwear-bikini-hipster-size-14",
        "imgName": "246915.jpg",
        "imgSrc": "https://cdn0.woolworths.media/content/wowproductimages/medium/246915.jpg",
        "name": "Bonds Womens Underwear Bikini Hipster Size 14 2pk",
        "price": 18,
        "special": 9
    },
    {
        "category": "specials",
        "href": "https://www.woolworths.com.au/shop/productdetails/373329/palmolive-dishwashing-liquid-ultra-dry-skin-aloe",
        "imgName": "373329.jpg",
        "imgSrc": "https://cdn0.woolworths.media/content/wowproductimages/medium/373329.jpg",
        "name": "Palmolive Dishwashing Liquid Ultra Dry Skin Aloe 750ml",
        "price": 5.5,
        "special": 4.5,
        "unitPrice": "$0.60 / 100ML"
    },
    {
        "category": "specials",
        "href": "https://www.woolworths.com.au/shop/productdetails/376108/aveeno-skin-relief-moisturising-lotion",
        "imgName": "376108.jpg",
        "imgSrc": "https://cdn0.woolworths.media/content/wowproductimages/medium/376108.jpg",
        "name": "Aveeno Skin Relief Moisturising Lotion 354ml",
        "price": 13.38,
        "special": 10.7,
        "unitPrice": "$3.02 / 100ML"
    },
    {
        "category": "specials",
        "href": "https://www.woolworths.com.au/shop/productdetails/376537/essentials-cutlery-and-napkin-set",
        "imgName": "376537.jpg",
        "imgSrc": "https://cdn0.woolworths.media/content/wowproductimages/medium/376537.jpg",
        "name": "Essentials Cutlery And Napkin Set  20pk",
        "price": 3,
        "unitPrice": "$0.15 / 1EA"
    },
    {
        "category": "specials",
        "href": "https://www.woolworths.com.au/shop/productdetails/344487/essentials-plastic-forks",
        "imgName": "344487.jpg",
        "imgSrc": "https://cdn0.woolworths.media/content/wowproductimages/medium/344487.jpg",
        "name": "Essentials Plastic Forks  50pk",
        "price": 2,
        "unitPrice": "$0.04 / 1EA"
    },
    {
        "category": "specials",
        "href": "https://www.woolworths.com.au/shop/productdetails/452268/the-spice-tailor-keralan-coconut-curry",
        "imgName": "452268.jpg",
        "imgSrc": "https://cdn0.woolworths.media/content/wowproductimages/medium/452268.jpg",
        "name": "The Spice Tailor Keralan Coconut Curry  225g",
        "price": 5.5,
        "special": 4.4,
        "unitPrice": "$1.96 / 100G"
    },
    {
        "category": "specials",
        "href": "https://www.woolworths.com.au/shop/productdetails/261943/loacker-wafers-original-hazelnut-tortina",
        "imgName": "261943.jpg",
        "imgSrc": "https://cdn0.woolworths.media/content/wowproductimages/medium/261943.jpg",
        "name": "Loacker Wafers Original Hazelnut Tortina 125g",
        "price": 4,
        "special": 2.5,
        "unitPrice": "$2.00 / 100G"
    },
    {
        "category": "specials",
        "href": "https://www.woolworths.com.au/shop/productdetails/505359/cadbury-favourites-snowman-bowl",
        "imgName": "505359.jpg",
        "imgSrc": "https://cdn0.woolworths.media/content/wowproductimages/medium/505359.jpg",
        "name": "Cadbury Favourites Snowman Bowl  700g",
        "price": 15,
        "special": 10,
        "unitPrice": "$1.43 / 100G"
    },
    {
        "category": "specials",
        "href": "https://www.woolworths.com.au/shop/productdetails/436018/woolworths-caffitaly-compatible-coffee-capsules-espresso-roast",
        "imgName": "436018.jpg",
        "imgSrc": "https://cdn0.woolworths.media/content/wowproductimages/medium/436018.jpg",
        "name": "Woolworths Caffitaly Compatible Coffee Capsules Espresso Roast 10pk 80g",
        "price": 3.7,
        "unitPrice": "$4.63 / 100G"
    },
    {
        "category": "specials",
        "href": "https://www.woolworths.com.au/shop/productdetails/375604/baily-baily-folio-pinot-grigio",
        "imgName": "375604.jpg",
        "imgSrc": "https://cdn0.woolworths.media/content/wowproductimages/medium/375604.jpg",
        "name": "Baily & Baily Folio Pinot Grigio  750ml",
        "price": 16,
        "special": 11
    },
    {
        "category": "specials",
        "href": "https://www.woolworths.com.au/shop/productdetails/376555/essentials-plastic-flexi-straws-neon",
        "imgName": "376555.jpg",
        "imgSrc": "https://cdn0.woolworths.media/content/wowproductimages/medium/376555.jpg",
        "name": "Essentials Plastic Flexi Straws Neon 100pk",
        "price": 1,
        "unitPrice": "$0.01 / 1EA"
    },
    {
        "category": "specials",
        "href": "https://www.woolworths.com.au/shop/productdetails/460579/m-m-s-mix-ups",
        "imgName": "460579.jpg",
        "imgSrc": "https://cdn0.woolworths.media/content/wowproductimages/medium/460579.jpg",
        "name": "M&m's Mix Ups  305g bag",
        "price": 6.7,
        "special": 5,
        "unitPrice": "$1.64 / 100G"
    },
    {
        "category": "specials",
        "href": "https://www.woolworths.com.au/shop/productdetails/259540/ho-mai-asian-entertainer-pack",
        "imgName": "259540.jpg",
        "imgSrc": "https://cdn0.woolworths.media/content/wowproductimages/medium/259540.jpg",
        "name": "Ho Mai Asian Entertainer Pack 1kg",
        "price": 14,
        "special": 7,
        "unitPrice": "$0.70 / 100G"
    },
    {
        "category": "specials",
        "href": "https://www.woolworths.com.au/shop/productdetails/499177/babylove-sleepy-nights-2-4-years-overnight-pants",
        "imgName": "499177.jpg",
        "imgSrc": "https://cdn0.woolworths.media/content/wowproductimages/medium/499177.jpg",
        "name": "Babylove Sleepy Nights 2-4 Years Overnight Pants 12pk",
        "price": 11,
        "special": 9,
        "unitPrice": "$0.75 / 1EA"
    },
    {
        "category": "specials",
        "href": "https://www.woolworths.com.au/shop/productdetails/371037/moccona-freeze-dried-instant-coffee-rich",
        "imgName": "371037.jpg",
        "imgSrc": "https://cdn0.woolworths.media/content/wowproductimages/medium/371037.jpg",
        "name": "Moccona Freeze Dried Instant Coffee Rich 200g",
        "price": 16,
        "special": 11,
        "unitPrice": "$5.50 / 100G"
    },
    {
        "category": "specials",
        "href": "https://www.woolworths.com.au/shop/productdetails/435283/nature-s-gift-adult-dog-food-strips-gravy-style-beef-sweet-potato-spinach",
        "imgName": "435283.jpg",
        "imgSrc": "https://cdn0.woolworths.media/content/wowproductimages/medium/435283.jpg",
        "name": "Nature's Gift Adult Dog Food Strips Gravy Style Beef Sweet Potato & Spinach 100g",
        "price": 1,
        "special": 0.75,
        "unitPrice": "$0.75 / 100G"
    },
    {
        "category": "specials",
        "href": "https://www.woolworths.com.au/shop/productdetails/362477/cottee-s-cordial-lemon-no-added-sugar",
        "imgName": "362477.jpg",
        "imgSrc": "https://cdn0.woolworths.media/content/wowproductimages/medium/362477.jpg",
        "name": "Cottee's Cordial Lemon No Added Sugar 1l",
        "price": 4.2,
        "special": 3.5,
        "unitPrice": "$3.50 / 1L"
    },
    {
        "category": "specials",
        "href": "https://www.woolworths.com.au/shop/productdetails/380595/lindt-lindor-chocolate-balls-cornet-assorted",
        "imgName": "380595.jpg",
        "imgSrc": "https://cdn0.woolworths.media/content/wowproductimages/medium/380595.jpg",
        "name": "Lindt Lindor Chocolate Balls Cornet Assorted 337g box",
        "price": 20,
        "special": 12,
        "unitPrice": "$3.56 / 100G"
    },
    {
        "category": "specials",
        "href": "https://www.woolworths.com.au/shop/productdetails/341126/woolworths-sea-salt-crackers-sea-salt",
        "imgName": "341126.jpg",
        "imgSrc": "https://cdn0.woolworths.media/content/wowproductimages/medium/341126.jpg",
        "name": "Woolworths Sea Salt Crackers Sea Salt 200g",
        "price": 2,
        "unitPrice": "$1.00 / 100G"
    },
    {
        "category": "specials",
        "href": "https://www.woolworths.com.au/shop/productdetails/360222/woolworths-cup-cakes-mini-iced-sprinkles",
        "imgName": "360222.jpg",
        "imgSrc": "https://cdn0.woolworths.media/content/wowproductimages/medium/360222.jpg",
        "name": "Woolworths Cup Cakes Mini Iced Sprinkles 24pk",
        "price": 10,
        "unitPrice": "$0.42 / 1EA"
    },
    {
        "category": "specials",
        "href": "https://www.woolworths.com.au/shop/productdetails/361088/bonds-socks-mens-business-black-size-11-14",
        "imgName": "361088.jpg",
        "imgSrc": "https://cdn0.woolworths.media/content/wowproductimages/medium/361088.jpg",
        "name": "Bonds Socks Mens Business Black Size 11-14 3pk",
        "price": 14,
        "special": 7,
        "unitPrice": "$2.33 / 1EA"
    },
    {
        "category": "specials",
        "href": "https://www.woolworths.com.au/shop/productdetails/365381/bonds-womens-socks-logo-trainer-size-2-8",
        "imgName": "365381.jpg",
        "imgSrc": "https://cdn0.woolworths.media/content/wowproductimages/medium/365381.jpg",
        "name": "Bonds Womens Socks Logo Trainer Size 2-8 3pk",
        "price": 14,
        "special": 7,
        "unitPrice": "$2.33 / 1EA"
    },
    {
        "category": "specials",
        "href": "https://www.woolworths.com.au/shop/productdetails/345101/decor-match-ups-storer-oblong",
        "imgName": "345101.jpg",
        "imgSrc": "https://cdn0.woolworths.media/content/wowproductimages/medium/345101.jpg",
        "name": "Decor Match-ups Storer Oblong 2l",
        "price": 8.99,
        "special": 4.49
    },
    {
        "category": "specials",
        "href": "https://www.woolworths.com.au/shop/productdetails/479494/dine-finest-cat-food-fish-selection",
        "imgName": "479494.jpg",
        "imgSrc": "https://cdn0.woolworths.media/content/wowproductimages/medium/479494.jpg",
        "name": "Dine Finest Cat Food Fish Selection 6x50g",
        "price": 4.8,
        "special": 3.6,
        "unitPrice": "$1.20 / 100G"
    },
    {
        "category": "specials",
        "href": "https://www.woolworths.com.au/shop/productdetails/479495/dine-finest-cat-food-with-poultry",
        "imgName": "479495.jpg",
        "imgSrc": "https://cdn0.woolworths.media/content/wowproductimages/medium/479495.jpg",
        "name": "Dine Finest Cat Food With Poultry 6x50g",
        "price": 4.8,
        "special": 3.6,
        "unitPrice": "$1.20 / 100G"
    },
    {
        "category": "specials",
        "href": "https://www.woolworths.com.au/shop/productdetails/491672/decor-microsafe-easy-bacon-cooker",
        "imgName": "491672.jpg",
        "imgSrc": "https://cdn0.woolworths.media/content/wowproductimages/medium/491672.jpg",
        "name": "Decor Microsafe Easy Bacon Cooker  each",
        "price": 11.99,
        "special": 5.99,
        "unitPrice": "$5.99 / 1EA"
    },
    {
        "category": "specials",
        "href": "https://www.woolworths.com.au/shop/productdetails/480938/baxter-s-dog-food-beef-vegetables",
        "imgName": "480938.jpg",
        "imgSrc": "https://cdn0.woolworths.media/content/wowproductimages/medium/480938.jpg",
        "name": "Baxter's Dog Food Beef & Vegetables 8kg",
        "price": 13,
        "unitPrice": "$0.16 / 100G"
    },
    {
        "category": "specials",
        "href": "https://www.woolworths.com.au/shop/productdetails/481083/your-majesty-cat-food-chicken-tuna",
        "imgName": "481083.jpg",
        "imgSrc": "https://cdn0.woolworths.media/content/wowproductimages/medium/481083.jpg",
        "name": "Your Majesty Cat Food Chicken & Tuna 1kg",
        "price": 5.5,
        "unitPrice": "$0.55 / 100G"
    },
    {
        "category": "specials",
        "href": "https://www.woolworths.com.au/shop/productdetails/519521/my-dog-adult-dog-food-slow-cooked-turkey-veg",
        "imgName": "519521.jpg",
        "imgSrc": "https://cdn0.woolworths.media/content/wowproductimages/medium/519521.jpg",
        "name": "My Dog Adult Dog Food Slow Cooked Turkey & Veg 100g",
        "price": 1.45,
        "special": 1.1,
        "unitPrice": "$1.10 / 100G"
    },
    {
        "category": "specials",
        "href": "https://www.woolworths.com.au/shop/productdetails/379198/schwarzkopf-extra-care-shampoo-ultimate-repair",
        "imgName": "379198.jpg",
        "imgSrc": "https://cdn0.woolworths.media/content/wowproductimages/medium/379198.jpg",
        "name": "Schwarzkopf Extra Care Shampoo Ultimate Repair 400ml",
        "price": 6.9,
        "special": 3.44,
        "unitPrice": "$0.86 / 100ML"
    },
    {
        "category": "specials",
        "href": "https://www.woolworths.com.au/shop/productdetails/451725/continental-pasta-bacon-parmesan-boscaiola",
        "imgName": "451725.jpg",
        "imgSrc": "https://cdn0.woolworths.media/content/wowproductimages/medium/451725.jpg",
        "name": "Continental Pasta Bacon & Parmesan Boscaiola 96g",
        "price": 2.75,
        "unitPrice": "$2.86 / 100G"
    },
    {
        "category": "specials",
        "href": "https://www.woolworths.com.au/shop/productdetails/622572/mr-kipling-orange-liqueur-cranberry-fruit-mince-pies",
        "imgName": "622572.jpg",
        "imgSrc": "https://cdn0.woolworths.media/content/wowproductimages/medium/622572.jpg",
        "name": "Mr Kipling Orange Liqueur & Cranberry Fruit Mince Pies 6pk",
        "price": 4,
        "special": 3,
        "unitPrice": "$0.50 / 1EA"
    },
    {
        "category": "specials",
        "href": "https://www.woolworths.com.au/shop/productdetails/509800/peckish-rice-crackers-original",
        "imgName": "509800.jpg",
        "imgSrc": "https://cdn0.woolworths.media/content/wowproductimages/medium/509800.jpg",
        "name": "Peckish Rice Crackers Original 6pk 120g",
        "price": 3,
        "special": 2.5,
        "unitPrice": "$2.08 / 100G"
    },
    {
        "category": "specials",
        "href": "https://www.woolworths.com.au/shop/productdetails/574822/tetley-tagless-tea-bags",
        "imgName": "574822.jpg",
        "imgSrc": "https://cdn0.woolworths.media/content/wowproductimages/medium/574822.jpg",
        "name": "Tetley Tagless Tea Bags  200pk",
        "price": 6,
        "unitPrice": "$1.50 / 100G"
    },
    {
        "category": "specials",
        "href": "https://www.woolworths.com.au/shop/productdetails/573124/first-force-super-stength-insect-control-bomb",
        "imgName": "573124.jpg",
        "imgSrc": "https://cdn0.woolworths.media/content/wowproductimages/medium/573124.jpg",
        "name": "First Force Super Stength Insect Control Bomb 3pk 165g",
        "price": 7,
        "unitPrice": "$2.33 / 1EA"
    },
    {
        "category": "specials",
        "href": "https://www.woolworths.com.au/shop/productdetails/597270/woolworths-english-toffee-flavoured-fudge",
        "imgName": "597270.jpg",
        "imgSrc": "https://cdn0.woolworths.media/content/wowproductimages/medium/597270.jpg",
        "name": "Woolworths English Toffee Flavoured Fudge 150g",
        "price": 4,
        "special": 3,
        "unitPrice": "$2.00 / 100G"
    },
    {
        "category": "specials",
        "href": "https://www.woolworths.com.au/shop/productdetails/458083/vanish-gold-oxi-action-intelligence-gel",
        "imgName": "458083.jpg",
        "imgSrc": "https://cdn0.woolworths.media/content/wowproductimages/medium/458083.jpg",
        "name": "Vanish Gold Oxi Action Intelligence Gel  1.75l",
        "price": 19,
        "special": 15,
        "unitPrice": "$8.57 / 1L"
    },
    {
        "category": "specials",
        "href": "https://www.woolworths.com.au/shop/productdetails/480256/baxter-s-dog-food-casserole-chicken-rice-veg",
        "imgName": "480256.jpg",
        "imgSrc": "https://cdn0.woolworths.media/content/wowproductimages/medium/480256.jpg",
        "name": "Baxter's Dog Food Casserole Chicken, Rice & Veg 700g",
        "price": 1.5,
        "unitPrice": "$0.21 / 100G"
    },
    {
        "category": "specials",
        "href": "https://www.woolworths.com.au/shop/productdetails/494110/waxworks-citronella-candle-glass-patio-jar",
        "imgName": "494110.jpg",
        "imgSrc": "https://cdn0.woolworths.media/content/wowproductimages/medium/494110.jpg",
        "name": "Waxworks Citronella Candle Glass Patio Jar 10cm",
        "price": 6.99,
        "special": 5.55
    },
    {
        "category": "specials",
        "href": "https://www.woolworths.com.au/shop/productdetails/425884/disney-battery-brush-frozen",
        "imgName": "425884.jpg",
        "imgSrc": "https://cdn0.woolworths.media/content/wowproductimages/medium/425884.jpg",
        "name": "Disney Battery Brush Frozen each",
        "price": 10,
        "unitPrice": "$10.00 / 1EA"
    },
    {
        "category": "specials",
        "href": "https://www.woolworths.com.au/shop/productdetails/432622/scholl-velvet-wet-dry-electric-foot-file-refill-head",
        "imgName": "432622.jpg",
        "imgSrc": "https://cdn0.woolworths.media/content/wowproductimages/medium/432622.jpg",
        "name": "Scholl Velvet Wet & Dry Electric Foot File Refill Head 2pk",
        "price": 25,
        "special": 20,
        "unitPrice": "$10.00 / 1EA"
    },
    {
        "category": "specials",
        "href": "https://www.woolworths.com.au/shop/productdetails/477974/bundaberg-up-rum-cola-cans",
        "imgName": "477974.jpg",
        "imgSrc": "https://cdn0.woolworths.media/content/wowproductimages/medium/477974.jpg",
        "name": "Bundaberg Up Rum & Cola Cans 24x330ml case",
        "price": 64,
        "special": 64
    },
    {
        "category": "specials",
        "href": "https://www.woolworths.com.au/shop/productdetails/402198/quest-bar-choc-chip-cookie-dough",
        "imgName": "402198.jpg",
        "imgSrc": "https://cdn0.woolworths.media/content/wowproductimages/medium/402198.jpg",
        "name": "Quest Bar Choc Chip Cookie Dough 60g",
        "price": 4,
        "special": 3.5,
        "unitPrice": "$5.83 / 100G"
    },
    {
        "category": "specials",
        "href": "https://www.woolworths.com.au/shop/productdetails/406578/nudie-nothing-but-orange-juice-pulp-free",
        "imgName": "406578.jpg",
        "imgSrc": "https://cdn0.woolworths.media/content/wowproductimages/medium/406578.jpg",
        "name": "Nudie Nothing But Orange Juice Pulp Free 3l",
        "price": 8,
        "unitPrice": "$2.67 / 1L"
    },
    {
        "category": "specials",
        "href": "https://www.woolworths.com.au/shop/productdetails/506995/bega-peanut-butter-super-crunchy",
        "imgName": "506995.jpg",
        "imgSrc": "https://cdn0.woolworths.media/content/wowproductimages/medium/506995.jpg",
        "name": "Bega Peanut Butter Super Crunchy 470g",
        "price": 5.68,
        "special": 5,
        "unitPrice": "$1.06 / 100G"
    },
    {
        "category": "specials",
        "href": "https://www.woolworths.com.au/shop/productdetails/508100/raid-one-shot-insect-spray-cik-target-kill",
        "imgName": "508100.jpg",
        "imgSrc": "https://cdn0.woolworths.media/content/wowproductimages/medium/508100.jpg",
        "name": "Raid One Shot Insect Spray Cik Target Kill 300g",
        "price": 9.69,
        "special": 6.8,
        "unitPrice": "$2.27 / 100G"
    },
    {
        "category": "specials",
        "href": "https://www.woolworths.com.au/shop/productdetails/546395/yoplait-coconut-yoghurt",
        "imgName": "546395.jpg",
        "imgSrc": "https://cdn0.woolworths.media/content/wowproductimages/medium/546395.jpg",
        "name": "Yoplait Coconut Yoghurt 1kg",
        "price": 4,
        "unitPrice": "$0.40 / 100G"
    },
    {
        "category": "specials",
        "href": "https://www.woolworths.com.au/shop/productdetails/297106/heinz-baby-wipes-sticky-fingers-fragrance-free",
        "imgName": "297106.jpg",
        "imgSrc": "https://cdn0.woolworths.media/content/wowproductimages/medium/297106.jpg",
        "name": "Heinz Baby Wipes Sticky Fingers Fragrance Free 30pk",
        "price": 3,
        "special": 2.5,
        "unitPrice": "$8.33 / 100EA"
    },
    {
        "category": "specials",
        "href": "https://www.woolworths.com.au/shop/productdetails/430249/connoisseur-minis-ice-cream-himalayan-vanilla-almond",
        "imgName": "430249.jpg",
        "imgSrc": "https://cdn0.woolworths.media/content/wowproductimages/medium/430249.jpg",
        "name": "Connoisseur Minis Ice Cream Himalayan Vanilla Almond 360ml",
        "price": 8.4,
        "special": 6,
        "unitPrice": "$1.67 / 100ML"
    },
    {
        "category": "specials",
        "href": "https://www.woolworths.com.au/shop/productdetails/430599/pedigree-dentaflex-medium",
        "imgName": "430599.jpg",
        "imgSrc": "https://cdn0.woolworths.media/content/wowproductimages/medium/430599.jpg",
        "name": "Pedigree Dentaflex Medium 80g",
        "price": 3.99,
        "special": 2.8,
        "unitPrice": "$3.50 / 100G"
    },
    {
        "category": "specials",
        "href": "https://www.woolworths.com.au/shop/productdetails/447461/l-oreal-paris-preference-hair-colour-11-21-very-very-light-cool",
        "imgName": "447461.jpg",
        "imgSrc": "https://cdn0.woolworths.media/content/wowproductimages/medium/447461.jpg",
        "name": "L'oreal Paris Preference Hair Colour 11.21 Very Very Light Cool each",
        "price": 19,
        "special": 13
    },
    {
        "category": "specials",
        "href": "https://www.woolworths.com.au/shop/productdetails/518438/strike-disinfectant-wipes-lemon",
        "imgName": "518438.jpg",
        "imgSrc": "https://cdn0.woolworths.media/content/wowproductimages/medium/518438.jpg",
        "name": "Strike Disinfectant Wipes Lemon 100pk",
        "price": 4,
        "unitPrice": "$0.04 / 1EA"
    },
    {
        "category": "specials",
        "href": "https://www.woolworths.com.au/shop/productdetails/519457/my-dog-adult-dog-food-farmhouse-casserole-chicken",
        "imgName": "519457.jpg",
        "imgSrc": "https://cdn0.woolworths.media/content/wowproductimages/medium/519457.jpg",
        "name": "My Dog Adult Dog Food Farmhouse Casserole Chicken 100g",
        "price": 1.45,
        "special": 1.1,
        "unitPrice": "$1.10 / 100G"
    },
    {
        "category": "specials",
        "href": "https://www.woolworths.com.au/shop/productdetails/254571/fantastic-rice-crackers-sweet-chilli-sour-cream",
        "imgName": "254571.jpg",
        "imgSrc": "https://cdn0.woolworths.media/content/wowproductimages/medium/254571.jpg",
        "name": "Fantastic Rice Crackers Sweet Chilli & Sour Cream 100g",
        "price": 1.95,
        "special": 1.5,
        "unitPrice": "$1.50 / 100G"
    },
    {
        "category": "specials",
        "href": "https://www.woolworths.com.au/shop/productdetails/369808/lucky-almonds-sliced",
        "imgName": "369808.jpg",
        "imgSrc": "https://cdn0.woolworths.media/content/wowproductimages/medium/369808.jpg",
        "name": "Lucky Almonds Sliced 110g",
        "price": 5,
        "special": 4,
        "unitPrice": "$36.36 / 1KG"
    },
    {
        "category": "specials",
        "href": "https://www.woolworths.com.au/shop/productdetails/479870/wokka-ramen-noodles",
        "imgName": "479870.jpg",
        "imgSrc": "https://cdn0.woolworths.media/content/wowproductimages/medium/479870.jpg",
        "name": "Wokka Ramen Noodles  400g",
        "price": 2.7,
        "unitPrice": "$0.68 / 100G"
    },
    {
        "category": "specials",
        "href": "https://www.woolworths.com.au/shop/productdetails/481065/smitten-cat-food-beef-lamb-vegetables",
        "imgName": "481065.jpg",
        "imgSrc": "https://cdn0.woolworths.media/content/wowproductimages/medium/481065.jpg",
        "name": "Smitten Cat Food Beef Lamb & Vegetables 1kg",
        "price": 2.8,
        "unitPrice": "$0.28 / 100G"
    },
    {
        "category": "specials",
        "href": "https://www.woolworths.com.au/shop/productdetails/382697/corelle-serving-bowl-white",
        "imgName": "382697.jpg",
        "imgSrc": "https://cdn0.woolworths.media/content/wowproductimages/medium/382697.jpg",
        "name": "Corelle Serving Bowl White 1.9l",
        "price": 14,
        "special": 9.8
    },
    {
        "category": "specials",
        "href": "https://www.woolworths.com.au/shop/productdetails/706120/air-wick-freshmatic-automatic-spray-frangipani-refil",
        "imgName": "706120.jpg",
        "imgSrc": "https://cdn0.woolworths.media/content/wowproductimages/medium/706120.jpg",
        "name": "Air Wick Freshmatic Automatic Spray Frangipani Refil 174g",
        "price": 6.69,
        "unitPrice": "$3.84 / 100G"
    },
    {
        "category": "specials",
        "href": "https://www.woolworths.com.au/shop/productdetails/706642/yumi-s-quality-foods-sesame-falafel-balls",
        "imgName": "706642.jpg",
        "imgSrc": "https://cdn0.woolworths.media/content/wowproductimages/medium/706642.jpg",
        "name": "Yumi's Quality Foods Sesame Falafel Balls  225g",
        "price": 5,
        "unitPrice": "$22.22 / 1KG"
    },
    {
        "category": "specials",
        "href": "https://www.woolworths.com.au/shop/productdetails/706911/fuji-super-alkaline-aa-batteries",
        "imgName": "706911.jpg",
        "imgSrc": "https://cdn0.woolworths.media/content/wowproductimages/medium/706911.jpg",
        "name": "Fuji Super Alkaline Aa Batteries  4pk",
        "price": 4,
        "special": 2,
        "unitPrice": "$0.50 / 1EA"
    },
    {
        "category": "specials",
        "href": "https://www.woolworths.com.au/shop/productdetails/727561/laucke-country-women-scone-mix",
        "imgName": "727561.jpg",
        "imgSrc": "https://cdn0.woolworths.media/content/wowproductimages/medium/727561.jpg",
        "name": "Laucke Country Women Scone Mix  1kg",
        "price": 5.5,
        "special": 2.75,
        "unitPrice": "$2.75 / 1KG"
    },
    {
        "category": "specials",
        "href": "https://www.woolworths.com.au/shop/productdetails/344486/essentials-plastic-knives",
        "imgName": "344486.jpg",
        "imgSrc": "https://cdn0.woolworths.media/content/wowproductimages/medium/344486.jpg",
        "name": "Essentials Plastic Knives  50pk",
        "price": 2,
        "unitPrice": "$0.04 / 1EA"
    },
    {
        "category": "specials",
        "href": "https://www.woolworths.com.au/shop/productdetails/742910/decor-match-ups-glass-storer-oblong",
        "imgName": "742910.jpg",
        "imgSrc": "https://cdn0.woolworths.media/content/wowproductimages/medium/742910.jpg",
        "name": "Decor Match-ups Glass Storer Oblong 1l",
        "price": 11,
        "special": 5.49
    },
    {
        "category": "specials",
        "href": "https://www.woolworths.com.au/shop/productdetails/587035/head-shoulders-men-anti-dandruff-shampoo-conditioner-old-spice",
        "imgName": "587035.jpg",
        "imgSrc": "https://cdn0.woolworths.media/content/wowproductimages/medium/587035.jpg",
        "name": "Head & Shoulders Men Anti-dandruff Shampoo & Conditioner Old Spice 620ml",
        "price": 16,
        "special": 11,
        "unitPrice": "$1.77 / 100ML"
    },
    {
        "category": "specials",
        "href": "https://www.woolworths.com.au/shop/productdetails/618648/moki-exo-prime-bluetooth-headphones",
        "imgName": "618648.jpg",
        "imgSrc": "https://cdn0.woolworths.media/content/wowproductimages/medium/618648.jpg",
        "name": "Moki Exo Prime Bluetooth Headphones each",
        "price": 50,
        "special": 30
    },
    {
        "category": "specials",
        "href": "https://www.woolworths.com.au/shop/productdetails/742121/golden-circle-apple-fruit-drink",
        "imgName": "742121.jpg",
        "imgSrc": "https://cdn0.woolworths.media/content/wowproductimages/medium/742121.jpg",
        "name": "Golden Circle Apple Fruit Drink 8x250ml",
        "price": 5,
        "special": 4.5,
        "unitPrice": "$2.25 / 1L"
    },
    {
        "category": "specials",
        "href": "https://www.woolworths.com.au/shop/productdetails/742211/rspca-approved-chicken-kebab-honey-soy",
        "imgName": "742211.jpg",
        "imgSrc": "https://cdn0.woolworths.media/content/wowproductimages/medium/742211.jpg",
        "name": "Rspca Approved Chicken Kebab Honey Soy each",
        "price": 1.4,
        "special": 1,
        "unitPrice": "$1.00 / 1EA"
    },
    {
        "category": "specials",
        "href": "https://www.woolworths.com.au/shop/productdetails/694853/woolworths-frozen-beef-lasagne",
        "imgName": "694853.jpg",
        "imgSrc": "https://cdn0.woolworths.media/content/wowproductimages/medium/694853.jpg",
        "name": "Woolworths Frozen Beef Lasagne 375g",
        "price": 3,
        "unitPrice": "$0.80 / 100G"
    },
    {
        "category": "specials",
        "href": "https://www.woolworths.com.au/shop/productdetails/701726/kellogg-s-coco-pops-chex",
        "imgName": "701726.jpg",
        "imgSrc": "https://cdn0.woolworths.media/content/wowproductimages/medium/701726.jpg",
        "name": "Kellogg's Coco Pops Chex 500g",
        "price": 6.59,
        "special": 6,
        "unitPrice": "$1.20 / 100G"
    },
    {
        "category": "specials",
        "href": "https://www.woolworths.com.au/shop/productdetails/360159/sistema-wave-bottle",
        "imgName": "360159.jpg",
        "imgSrc": "https://cdn0.woolworths.media/content/wowproductimages/medium/360159.jpg",
        "name": "Sistema Wave Bottle  600ml each",
        "price": 9,
        "special": 4.5
    },
    {
        "category": "specials",
        "href": "https://www.woolworths.com.au/shop/productdetails/748314/lynx-for-men-body-spray-aerosol-deodorant-apollo",
        "imgName": "748314.jpg",
        "imgSrc": "https://cdn0.woolworths.media/content/wowproductimages/medium/748314.jpg",
        "name": "Lynx For Men Body Spray Aerosol Deodorant Apollo 155ml",
        "price": 6,
        "special": 4,
        "unitPrice": "$2.58 / 100ML"
    },
    {
        "category": "specials",
        "href": "https://www.woolworths.com.au/shop/productdetails/733773/woolworths-chicken-breast-crumbed-tenders",
        "imgName": "733773.jpg",
        "imgSrc": "https://cdn0.woolworths.media/content/wowproductimages/medium/733773.jpg",
        "name": "Woolworths Chicken Breast Crumbed Tenders 400g",
        "price": 3.8,
        "unitPrice": "$9.50 / 1KG"
    },
    {
        "category": "specials",
        "href": "https://www.woolworths.com.au/shop/productdetails/559255/mud-gel-nail-colour-antique-white",
        "imgName": "559255.jpg",
        "imgSrc": "https://cdn0.woolworths.media/content/wowproductimages/medium/559255.jpg",
        "name": "Mud Gel Nail Colour Antique White 13ml",
        "price": 3,
        "unitPrice": "$2.31 / 10ML"
    },
    {
        "category": "specials",
        "href": "https://www.woolworths.com.au/shop/productdetails/701038/higher-living-evening-tea-bags",
        "imgName": "701038.jpg",
        "imgSrc": "https://cdn0.woolworths.media/content/wowproductimages/medium/701038.jpg",
        "name": "Higher Living Evening Tea Bags 15pk 22g",
        "price": 3.7,
        "special": 2.5,
        "unitPrice": "$11.36 / 100G"
    },
    {
        "category": "specials",
        "href": "https://www.woolworths.com.au/shop/productdetails/701056/weight-watchers-beef-tomato-bolognese",
        "imgName": "701056.jpg",
        "imgSrc": "https://cdn0.woolworths.media/content/wowproductimages/medium/701056.jpg",
        "name": "Weight Watchers Beef & Tomato Bolognese 225g",
        "price": 3,
        "unitPrice": "$1.33 / 100G"
    },
    {
        "category": "specials",
        "href": "https://www.woolworths.com.au/shop/productdetails/708952/on-the-menu-lasagne-beef",
        "imgName": "708952.jpg",
        "imgSrc": "https://cdn0.woolworths.media/content/wowproductimages/medium/708952.jpg",
        "name": "On The Menu Lasagne Beef  260g",
        "price": 3,
        "special": 2.7,
        "unitPrice": "$1.04 / 100G"
    },
    {
        "category": "specials",
        "href": "https://www.woolworths.com.au/shop/productdetails/650536/woolworths-4-chunky-cheese-beef-burger",
        "imgName": "650536.jpg",
        "imgSrc": "https://cdn0.woolworths.media/content/wowproductimages/medium/650536.jpg",
        "name": "Woolworths 4 Chunky Cheese Beef Burger 500g",
        "price": 7,
        "special": 6,
        "unitPrice": "$12.00 / 1KG"
    },
    {
        "category": "specials",
        "href": "https://www.woolworths.com.au/shop/productdetails/655396/nexba-sparkling-lemon-infusion",
        "imgName": "655396.jpg",
        "imgSrc": "https://cdn0.woolworths.media/content/wowproductimages/medium/655396.jpg",
        "name": "Nexba Sparkling Lemon Infusion 4x300ml",
        "price": 6.55,
        "special": 5.05,
        "unitPrice": "$4.21 / 1L"
    },
    {
        "category": "specials",
        "href": "https://www.woolworths.com.au/shop/productdetails/729278/woolworths-microwave-popcorn-butter-flavoured",
        "imgName": "729278.jpg",
        "imgSrc": "https://cdn0.woolworths.media/content/wowproductimages/medium/729278.jpg",
        "name": "Woolworths Microwave Popcorn Butter Flavoured 100g",
        "price": 0.95,
        "unitPrice": "$0.95 / 100G"
    },
    {
        "category": "specials",
        "href": "https://www.woolworths.com.au/shop/productdetails/738617/fair-trade-organic-coffee-beans-crema",
        "imgName": "738617.jpg",
        "imgSrc": "https://cdn0.woolworths.media/content/wowproductimages/medium/738617.jpg",
        "name": "Fair Trade Organic Coffee Beans Crema 1kg",
        "price": 27,
        "special": 20,
        "unitPrice": "$2.00 / 100G"
    },
    {
        "category": "specials",
        "href": "https://www.woolworths.com.au/shop/productdetails/696334/woolworths-instant-soup-potato-bacon-with-croutons",
        "imgName": "696334.jpg",
        "imgSrc": "https://cdn0.woolworths.media/content/wowproductimages/medium/696334.jpg",
        "name": "Woolworths Instant Soup Potato & Bacon With Croutons 50g",
        "price": 1,
        "unitPrice": "$2.00 / 100G"
    },
    {
        "category": "specials",
        "href": "https://www.woolworths.com.au/shop/productdetails/332426/smith-s-chips-share-pack-sour-cream-onion",
        "imgName": "332426.jpg",
        "imgSrc": "https://cdn0.woolworths.media/content/wowproductimages/medium/332426.jpg",
        "name": "Smith's Chips Share Pack Sour Cream & Onion 175g",
        "price": 2,
        "unitPrice": "$1.14 / 100G"
    },
    {
        "category": "specials",
        "href": "https://www.woolworths.com.au/shop/productdetails/724626/huggies-ultra-dry-nappies-infant-4-8kg-girl",
        "imgName": "724626.jpg",
        "imgSrc": "https://cdn0.woolworths.media/content/wowproductimages/medium/724626.jpg",
        "name": "Huggies Ultra Dry Nappies Infant 4-8kg Girl 96pk jumbo",
        "price": 33,
        "special": 28,
        "unitPrice": "$0.29 / 1EA"
    },
    {
        "category": "specials",
        "href": "https://www.woolworths.com.au/shop/productdetails/694751/essentials-coconut-milk",
        "imgName": "694751.jpg",
        "imgSrc": "https://cdn0.woolworths.media/content/wowproductimages/medium/694751.jpg",
        "name": "Essentials Coconut Milk 400ml",
        "price": 0.95,
        "unitPrice": "$0.24 / 100ML"
    },
    {
        "category": "specials",
        "href": "https://www.woolworths.com.au/shop/productdetails/712024/chobani-no-fat-strawberry-yoghurt",
        "imgName": "712024.jpg",
        "imgSrc": "https://cdn0.woolworths.media/content/wowproductimages/medium/712024.jpg",
        "name": "Chobani No Fat Strawberry Yoghurt 170g",
        "price": 2.25,
        "special": 2,
        "unitPrice": "$1.18 / 100G"
    },
    {
        "category": "specials",
        "href": "https://www.woolworths.com.au/shop/productdetails/708824/gloria-jeans-ground-coffee-smooth-classic-blend",
        "imgName": "708824.jpg",
        "imgSrc": "https://cdn0.woolworths.media/content/wowproductimages/medium/708824.jpg",
        "name": "Gloria Jeans Ground Coffee Smooth Classic Blend 200g",
        "price": 8.8,
        "special": 7.5,
        "unitPrice": "$3.75 / 100G"
    },
    {
        "category": "specials",
        "href": "https://www.woolworths.com.au/shop/productdetails/575866/lynx-you-antiperspirant-deodorant",
        "imgName": "575866.jpg",
        "imgSrc": "https://cdn0.woolworths.media/content/wowproductimages/medium/575866.jpg",
        "name": "Lynx You Antiperspirant Deodorant 160ml",
        "price": 6,
        "special": 4,
        "unitPrice": "$2.50 / 100ML"
    },
    {
        "category": "specials",
        "href": "https://www.woolworths.com.au/shop/productdetails/663832/gatorade-fierce-pineapple",
        "imgName": "663832.jpg",
        "imgSrc": "https://cdn0.woolworths.media/content/wowproductimages/medium/663832.jpg",
        "name": "Gatorade Fierce Pineapple  600ml",
        "price": 3.65,
        "special": 2.15,
        "unitPrice": "$3.58 / 1L"
    },
    {
        "category": "specials",
        "href": "https://www.woolworths.com.au/shop/productdetails/700504/bickfords-super-berry-juice",
        "imgName": "700504.jpg",
        "imgSrc": "https://cdn0.woolworths.media/content/wowproductimages/medium/700504.jpg",
        "name": "Bickfords Super Berry Juice 1l",
        "price": 5.79,
        "special": 5.2,
        "unitPrice": "$5.20 / 1L"
    },
    {
        "category": "specials",
        "href": "https://www.woolworths.com.au/shop/productdetails/743610/karicare-plus-infant-formula-stage-1-from-birth",
        "imgName": "743610.jpg",
        "imgSrc": "https://cdn0.woolworths.media/content/wowproductimages/medium/743610.jpg",
        "name": "Karicare Plus+ Infant Formula Stage 1 From Birth 900g",
        "price": 20,
        "unitPrice": "$2.22 / 100G"
    },
    {
        "category": "specials",
        "href": "https://www.woolworths.com.au/shop/productdetails/743687/karicare-plus-toddler-formula-stage-3-12-months-",
        "imgName": "743687.jpg",
        "imgSrc": "https://cdn0.woolworths.media/content/wowproductimages/medium/743687.jpg",
        "name": "Karicare Plus+ Toddler Formula Stage 3 12 Months+ 900g",
        "price": 16,
        "unitPrice": "$1.78 / 100G"
    },
    {
        "category": "specials",
        "href": "https://www.woolworths.com.au/shop/productdetails/743762/karicare-plus-toddler-formula-stage-4-from-2-years",
        "imgName": "743762.jpg",
        "imgSrc": "https://cdn0.woolworths.media/content/wowproductimages/medium/743762.jpg",
        "name": "Karicare Plus+ Toddler Formula Stage 4 From 2 Years 900g",
        "price": 16,
        "unitPrice": "$1.78 / 100G"
    },
    {
        "category": "specials",
        "href": "https://www.woolworths.com.au/shop/productdetails/744027/homebrand-plasticware-food-storage",
        "imgName": "744027.jpg",
        "imgSrc": "https://cdn0.woolworths.media/content/wowproductimages/medium/744027.jpg",
        "name": "Homebrand Plasticware Food Storage 25pk",
        "price": 10,
        "unitPrice": "$0.40 / 1EA"
    },
    {
        "category": "specials",
        "href": "https://www.woolworths.com.au/shop/productdetails/375733/cenovis-vitamin-d3-1000iu-tablets",
        "imgName": "375733.jpg",
        "imgSrc": "https://cdn0.woolworths.media/content/wowproductimages/medium/375733.jpg",
        "name": "Cenovis Vitamin D3 1000iu Tablets 200",
        "price": 13,
        "unitPrice": "$6.50 / 100EA"
    },
    {
        "category": "specials",
        "href": "https://www.woolworths.com.au/shop/productdetails/757367/tigi-curlesque-spray-amplifier",
        "imgName": "757367.jpg",
        "imgSrc": "https://cdn0.woolworths.media/content/wowproductimages/medium/757367.jpg",
        "name": "Tigi Curlesque Spray Amplifier 150ml",
        "price": 24,
        "unitPrice": "$16.00 / 100ML"
    },
    {
        "category": "specials",
        "href": "https://www.woolworths.com.au/shop/productdetails/481127/baxter-s-dental-sticks-small-breed",
        "imgName": "481127.jpg",
        "imgSrc": "https://cdn0.woolworths.media/content/wowproductimages/medium/481127.jpg",
        "name": "Baxter's Dental Sticks Small Breed 7pk",
        "price": 3,
        "unitPrice": "$0.43 / 1EA"
    },
    {
        "category": "specials",
        "href": "https://www.woolworths.com.au/shop/productdetails/768582/woolworths-australian-baby-beans",
        "imgName": "768582.jpg",
        "imgSrc": "https://cdn0.woolworths.media/content/wowproductimages/medium/768582.jpg",
        "name": "Woolworths Australian Baby Beans 500g",
        "price": 2.35,
        "unitPrice": "$4.70 / 1KG"
    },
    {
        "category": "specials",
        "href": "https://www.woolworths.com.au/shop/productdetails/703709/dari-s-table-hummus-roasted-garlic",
        "imgName": "703709.jpg",
        "imgSrc": "https://cdn0.woolworths.media/content/wowproductimages/medium/703709.jpg",
        "name": "Dari's Table Hummus Roasted Garlic 200g",
        "price": 4.99,
        "special": 4.5,
        "unitPrice": "$2.25 / 100G"
    },
    {
        "category": "specials",
        "href": "https://www.woolworths.com.au/shop/productdetails/748948/australian-prawn-extra-large-tiger-cooked",
        "imgName": "748948.jpg",
        "imgSrc": "https://cdn0.woolworths.media/content/wowproductimages/medium/748948.jpg",
        "name": "Australian Prawn Extra Large Tiger Cooked per kg",
        "price": 38,
        "special": 33,
        "unitPrice": "$33.00 / 1KG"
    },
    {
        "category": "specials",
        "href": "https://www.woolworths.com.au/shop/productdetails/374976/vaalia-kids-yoghurt-pouch-banana",
        "imgName": "374976.jpg",
        "imgSrc": "https://cdn0.woolworths.media/content/wowproductimages/medium/374976.jpg",
        "name": "Vaalia Kids Yoghurt Pouch Banana 140g",
        "price": 1.9,
        "unitPrice": "$1.36 / 100G"
    },
    {
        "category": "specials",
        "href": "https://www.woolworths.com.au/shop/productdetails/768562/woolworths-australian-julienne-carrots",
        "imgName": "768562.jpg",
        "imgSrc": "https://cdn0.woolworths.media/content/wowproductimages/medium/768562.jpg",
        "name": "Woolworths Australian Julienne Carrots 500g"
    },
    {
        "category": "specials",
        "href": "https://www.woolworths.com.au/shop/productdetails/477604/felix-sensations-cat-food-meaty-selection",
        "imgName": "477604.jpg",
        "imgSrc": "https://cdn0.woolworths.media/content/wowproductimages/medium/477604.jpg",
        "name": "Felix Sensations Cat Food Meaty Selection 1020g",
        "price": 10.69,
        "special": 8.5,
        "unitPrice": "$0.83 / 100G"
    },
    {
        "category": "specials",
        "href": "https://www.woolworths.com.au/shop/productdetails/759164/bonds-ladies-underwear-hipster-bikini-fashion-size-10",
        "imgName": "759164.jpg",
        "imgSrc": "https://cdn0.woolworths.media/content/wowproductimages/medium/759164.jpg",
        "name": "Bonds Ladies Underwear Hipster Bikini Fashion Size 10 2pk",
        "price": 18,
        "special": 9
    },
    {
        "category": "specials",
        "href": "https://www.woolworths.com.au/shop/productdetails/452214/majans-bhuja-mix-cracker",
        "imgName": "452214.jpg",
        "imgSrc": "https://cdn0.woolworths.media/content/wowproductimages/medium/452214.jpg",
        "name": "Majans Bhuja Mix Cracker 200g",
        "price": 3.85,
        "special": 2.5,
        "unitPrice": "$1.25 / 100G"
    },
    {
        "category": "specials",
        "href": "https://www.woolworths.com.au/shop/productdetails/765905/urbane-mess-grooming-wax",
        "imgName": "765905.jpg",
        "imgSrc": "https://cdn0.woolworths.media/content/wowproductimages/medium/765905.jpg",
        "name": "Urbane Mess Grooming Wax  85g"
    },
    {
        "category": "specials",
        "href": "https://www.woolworths.com.au/shop/productdetails/758083/i-j-light-and-crispy-battered-fish",
        "imgName": "758083.jpg",
        "imgSrc": "https://cdn0.woolworths.media/content/wowproductimages/medium/758083.jpg",
        "name": "I&j Light And Crispy Battered Fish  1kg",
        "price": 10,
        "unitPrice": "$10.00 / 1KG"
    },
    {
        "category": "specials",
        "href": "https://www.woolworths.com.au/shop/productdetails/785627/raw-c-coconut-water-pure-natural",
        "imgName": "785627.jpg",
        "imgSrc": "https://cdn0.woolworths.media/content/wowproductimages/medium/785627.jpg",
        "name": "Raw C Coconut Water Pure Natural 1l",
        "price": 5,
        "special": 4,
        "unitPrice": "$4.00 / 1L"
    },
    {
        "category": "specials",
        "href": "https://www.woolworths.com.au/shop/productdetails/762635/m-m-s-christmas-tube",
        "imgName": "762635.jpg",
        "imgSrc": "https://cdn0.woolworths.media/content/wowproductimages/medium/762635.jpg",
        "name": "M&m's Christmas Tube  50g",
        "price": 2,
        "special": 1,
        "unitPrice": "$2.00 / 100G"
    },
    {
        "category": "specials",
        "href": "https://www.woolworths.com.au/shop/productdetails/748817/all-day-socks-mens-black-size-7-10",
        "imgName": "748817.jpg",
        "imgSrc": "https://cdn0.woolworths.media/content/wowproductimages/medium/748817.jpg",
        "name": "All Day Socks Mens Black Size 7-10 2pk",
        "price": 15,
        "special": 10,
        "unitPrice": "$5.00 / 1EA"
    },
    {
        "category": "specials",
        "href": "https://www.woolworths.com.au/shop/productdetails/766506/woolworths-select-broom-indoor",
        "imgName": "766506.jpg",
        "imgSrc": "https://cdn0.woolworths.media/content/wowproductimages/medium/766506.jpg",
        "name": "Woolworths Select Broom Indoor each",
        "price": 7.99,
        "unitPrice": "$7.99 / 1EA"
    },
    {
        "category": "specials",
        "href": "https://www.woolworths.com.au/shop/productdetails/728109/fancy-feast-royale-cat-food-broth-with-whitebait",
        "imgName": "728109.jpg",
        "imgSrc": "https://cdn0.woolworths.media/content/wowproductimages/medium/728109.jpg",
        "name": "Fancy Feast Royale Cat Food Broth With Whitebait 4x40g",
        "price": 4.45,
        "special": 4,
        "unitPrice": "$2.50 / 100G"
    },
    {
        "category": "specials",
        "href": "https://www.woolworths.com.au/shop/productdetails/731019/hershey-s-topping-hot-fudge",
        "imgName": "731019.jpg",
        "imgSrc": "https://cdn0.woolworths.media/content/wowproductimages/medium/731019.jpg",
        "name": "Hershey's Topping Hot Fudge 362g",
        "price": 6,
        "special": 3,
        "unitPrice": "$0.83 / 100G"
    },
    {
        "category": "specials",
        "href": "https://www.woolworths.com.au/shop/productdetails/721797/tena-pants-for-women-large",
        "imgName": "721797.jpg",
        "imgSrc": "https://cdn0.woolworths.media/content/wowproductimages/medium/721797.jpg",
        "name": "Tena Pants For Women Large 8pk",
        "price": 12.5,
        "unitPrice": "$1.56 / 1EA"
    },
    {
        "category": "specials",
        "href": "https://www.woolworths.com.au/shop/productdetails/729963/zoosh-french-onion-dip",
        "imgName": "729963.jpg",
        "imgSrc": "https://cdn0.woolworths.media/content/wowproductimages/medium/729963.jpg",
        "name": "Zoosh French Onion Dip 185g",
        "price": 2.5,
        "special": 2,
        "unitPrice": "$1.08 / 100G"
    },
    {
        "category": "specials",
        "href": "https://www.woolworths.com.au/shop/productdetails/721080/woolworths-select-after-sun-aloe-vera-tube",
        "imgName": "721080.jpg",
        "imgSrc": "https://cdn0.woolworths.media/content/wowproductimages/medium/721080.jpg",
        "name": "Woolworths Select After Sun Aloe Vera Tube 200ml",
        "price": 4,
        "unitPrice": "$2.00 / 100ML"
    },
    {
        "category": "specials",
        "href": "https://www.woolworths.com.au/shop/productdetails/726367/woolworths-select-sultanas",
        "imgName": "726367.jpg",
        "imgSrc": "https://cdn0.woolworths.media/content/wowproductimages/medium/726367.jpg",
        "name": "Woolworths Select Sultanas  375g",
        "price": 2.6,
        "unitPrice": "$6.93 / 1KG"
    },
    {
        "category": "specials",
        "href": "https://www.woolworths.com.au/shop/productdetails/754076/woolworths-select-cling-wrap",
        "imgName": "754076.jpg",
        "imgSrc": "https://cdn0.woolworths.media/content/wowproductimages/medium/754076.jpg",
        "name": "Woolworths Select Cling Wrap  33cmx150m",
        "price": 6.5,
        "special": 3.75,
        "unitPrice": "$0.03 / 1M"
    },
    {
        "category": "specials",
        "href": "https://www.woolworths.com.au/shop/productdetails/755045/tampax-pearl-regular-tampons-light-flow-with-plastic-applicator",
        "imgName": "755045.jpg",
        "imgSrc": "https://cdn0.woolworths.media/content/wowproductimages/medium/755045.jpg",
        "name": "Tampax Pearl Regular Tampons Light Flow With Plastic Applicator 20pk",
        "price": 7.7,
        "unitPrice": "$0.39 / 1EA"
    },
    {
        "category": "specials",
        "href": "https://www.woolworths.com.au/shop/productdetails/751371/whittakers-dark-chocolate-72-cocoa-ghana",
        "imgName": "751371.jpg",
        "imgSrc": "https://cdn0.woolworths.media/content/wowproductimages/medium/751371.jpg",
        "name": "Whittakers Dark Chocolate 72% Cocoa Ghana 200g block",
        "price": 4.8,
        "special": 3.5,
        "unitPrice": "$1.75 / 100G"
    },
    {
        "category": "specials",
        "href": "https://www.woolworths.com.au/shop/productdetails/326780/chupa-chups-lollipops-best-of",
        "imgName": "326780.jpg",
        "imgSrc": "https://cdn0.woolworths.media/content/wowproductimages/medium/326780.jpg",
        "name": "Chupa Chups Lollipops Best Of 8pk 96g",
        "price": 1.9,
        "special": 1.5,
        "unitPrice": "$1.56 / 100G"
    },
    {
        "category": "specials",
        "href": "https://www.woolworths.com.au/shop/productdetails/327329/l-oreal-casting-cr-me-gloss-323-dark-chocolate",
        "imgName": "327329.jpg",
        "imgSrc": "https://cdn0.woolworths.media/content/wowproductimages/medium/327329.jpg",
        "name": "L'oreal Casting Cr\u00e8me Gloss 323 Dark Chocolate 1pk",
        "price": 16,
        "special": 11
    },
    {
        "category": "specials",
        "href": "https://www.woolworths.com.au/shop/productdetails/346831/woolworths-pasta-penne-rigate",
        "imgName": "346831.jpg",
        "imgSrc": "https://cdn0.woolworths.media/content/wowproductimages/medium/346831.jpg",
        "name": "Woolworths Pasta Penne Rigate 500g",
        "price": 1,
        "unitPrice": "$0.20 / 100G"
    },
    {
        "category": "specials",
        "href": "https://www.woolworths.com.au/shop/productdetails/744980/garnier-fructis-oil-treatment-miraculous",
        "imgName": "744980.jpg",
        "imgSrc": "https://cdn0.woolworths.media/content/wowproductimages/medium/744980.jpg",
        "name": "Garnier Fructis Oil Treatment Miraculous 150ml",
        "price": 11.95,
        "special": 8.95,
        "unitPrice": "$5.97 / 100ML"
    },
    {
        "category": "specials",
        "href": "https://www.woolworths.com.au/shop/productdetails/715632/babylove-sleepy-nights-overnight-pants-18-35kg",
        "imgName": "715632.jpg",
        "imgSrc": "https://cdn0.woolworths.media/content/wowproductimages/medium/715632.jpg",
        "name": "Babylove Sleepy Nights Overnight Pants 18-35kg 9pk",
        "price": 11,
        "special": 9,
        "unitPrice": "$1.00 / 1EA"
    },
    {
        "category": "specials",
        "href": "https://www.woolworths.com.au/shop/productdetails/575867/lynx-you-body-wash-refreshing-fragrances",
        "imgName": "575867.jpg",
        "imgSrc": "https://cdn0.woolworths.media/content/wowproductimages/medium/575867.jpg",
        "name": "Lynx You Body Wash Refreshing Fragrances 400ml",
        "price": 6.25,
        "special": 4.3,
        "unitPrice": "$1.08 / 100ML"
    },
    {
        "category": "specials",
        "href": "https://www.woolworths.com.au/shop/productdetails/792988/higher-living-chai-green-tea",
        "imgName": "792988.jpg",
        "imgSrc": "https://cdn0.woolworths.media/content/wowproductimages/medium/792988.jpg",
        "name": "Higher Living Chai Green Tea",
        "price": 3.7,
        "special": 2.5,
        "unitPrice": "$6.25 / 100G"
    },
    {
        "category": "specials",
        "href": "https://www.woolworths.com.au/shop/productdetails/769354/l-oreal-preference-deep-purple-pearl-p38",
        "imgName": "769354.jpg",
        "imgSrc": "https://cdn0.woolworths.media/content/wowproductimages/medium/769354.jpg",
        "name": "L'oreal Preference Deep Purple Pearl P38 each",
        "price": 19,
        "special": 13
    },
    {
        "category": "specials",
        "href": "https://www.woolworths.com.au/shop/productdetails/769484/sensodyne-toothpaste-complete-care",
        "imgName": "769484.jpg",
        "imgSrc": "https://cdn0.woolworths.media/content/wowproductimages/medium/769484.jpg",
        "name": "Sensodyne Toothpaste Complete Care 100g",
        "price": 11,
        "special": 9,
        "unitPrice": "$9.00 / 100G"
    },
    {
        "category": "specials",
        "href": "https://www.woolworths.com.au/shop/productdetails/828746/woolworths-roasted-garlic-mash",
        "imgName": "828746.jpg",
        "imgSrc": "https://cdn0.woolworths.media/content/wowproductimages/medium/828746.jpg",
        "name": "Woolworths Roasted Garlic Mash  475g",
        "price": 5.99,
        "special": 5,
        "unitPrice": "$1.05 / 100G"
    },
    {
        "category": "specials",
        "href": "https://www.woolworths.com.au/shop/productdetails/866834/dettol-healthy-clean-bathroom-spray",
        "imgName": "866834.jpg",
        "imgSrc": "https://cdn0.woolworths.media/content/wowproductimages/medium/866834.jpg",
        "name": "Dettol Healthy Clean Bathroom Spray 500ml",
        "price": 4.49,
        "special": 3,
        "unitPrice": "$0.60 / 100ML"
    },
    {
        "category": "specials",
        "href": "https://www.woolworths.com.au/shop/productdetails/793261/lynx-hair-shampoo-conditioner-2in1-anarchy",
        "imgName": "793261.jpg",
        "imgSrc": "https://cdn0.woolworths.media/content/wowproductimages/medium/793261.jpg",
        "name": "Lynx Hair Shampoo & Conditioner 2in1 Anarchy 355ml",
        "price": 8,
        "special": 5.5,
        "unitPrice": "$1.55 / 100ML"
    },
    {
        "category": "specials",
        "href": "https://www.woolworths.com.au/shop/productdetails/642960/woolworths-simply-heat-smoked-beef-brisket",
        "imgName": "642960.jpg",
        "imgSrc": "https://cdn0.woolworths.media/content/wowproductimages/medium/642960.jpg",
        "name": "Woolworths Simply Heat Smoked Beef Brisket min. 750g",
        "price": 15.75,
        "special": 15,
        "unitPrice": "$20.00 / 1KG"
    },
    {
        "category": "specials",
        "href": "https://www.woolworths.com.au/shop/productdetails/892611/homebrand-sweetened-condensed-milk",
        "imgName": "892611.jpg",
        "imgSrc": "https://cdn0.woolworths.media/content/wowproductimages/medium/892611.jpg",
        "name": "Homebrand Sweetened Condensed Milk  395g",
        "price": 1.6,
        "unitPrice": "$0.41 / 100G"
    },
    {
        "category": "specials",
        "href": "https://www.woolworths.com.au/shop/productdetails/782842/woolworths-essentials-cookware-griddle",
        "imgName": "782842.jpg",
        "imgSrc": "https://cdn0.woolworths.media/content/wowproductimages/medium/782842.jpg",
        "name": "Woolworths Essentials Cookware Griddle 28x5cm each",
        "price": 17,
        "special": 11.9
    },
    {
        "category": "specials",
        "href": "https://www.woolworths.com.au/shop/productdetails/783347/earth-choice-top-front-loader-liquid",
        "imgName": "783347.jpg",
        "imgSrc": "https://cdn0.woolworths.media/content/wowproductimages/medium/783347.jpg",
        "name": "Earth Choice Top & Front Loader Liquid 4l",
        "price": 16,
        "unitPrice": "$4.00 / 1L"
    },
    {
        "category": "specials",
        "href": "https://www.woolworths.com.au/shop/productdetails/765474/olsent-spiral-cfl-warm-white-bc-20w",
        "imgName": "765474.jpg",
        "imgSrc": "https://cdn0.woolworths.media/content/wowproductimages/medium/765474.jpg",
        "name": "Olsent Spiral Cfl Warm White Bc 20w 2pk",
        "price": 10,
        "unitPrice": "$5.00 / 1EA"
    },
    {
        "category": "specials",
        "href": "https://www.woolworths.com.au/shop/productdetails/765739/bulldog-face-care-sensitive-moisturizer",
        "imgName": "765739.jpg",
        "imgSrc": "https://cdn0.woolworths.media/content/wowproductimages/medium/765739.jpg",
        "name": "Bulldog Face Care Sensitive Moisturizer 100ml",
        "price": 12.5,
        "special": 8.5,
        "unitPrice": "$8.50 / 100ML"
    },
    {
        "category": "specials",
        "href": "https://www.woolworths.com.au/shop/productdetails/766473/ocean-blue-surimi-sea-sticks",
        "imgName": "766473.jpg",
        "imgSrc": "https://cdn0.woolworths.media/content/wowproductimages/medium/766473.jpg",
        "name": "Ocean Blue Surimi Sea Sticks 150g",
        "price": 4.5,
        "special": 3.5,
        "unitPrice": "$23.33 / 1KG"
    },
    {
        "category": "specials",
        "href": "https://www.woolworths.com.au/shop/productdetails/824912/steggles-chicken-breast-schnitzel-panko-quinoa",
        "imgName": "824912.jpg",
        "imgSrc": "https://cdn0.woolworths.media/content/wowproductimages/medium/824912.jpg",
        "name": "Steggles Chicken Breast Schnitzel Panko & Quinoa 600g",
        "price": 9,
        "unitPrice": "$15.00 / 1KG"
    },
    {
        "category": "specials",
        "href": "https://www.woolworths.com.au/shop/productdetails/827950/woolworths-select-protect-super-absorbent-pads-with-wings",
        "imgName": "827950.jpg",
        "imgSrc": "https://cdn0.woolworths.media/content/wowproductimages/medium/827950.jpg",
        "name": "Woolworths Select Protect Super Absorbent Pads With Wings 14pk",
        "price": 2,
        "unitPrice": "$0.14 / 1EA"
    },
    {
        "category": "specials",
        "href": "https://www.woolworths.com.au/shop/productdetails/759496/woolworths-select-facial-tissues",
        "imgName": "759496.jpg",
        "imgSrc": "https://cdn0.woolworths.media/content/wowproductimages/medium/759496.jpg",
        "name": "Woolworths Select Facial Tissues  224pk",
        "price": 0.95,
        "unitPrice": "$0.42 / 100SS"
    },
    {
        "category": "specials",
        "href": "https://www.woolworths.com.au/shop/productdetails/756587/macro-organic-6-months-pear-banana-and-berry-yoghurt",
        "imgName": "756587.jpg",
        "imgSrc": "https://cdn0.woolworths.media/content/wowproductimages/medium/756587.jpg",
        "name": "Macro Organic 6 Months Pear Banana And Berry Yoghurt 120g",
        "price": 1.5,
        "unitPrice": "$1.25 / 100G"
    },
    {
        "category": "specials",
        "href": "https://www.woolworths.com.au/shop/productdetails/434041/woolworths-corn-chips-supreme",
        "imgName": "434041.jpg",
        "imgSrc": "https://cdn0.woolworths.media/content/wowproductimages/medium/434041.jpg",
        "name": "Woolworths Corn Chips Supreme 200g",
        "price": 2,
        "unitPrice": "$1.00 / 100G"
    },
    {
        "category": "specials",
        "href": "https://www.woolworths.com.au/shop/productdetails/742916/decor-match-ups-glass-storer-oblong",
        "imgName": "742916.jpg",
        "imgSrc": "https://cdn0.woolworths.media/content/wowproductimages/medium/742916.jpg",
        "name": "Decor Match-ups Glass Storer Oblong 1.5l",
        "price": 13.99,
        "special": 6.99
    },
    {
        "category": "specials",
        "href": "https://www.woolworths.com.au/shop/productdetails/779236/mitchum-women-s-deodorant-clinical-powder-fresh",
        "imgName": "779236.jpg",
        "imgSrc": "https://cdn0.woolworths.media/content/wowproductimages/medium/779236.jpg",
        "name": "Mitchum Women's Deodorant Clinical Powder Fresh 45g",
        "price": 10,
        "unitPrice": "$22.22 / 100G"
    },
    {
        "category": "specials",
        "href": "https://www.woolworths.com.au/shop/productdetails/781790/australian-botanical-soap-manuka-honey",
        "imgName": "781790.jpg",
        "imgSrc": "https://cdn0.woolworths.media/content/wowproductimages/medium/781790.jpg",
        "name": "Australian Botanical Soap Manuka Honey 200g",
        "price": 4,
        "special": 3.5,
        "unitPrice": "$1.75 / 100G"
    },
    {
        "category": "specials",
        "href": "https://www.woolworths.com.au/shop/productdetails/428726/mckenzie-s-bi-carb-soda",
        "imgName": "428726.jpg",
        "imgSrc": "https://cdn0.woolworths.media/content/wowproductimages/medium/428726.jpg",
        "name": "Mckenzie's Bi Carb Soda  1kg",
        "price": 3.5,
        "special": 3,
        "unitPrice": "$0.30 / 100G"
    },
    {
        "category": "specials",
        "href": "https://www.woolworths.com.au/shop/productdetails/433272/soften-concentrated-fabric-softener-sensitive",
        "imgName": "433272.jpg",
        "imgSrc": "https://cdn0.woolworths.media/content/wowproductimages/medium/433272.jpg",
        "name": "Soften Concentrated Fabric Softener Sensitive 1l",
        "price": 3.8,
        "unitPrice": "$3.80 / 1L"
    },
    {
        "category": "specials",
        "href": "https://www.woolworths.com.au/shop/productdetails/761208/cattle-country-burgers-angus-beef",
        "imgName": "761208.jpg",
        "imgSrc": "https://cdn0.woolworths.media/content/wowproductimages/medium/761208.jpg",
        "name": "Cattle Country Burgers Angus Beef 600g",
        "price": 8.99,
        "special": 7.86,
        "unitPrice": "$1.31 / 100G"
    },
    {
        "category": "specials",
        "href": "https://www.woolworths.com.au/shop/productdetails/751971/vaalia-kids-lactose-free-youghurt-pouch-vanilla",
        "imgName": "751971.jpg",
        "imgSrc": "https://cdn0.woolworths.media/content/wowproductimages/medium/751971.jpg",
        "name": "Vaalia Kids Lactose Free Youghurt Pouch Vanilla 140g",
        "price": 1.9,
        "unitPrice": "$1.36 / 100G"
    },
    {
        "category": "specials",
        "href": "https://www.woolworths.com.au/shop/productdetails/754807/depend-real-fit-for-women-underwear-extra-large",
        "imgName": "754807.jpg",
        "imgSrc": "https://cdn0.woolworths.media/content/wowproductimages/medium/754807.jpg",
        "name": "Depend Real Fit For Women Underwear Extra Large 8pk",
        "price": 12,
        "unitPrice": "$1.50 / 1EA"
    },
    {
        "category": "specials",
        "href": "https://www.woolworths.com.au/shop/productdetails/763721/purina-total-care-mini-oinker-mini-oinker",
        "imgName": "763721.jpg",
        "imgSrc": "https://cdn0.woolworths.media/content/wowproductimages/medium/763721.jpg",
        "name": "Purina Total Care Mini Oinker Mini Oinker each",
        "price": 7.4,
        "special": 6,
        "unitPrice": "$6.00 / 1EA"
    },
    {
        "category": "specials",
        "href": "https://www.woolworths.com.au/shop/productdetails/772577/ocean-chef-squid-salt-pepper",
        "imgName": "772577.jpg",
        "imgSrc": "https://cdn0.woolworths.media/content/wowproductimages/medium/772577.jpg",
        "name": "Ocean Chef Squid Salt & Pepper 360g",
        "price": 6,
        "unitPrice": "$16.67 / 1KG"
    },
    {
        "category": "specials",
        "href": "https://www.woolworths.com.au/shop/productdetails/771921/sunrice-rice-snacks-mini-bites-cheese",
        "imgName": "771921.jpg",
        "imgSrc": "https://cdn0.woolworths.media/content/wowproductimages/medium/771921.jpg",
        "name": "Sunrice Rice Snacks Mini Bites  Cheese 160g",
        "price": 4,
        "unitPrice": "$2.50 / 100G"
    },
    {
        "category": "specials",
        "href": "https://www.woolworths.com.au/shop/productdetails/498490/rafferty-s-garden-ready-to-eat-porridge-6-months-pear-banana-mango",
        "imgName": "498490.jpg",
        "imgSrc": "https://cdn0.woolworths.media/content/wowproductimages/medium/498490.jpg",
        "name": "Rafferty's Garden Ready To Eat Porridge 6 Months Pear Banana & Mango 120g",
        "price": 1.65,
        "unitPrice": "$1.38 / 100G"
    },
    {
        "category": "specials",
        "href": "https://www.woolworths.com.au/shop/productdetails/758899/bonds-underwear-hi-leg-plain",
        "imgName": "758899.jpg",
        "imgSrc": "https://cdn0.woolworths.media/content/wowproductimages/medium/758899.jpg",
        "name": "Bonds Underwear Hi Leg Plain 16",
        "price": 13,
        "special": 6.5
    },
    {
        "category": "specials",
        "href": "https://www.woolworths.com.au/shop/productdetails/481180/baxter-s-dental-sticks-medium-large-breed",
        "imgName": "481180.jpg",
        "imgSrc": "https://cdn0.woolworths.media/content/wowproductimages/medium/481180.jpg",
        "name": "Baxter's Dental Sticks Medium-large Breed 7pk",
        "price": 3,
        "unitPrice": "$0.43 / 1EA"
    },
    {
        "category": "specials",
        "href": "https://www.woolworths.com.au/shop/productdetails/769358/palmolive-divine-blends-dishwashing-liquid-vanilla-berries",
        "imgName": "769358.jpg",
        "imgSrc": "https://cdn0.woolworths.media/content/wowproductimages/medium/769358.jpg",
        "name": "Palmolive Divine Blends Dishwashing Liquid Vanilla & Berries 700ml",
        "price": 5.5,
        "special": 4.5,
        "unitPrice": "$0.64 / 100ML"
    },
    {
        "category": "specials",
        "href": "https://www.woolworths.com.au/shop/productdetails/777900/woolworths-frozen-blackberries",
        "imgName": "777900.jpg",
        "imgSrc": "https://cdn0.woolworths.media/content/wowproductimages/medium/777900.jpg",
        "name": "Woolworths Frozen Blackberries  500g",
        "price": 4,
        "unitPrice": "$8.00 / 1KG"
    },
    {
        "category": "specials",
        "href": "https://www.woolworths.com.au/shop/productdetails/655215/nexba-sparkling-raspberry-infusion",
        "imgName": "655215.jpg",
        "imgSrc": "https://cdn0.woolworths.media/content/wowproductimages/medium/655215.jpg",
        "name": "Nexba Sparkling Raspberry Infusion 4x300ml",
        "price": 6.55,
        "special": 5.05,
        "unitPrice": "$4.21 / 1L"
    },
    {
        "category": "specials",
        "href": "https://www.woolworths.com.au/shop/productdetails/900579/yalumba-y-series-riesling",
        "imgName": "900579.jpg",
        "imgSrc": "https://cdn0.woolworths.media/content/wowproductimages/medium/900579.jpg",
        "name": "Yalumba Y Series Riesling  750ml",
        "price": 14,
        "special": 11
    },
    {
        "category": "specials",
        "href": "https://www.woolworths.com.au/shop/productdetails/842507/palmolive-naturals-kids-3in1-funny-honey-shampoo-conditioner-bodywash",
        "imgName": "842507.jpg",
        "imgSrc": "https://cdn0.woolworths.media/content/wowproductimages/medium/842507.jpg",
        "name": "Palmolive Naturals Kids 3in1 Funny Honey Shampoo Conditioner & Bodywash 700ml",
        "price": 7,
        "unitPrice": "$1.00 / 100ML"
    },
    {
        "category": "specials",
        "href": "https://www.woolworths.com.au/shop/productdetails/900093/woolworths-banana-chia-bread-5pk",
        "imgName": "900093.jpg",
        "imgSrc": "https://cdn0.woolworths.media/content/wowproductimages/medium/900093.jpg",
        "name": "Woolworths Banana & Chia Bread 5pk 500g",
        "price": 5,
        "unitPrice": "$1.00 / 100G"
    },
    {
        "category": "specials",
        "href": "https://www.woolworths.com.au/shop/productdetails/830007/fairy-platinum-dish-washing-liquid-lemon",
        "imgName": "830007.jpg",
        "imgSrc": "https://cdn0.woolworths.media/content/wowproductimages/medium/830007.jpg",
        "name": "Fairy Platinum Dish Washing Liquid Lemon 400ml",
        "price": 3.3,
        "unitPrice": "$0.83 / 100ML"
    },
    {
        "category": "specials",
        "href": "https://www.woolworths.com.au/shop/productdetails/838813/five-am-organic-coffee-bean-yoghurt",
        "imgName": "838813.jpg",
        "imgSrc": "https://cdn0.woolworths.media/content/wowproductimages/medium/838813.jpg",
        "name": "Five:am Organic Coffee Bean Yoghurt 700g",
        "price": 6,
        "unitPrice": "$0.86 / 100G"
    },
    {
        "category": "specials",
        "href": "https://www.woolworths.com.au/shop/productdetails/768828/bonds-mens-socks-very-comfy-6-10",
        "imgName": "768828.jpg",
        "imgSrc": "https://cdn0.woolworths.media/content/wowproductimages/medium/768828.jpg",
        "name": "Bonds Mens Socks Very Comfy 6-10 1pk",
        "price": 7,
        "special": 3.5,
        "unitPrice": "$3.50 / 1EA"
    },
    {
        "category": "specials",
        "href": "https://www.woolworths.com.au/shop/productdetails/769248/voost-b-complex-effervescent-tablets",
        "imgName": "769248.jpg",
        "imgSrc": "https://cdn0.woolworths.media/content/wowproductimages/medium/769248.jpg",
        "name": "Voost B Complex Effervescent Tablets 10pk",
        "price": 3.5,
        "unitPrice": "$35.00 / 100EA"
    },
    {
        "category": "specials",
        "href": "https://www.woolworths.com.au/shop/productdetails/786159/lux-fragranced-body-wash-passionate-spell",
        "imgName": "786159.jpg",
        "imgSrc": "https://cdn0.woolworths.media/content/wowproductimages/medium/786159.jpg",
        "name": "Lux Fragranced Body Wash Passionate Spell 400ml",
        "price": 4.5,
        "special": 3.5,
        "unitPrice": "$0.88 / 100ML"
    },
    {
        "category": "specials",
        "href": "https://www.woolworths.com.au/shop/productdetails/883001/woolworths-select-blueberry-muffins-4pk",
        "imgName": "883001.jpg",
        "imgSrc": "https://cdn0.woolworths.media/content/wowproductimages/medium/883001.jpg",
        "name": "Woolworths Select Blueberry Muffins 4pk 420g",
        "price": 3.5,
        "unitPrice": "$0.83 / 100G"
    },
    {
        "category": "specials",
        "href": "https://www.woolworths.com.au/shop/productdetails/886135/lynx-men-body-spray-aerosol-deodorant-black-night",
        "imgName": "886135.jpg",
        "imgSrc": "https://cdn0.woolworths.media/content/wowproductimages/medium/886135.jpg",
        "name": "Lynx Men Body Spray Aerosol Deodorant Black Night 155ml",
        "price": 6,
        "special": 4,
        "unitPrice": "$2.58 / 100ML"
    },
    {
        "category": "specials",
        "href": "https://www.woolworths.com.au/shop/productdetails/786292/palmolive-bodywash-black-orchid-shower-gel",
        "imgName": "786292.jpg",
        "imgSrc": "https://cdn0.woolworths.media/content/wowproductimages/medium/786292.jpg",
        "name": "Palmolive Bodywash Black Orchid Shower Gel 1l",
        "price": 8.5,
        "special": 7,
        "unitPrice": "$0.70 / 100ML"
    },
    {
        "category": "specials",
        "href": "https://www.woolworths.com.au/shop/productdetails/839936/little-one-s-ultra-dry-nappies-newborn-up-to-5kg-boys-girls",
        "imgName": "839936.jpg",
        "imgSrc": "https://cdn0.woolworths.media/content/wowproductimages/medium/839936.jpg",
        "name": "Little One's Ultra Dry Nappies Newborn Up To 5kg Boys & Girls 30pk bulk",
        "price": 4.65,
        "unitPrice": "$0.17 / 1EA"
    },
    {
        "category": "specials",
        "href": "https://www.woolworths.com.au/shop/productdetails/800767/tigi-bed-head-recovery-conditioner",
        "imgName": "800767.jpg",
        "imgSrc": "https://cdn0.woolworths.media/content/wowproductimages/medium/800767.jpg",
        "name": "Tigi Bed Head Recovery Conditioner  200ml",
        "price": 19,
        "unitPrice": "$9.50 / 100ML"
    },
    {
        "category": "specials",
        "href": "https://www.woolworths.com.au/shop/productdetails/828689/creative-kitchen-gold-delight-4-compartment-jar",
        "imgName": "828689.jpg",
        "imgSrc": "https://cdn0.woolworths.media/content/wowproductimages/medium/828689.jpg",
        "name": "Creative Kitchen Gold Delight 4 Compartment Jar",
        "price": 6,
        "special": 4.7,
        "unitPrice": "$3.24 / 100G"
    },
    {
        "category": "specials",
        "href": "https://www.woolworths.com.au/shop/productdetails/826438/cadbury-dairy-milk-chocolate-roast-almond",
        "imgName": "826438.jpg",
        "imgSrc": "https://cdn0.woolworths.media/content/wowproductimages/medium/826438.jpg",
        "name": "Cadbury Dairy Milk Chocolate Roast Almond 200g block",
        "price": 5,
        "special": 3.5,
        "unitPrice": "$1.75 / 100G"
    },
    {
        "category": "specials",
        "href": "https://www.woolworths.com.au/shop/productdetails/853992/essentials-nylon-spoon",
        "imgName": "853992.jpg",
        "imgSrc": "https://cdn0.woolworths.media/content/wowproductimages/medium/853992.jpg",
        "name": "Essentials Nylon Spoon  each",
        "price": 2
    },
    {
        "category": "specials",
        "href": "https://www.woolworths.com.au/shop/productdetails/528236/strike-bath-and-shower-cleaner-antibacterial",
        "imgName": "528236.jpg",
        "imgSrc": "https://cdn0.woolworths.media/content/wowproductimages/medium/528236.jpg",
        "name": "Strike Bath And Shower Cleaner Antibacterial 600ml",
        "price": 2,
        "unitPrice": "$0.33 / 100ML"
    },
    {
        "category": "specials",
        "href": "https://www.woolworths.com.au/shop/productdetails/796561/bonvallis-date-walnut-fruit-log",
        "imgName": "796561.jpg",
        "imgSrc": "https://cdn0.woolworths.media/content/wowproductimages/medium/796561.jpg",
        "name": "Bonvallis Date & Walnut Fruit Log 200g",
        "price": 6.99,
        "special": 6.5,
        "unitPrice": "$32.50 / 1KG"
    },
    {
        "category": "specials",
        "href": "https://www.woolworths.com.au/shop/productdetails/854080/gold-belgian-chocolate-mousse",
        "imgName": "854080.jpg",
        "imgSrc": "https://cdn0.woolworths.media/content/wowproductimages/medium/854080.jpg",
        "name": "Gold Belgian Chocolate Mousse 4 pk 360g",
        "price": 7,
        "special": 6,
        "unitPrice": "$1.67 / 100G"
    },
    {
        "category": "specials",
        "href": "https://www.woolworths.com.au/shop/productdetails/859028/bonds-baby-sportlet-socks",
        "imgName": "859028.jpg",
        "imgSrc": "https://cdn0.woolworths.media/content/wowproductimages/medium/859028.jpg",
        "name": "Bonds Baby Sportlet Socks 3pk",
        "price": 12,
        "special": 8.4,
        "unitPrice": "$2.80 / 1EA"
    },
    {
        "category": "specials",
        "href": "https://www.woolworths.com.au/shop/productdetails/859029/bonds-baby-classic-crew-socks",
        "imgName": "859029.jpg",
        "imgSrc": "https://cdn0.woolworths.media/content/wowproductimages/medium/859029.jpg",
        "name": "Bonds Baby Classic Crew Socks 2pk",
        "price": 10,
        "special": 7,
        "unitPrice": "$3.50 / 1EA"
    },
    {
        "category": "specials",
        "href": "https://www.woolworths.com.au/shop/productdetails/784322/whiskas-kitten-food-chicken-multipack",
        "imgName": "784322.jpg",
        "imgSrc": "https://cdn0.woolworths.media/content/wowproductimages/medium/784322.jpg",
        "name": "Whiskas Kitten Food Chicken Multipack 12pk",
        "price": 7,
        "unitPrice": "$0.69 / 100G"
    },
    {
        "category": "specials",
        "href": "https://www.woolworths.com.au/shop/productdetails/826965/lynx-for-men-aerosol-deodorant-black-antiperspirant",
        "imgName": "826965.jpg",
        "imgSrc": "https://cdn0.woolworths.media/content/wowproductimages/medium/826965.jpg",
        "name": "Lynx For Men Aerosol Deodorant Black Antiperspirant 160ml",
        "price": 6,
        "special": 4,
        "unitPrice": "$2.50 / 100ML"
    },
    {
        "category": "specials",
        "href": "https://www.woolworths.com.au/shop/productdetails/829281/twinings-extra-strong-english-breakfast-tea-bags",
        "imgName": "829281.jpg",
        "imgSrc": "https://cdn0.woolworths.media/content/wowproductimages/medium/829281.jpg",
        "name": "Twinings Extra Strong English Breakfast Tea Bags 80pk",
        "price": 11,
        "special": 7,
        "unitPrice": "$0.09 / 1EA"
    },
    {
        "category": "specials",
        "href": "https://www.woolworths.com.au/shop/productdetails/840556/cadbury-giant-caramello-koala",
        "imgName": "840556.jpg",
        "imgSrc": "https://cdn0.woolworths.media/content/wowproductimages/medium/840556.jpg",
        "name": "Cadbury Giant Caramello Koala  35g",
        "price": 1,
        "special": 0.8,
        "unitPrice": "$2.29 / 100G"
    },
    {
        "category": "specials",
        "href": "https://www.woolworths.com.au/shop/productdetails/899765/nuttelex-buttery-table-spread",
        "imgName": "899765.jpg",
        "imgSrc": "https://cdn0.woolworths.media/content/wowproductimages/medium/899765.jpg",
        "name": "Nuttelex Buttery Table Spread 500g",
        "price": 3.3,
        "special": 2.5,
        "unitPrice": "$0.50 / 100G"
    },
    {
        "category": "specials",
        "href": "https://www.woolworths.com.au/shop/productdetails/755309/brite-organix-semi-permanent-hair-colour-blue",
        "imgName": "755309.jpg",
        "imgSrc": "https://cdn0.woolworths.media/content/wowproductimages/medium/755309.jpg",
        "name": "Brite Organix Semi Permanent Hair Colour Blue 75ml",
        "price": 10,
        "special": 8,
        "unitPrice": "$10.67 / 100ML"
    },
    {
        "category": "specials",
        "href": "https://www.woolworths.com.au/shop/productdetails/891956/neutrogena-hydroboost-mask-face-masks",
        "imgName": "891956.jpg",
        "imgSrc": "https://cdn0.woolworths.media/content/wowproductimages/medium/891956.jpg",
        "name": "Neutrogena Hydroboost Mask Face Masks 5pk",
        "price": 19.99,
        "special": 9.99,
        "unitPrice": "$2.00 / 1EA"
    },
    {
        "category": "specials",
        "href": "https://www.woolworths.com.au/shop/productdetails/916962/bundaberg-red-rum",
        "imgName": "916962.jpg",
        "imgSrc": "https://cdn0.woolworths.media/content/wowproductimages/medium/916962.jpg",
        "name": "Bundaberg Red Rum  700ml",
        "price": 43,
        "special": 38
    },
    {
        "category": "specials",
        "href": "https://www.woolworths.com.au/shop/productdetails/756713/once-upon-a-time-6-months-strawberry-custard",
        "imgName": "756713.jpg",
        "imgSrc": "https://cdn0.woolworths.media/content/wowproductimages/medium/756713.jpg",
        "name": "Once Upon A Time 6 Months Strawberry Custard 120g",
        "price": 1.1,
        "unitPrice": "$0.92 / 100G"
    },
    {
        "category": "specials",
        "href": "https://www.woolworths.com.au/shop/productdetails/757423/palmolive-handwash-refill-foaming-lime-mint",
        "imgName": "757423.jpg",
        "imgSrc": "https://cdn0.woolworths.media/content/wowproductimages/medium/757423.jpg",
        "name": "Palmolive Handwash Refill Foaming Lime & Mint 500ml",
        "price": 5.5,
        "special": 5,
        "unitPrice": "$1.00 / 100ML"
    },
    {
        "category": "specials",
        "href": "https://www.woolworths.com.au/shop/productdetails/661507/dove-strengthen-ritual-shampoo",
        "imgName": "661507.jpg",
        "imgSrc": "https://cdn0.woolworths.media/content/wowproductimages/medium/661507.jpg",
        "name": "Dove Strengthen Ritual Shampoo 320ml"
    },
    {
        "category": "specials",
        "href": "https://www.woolworths.com.au/shop/productdetails/938184/sorbent-toilet-tissue-white",
        "imgName": "938184.jpg",
        "imgSrc": "https://cdn0.woolworths.media/content/wowproductimages/medium/938184.jpg",
        "name": "Sorbent Toilet Tissue White 10pk",
        "price": 6,
        "special": 3.5,
        "unitPrice": "$0.19 / 100SS"
    },
    {
        "category": "specials",
        "href": "https://www.woolworths.com.au/shop/productdetails/720964/woolworths-select-wipes-anti-bacterial-sensitive",
        "imgName": "720964.jpg",
        "imgSrc": "https://cdn0.woolworths.media/content/wowproductimages/medium/720964.jpg",
        "name": "Woolworths Select Wipes Anti Bacterial Sensitive 30pk",
        "price": 1.94,
        "unitPrice": "$6.47 / 100SS"
    },
    {
        "category": "specials",
        "href": "https://www.woolworths.com.au/shop/productdetails/860140/green-gardener-secateurs",
        "imgName": "860140.jpg",
        "imgSrc": "https://cdn0.woolworths.media/content/wowproductimages/medium/860140.jpg",
        "name": "Green Gardener Secateurs  each",
        "price": 6,
        "special": 5
    },
    {
        "category": "specials",
        "href": "https://www.woolworths.com.au/shop/productdetails/894372/naty-by-nature-babycare-baby-wipes-unscented",
        "imgName": "894372.jpg",
        "imgSrc": "https://cdn0.woolworths.media/content/wowproductimages/medium/894372.jpg",
        "name": "Naty By Nature Babycare Baby Wipes Unscented 56pk",
        "price": 5,
        "special": 3.5,
        "unitPrice": "$6.25 / 100EA"
    },
    {
        "category": "specials",
        "href": "https://www.woolworths.com.au/shop/productdetails/763595/woolworths-frozen-apple-pie-snack",
        "imgName": "763595.jpg",
        "imgSrc": "https://cdn0.woolworths.media/content/wowproductimages/medium/763595.jpg",
        "name": "Woolworths Frozen Apple Pie Snack 4pk 500g",
        "price": 2.8,
        "unitPrice": "$0.56 / 100G"
    },
    {
        "category": "specials",
        "href": "https://www.woolworths.com.au/shop/productdetails/842633/pantene-pro-v-classic-clean-shampoo",
        "imgName": "842633.jpg",
        "imgSrc": "https://cdn0.woolworths.media/content/wowproductimages/medium/842633.jpg",
        "name": "Pantene Pro-v Classic Clean Shampoo 900ml",
        "price": 15.7,
        "special": 10,
        "unitPrice": "$1.11 / 100ML"
    },
    {
        "category": "specials",
        "href": "https://www.woolworths.com.au/shop/productdetails/826431/cadbury-old-gold-dark-chocolate-70-cocoa",
        "imgName": "826431.jpg",
        "imgSrc": "https://cdn0.woolworths.media/content/wowproductimages/medium/826431.jpg",
        "name": "Cadbury Old Gold Dark Chocolate 70% Cocoa 200g block",
        "price": 5,
        "special": 3.5,
        "unitPrice": "$1.75 / 100G"
    },
    {
        "category": "specials",
        "href": "https://www.woolworths.com.au/shop/productdetails/732510/woolworths-select-max-charge",
        "imgName": "732510.jpg",
        "imgSrc": "https://cdn0.woolworths.media/content/wowproductimages/medium/732510.jpg",
        "name": "Woolworths Select Max Charge  560g",
        "price": 3.5,
        "unitPrice": "$0.63 / 100G"
    },
    {
        "category": "specials",
        "href": "https://www.woolworths.com.au/shop/productdetails/745940/king-crab-legs-cooked",
        "imgName": "745940.jpg",
        "imgSrc": "https://cdn0.woolworths.media/content/wowproductimages/medium/745940.jpg",
        "name": "King Crab Legs Cooked min. 250g",
        "price": 46,
        "special": 40,
        "unitPrice": "$40.00 / 1KG"
    },
    {
        "category": "specials",
        "href": "https://www.woolworths.com.au/shop/productdetails/776635/first-force-fast-acting-ant-killer-powder",
        "imgName": "776635.jpg",
        "imgSrc": "https://cdn0.woolworths.media/content/wowproductimages/medium/776635.jpg",
        "name": "First Force Fast Acting Ant Killer Powder 500g",
        "price": 6.29,
        "unitPrice": "$1.26 / 100G"
    },
    {
        "category": "specials",
        "href": "https://www.woolworths.com.au/shop/productdetails/913948/chandon-sparkling-brut-rose-nv",
        "imgName": "913948.jpg",
        "imgSrc": "https://cdn0.woolworths.media/content/wowproductimages/medium/913948.jpg",
        "name": "Chandon Sparkling Brut Rose Nv 750ml",
        "price": 29,
        "special": 24
    },
    {
        "category": "specials",
        "href": "https://www.woolworths.com.au/shop/productdetails/857089/nando-s-medium-peri-peri-sauce",
        "imgName": "857089.jpg",
        "imgSrc": "https://cdn0.woolworths.media/content/wowproductimages/medium/857089.jpg",
        "name": "Nando's Medium Peri Peri Sauce 125g",
        "price": 3.7,
        "special": 3,
        "unitPrice": "$2.40 / 100G"
    },
    {
        "category": "specials",
        "href": "https://www.woolworths.com.au/shop/productdetails/729687/bin-buddy-insect-control-citrus-zing",
        "imgName": "729687.jpg",
        "imgSrc": "https://cdn0.woolworths.media/content/wowproductimages/medium/729687.jpg",
        "name": "Bin Buddy Insect Control Citrus Zing 450g",
        "price": 9.95,
        "special": 4.97,
        "unitPrice": "$1.10 / 100G"
    },
    {
        "category": "specials",
        "href": "https://www.woolworths.com.au/shop/productdetails/838679/on-the-menu-chicken-kiev",
        "imgName": "838679.jpg",
        "imgSrc": "https://cdn0.woolworths.media/content/wowproductimages/medium/838679.jpg",
        "name": "On The Menu Chicken Kiev 320g",
        "price": 6,
        "unitPrice": "$1.88 / 100G"
    },
    {
        "category": "specials",
        "href": "https://www.woolworths.com.au/shop/productdetails/748543/depend-real-fit-for-men-underwear-large",
        "imgName": "748543.jpg",
        "imgSrc": "https://cdn0.woolworths.media/content/wowproductimages/medium/748543.jpg",
        "name": "Depend Real Fit For Men Underwear Large 8pk",
        "price": 13,
        "unitPrice": "$1.63 / 1EA"
    },
    {
        "category": "specials",
        "href": "https://www.woolworths.com.au/shop/productdetails/781407/vittoria-coffee-organic-coffee-beans-organic",
        "imgName": "781407.jpg",
        "imgSrc": "https://cdn0.woolworths.media/content/wowproductimages/medium/781407.jpg",
        "name": "Vittoria Coffee Organic Coffee Beans Organic 1kg",
        "price": 37,
        "special": 20,
        "unitPrice": "$2.00 / 100G"
    },
    {
        "category": "specials",
        "href": "https://www.woolworths.com.au/shop/productdetails/781541/sara-lee-strawberries-cream-ice-cream",
        "imgName": "781541.jpg",
        "imgSrc": "https://cdn0.woolworths.media/content/wowproductimages/medium/781541.jpg",
        "name": "Sara Lee Strawberries & Cream Ice Cream 1l",
        "price": 9,
        "special": 6,
        "unitPrice": "$0.60 / 100ML"
    },
    {
        "category": "specials",
        "href": "https://www.woolworths.com.au/shop/productdetails/868708/mud-pressed-powder-001-ivory",
        "imgName": "868708.jpg",
        "imgSrc": "https://cdn0.woolworths.media/content/wowproductimages/medium/868708.jpg",
        "name": "Mud Pressed Powder 001 Ivory 5g",
        "price": 4.5,
        "unitPrice": "$9.00 / 10G"
    },
    {
        "category": "specials",
        "href": "https://www.woolworths.com.au/shop/productdetails/865321/pauls-milky-max-strawberry-flavoured-milk",
        "imgName": "865321.jpg",
        "imgSrc": "https://cdn0.woolworths.media/content/wowproductimages/medium/865321.jpg",
        "name": "Pauls Milky Max Strawberry Flavoured Milk 250ml",
        "price": 1.95,
        "unitPrice": "$7.80 / 1L"
    },
    {
        "category": "specials",
        "href": "https://www.woolworths.com.au/shop/productdetails/847787/friskies-kitten-discoveries",
        "imgName": "847787.jpg",
        "imgSrc": "https://cdn0.woolworths.media/content/wowproductimages/medium/847787.jpg",
        "name": "Friskies Kitten Discoveries 1kg",
        "price": 4,
        "unitPrice": "$0.40 / 100G"
    },
    {
        "category": "specials",
        "href": "https://www.woolworths.com.au/shop/productdetails/855766/vo5-groomed-wax-styling",
        "imgName": "855766.jpg",
        "imgSrc": "https://cdn0.woolworths.media/content/wowproductimages/medium/855766.jpg",
        "name": "Vo5 Groomed Wax Styling 75ml",
        "price": 5,
        "unitPrice": "$6.67 / 100ML"
    },
    {
        "category": "specials",
        "href": "https://www.woolworths.com.au/shop/productdetails/923915/decor-thermostone-realseal-oblong-baking-dish",
        "imgName": "923915.jpg",
        "imgSrc": "https://cdn0.woolworths.media/content/wowproductimages/medium/923915.jpg",
        "name": "Decor Thermostone Realseal Oblong Baking Dish 1.8l",
        "price": 21.99,
        "special": 10.99
    },
    {
        "category": "specials",
        "href": "https://www.woolworths.com.au/shop/productdetails/248892/colgate-total-toothpaste-advanced-whitening",
        "imgName": "248892.jpg",
        "imgSrc": "https://cdn0.woolworths.media/content/wowproductimages/medium/248892.jpg",
        "name": "Colgate Total Toothpaste Advanced Whitening 110g",
        "price": 4,
        "unitPrice": "$3.64 / 100G"
    },
    {
        "category": "specials",
        "href": "https://www.woolworths.com.au/shop/productdetails/983303/mistwood-gin-with-orange-bitters",
        "imgName": "983303.jpg",
        "imgSrc": "https://cdn0.woolworths.media/content/wowproductimages/medium/983303.jpg",
        "name": "Mistwood Gin With Orange & Bitters 4x320ml",
        "price": 23,
        "special": 22
    },
    {
        "category": "specials",
        "href": "https://www.woolworths.com.au/shop/productdetails/642908/castaway-apple-cider-low-carb-bottles",
        "imgName": "642908.jpg",
        "imgSrc": "https://cdn0.woolworths.media/content/wowproductimages/medium/642908.jpg",
        "name": "Castaway Apple Cider Low Carb Bottles 24x330ml case",
        "price": 42,
        "special": 42
    },
    {
        "category": "specials",
        "href": "https://www.woolworths.com.au/shop/productdetails/642916/somersby-apple-cider-bottles",
        "imgName": "642916.jpg",
        "imgSrc": "https://cdn0.woolworths.media/content/wowproductimages/medium/642916.jpg",
        "name": "Somersby Apple Cider Bottles 24x330ml case",
        "price": 50,
        "special": 50
    },
    {
        "category": "specials",
        "href": "https://www.woolworths.com.au/shop/productdetails/698854/ruski-vodka-lemon",
        "imgName": "698854.jpg",
        "imgSrc": "https://cdn0.woolworths.media/content/wowproductimages/medium/698854.jpg",
        "name": "Ruski Vodka Lemon 4x275ml",
        "price": 17,
        "special": 16
    },
    {
        "category": "specials",
        "href": "https://www.woolworths.com.au/shop/productdetails/526222/frey-chocolate-block-sea-salt-caramel",
        "imgName": "526222.jpg",
        "imgSrc": "https://cdn0.woolworths.media/content/wowproductimages/medium/526222.jpg",
        "name": "Frey Chocolate Block Sea Salt Caramel 100g",
        "price": 2.5,
        "unitPrice": "$2.50 / 100G"
    },
    {
        "category": "specials",
        "href": "https://www.woolworths.com.au/shop/productdetails/493590/aunt-betty-s-brandy-snap-pudding-with-toffee-sauce",
        "imgName": "493590.jpg",
        "imgSrc": "https://cdn0.woolworths.media/content/wowproductimages/medium/493590.jpg",
        "name": "Aunt Betty's Brandy Snap Pudding With Toffee Sauce 2pk",
        "price": 4,
        "special": 3,
        "unitPrice": "$1.58 / 100G"
    },
    {
        "category": "specials",
        "href": "https://www.woolworths.com.au/shop/productdetails/661424/mccain-healthy-choice-honey-stir-fry-chicken-stir-fry",
        "imgName": "661424.jpg",
        "imgSrc": "https://cdn0.woolworths.media/content/wowproductimages/medium/661424.jpg",
        "name": "Mccain Healthy Choice Honey Stir Fry Chicken Stir Fry 330g",
        "price": 4,
        "unitPrice": "$1.21 / 100G"
    },
    {
        "category": "specials",
        "href": "https://www.woolworths.com.au/shop/productdetails/250608/woolworths-cookies-triple-choc",
        "imgName": "250608.jpg",
        "imgSrc": "https://cdn0.woolworths.media/content/wowproductimages/medium/250608.jpg",
        "name": "Woolworths Cookies Triple Choc 24pk 500g",
        "price": 5,
        "unitPrice": "$0.21 / 1EA"
    },
    {
        "category": "specials",
        "href": "https://www.woolworths.com.au/shop/productdetails/515156/terry-s-choco-orange-milk-ball",
        "imgName": "515156.jpg",
        "imgSrc": "https://cdn0.woolworths.media/content/wowproductimages/medium/515156.jpg",
        "name": "Terry's Choco Orange Milk Ball  157g",
        "price": 6,
        "special": 4.5,
        "unitPrice": "$2.87 / 100G"
    },
    {
        "category": "specials",
        "href": "https://www.woolworths.com.au/shop/productdetails/903588/montes-alpha-south-american-imported-cabernet-sauvignon",
        "imgName": "903588.jpg",
        "imgSrc": "https://cdn0.woolworths.media/content/wowproductimages/medium/903588.jpg",
        "name": "Montes Alpha South American Imported Cabernet Sauvignon 750ml",
        "price": 29,
        "special": 24
    },
    {
        "category": "specials",
        "href": "https://www.woolworths.com.au/shop/productdetails/479507/tip-top-cafe-style-brioche-bread-with-fruit",
        "imgName": "479507.jpg",
        "imgSrc": "https://cdn0.woolworths.media/content/wowproductimages/medium/479507.jpg",
        "name": "Tip Top Cafe Style Brioche Bread With Fruit 500g",
        "price": 4,
        "unitPrice": "$0.80 / 100G"
    },
    {
        "category": "specials",
        "href": "https://www.woolworths.com.au/shop/productdetails/580712/dettol-surface-wipes",
        "imgName": "580712.jpg",
        "imgSrc": "https://cdn0.woolworths.media/content/wowproductimages/medium/580712.jpg",
        "name": "Dettol Surface Wipes  45pk",
        "price": 4,
        "unitPrice": "$0.09 / 1EA"
    },
    {
        "category": "specials",
        "href": "https://www.woolworths.com.au/shop/productdetails/424700/macro-coffee-beans-peruvian-dark",
        "imgName": "424700.jpg",
        "imgSrc": "https://cdn0.woolworths.media/content/wowproductimages/medium/424700.jpg",
        "name": "Macro Coffee Beans Peruvian Dark 1kg",
        "price": 25,
        "unitPrice": "$2.50 / 100G"
    },
    {
        "category": "specials",
        "href": "https://www.woolworths.com.au/shop/productdetails/581342/pine-o-cleen-surface-wipes",
        "imgName": "581342.jpg",
        "imgSrc": "https://cdn0.woolworths.media/content/wowproductimages/medium/581342.jpg",
        "name": "Pine O Cleen Surface Wipes  180pk",
        "price": 14,
        "unitPrice": "$0.08 / 1EA"
    },
    {
        "category": "specials",
        "href": "https://www.woolworths.com.au/shop/productdetails/840351/balthazar-of-the-barossa-shiraz",
        "imgName": "840351.jpg",
        "imgSrc": "https://cdn0.woolworths.media/content/wowproductimages/medium/840351.jpg",
        "name": "Balthazar Of The Barossa Shiraz  750ml",
        "price": 46,
        "special": 36
    },
    {
        "category": "specials",
        "href": "https://www.woolworths.com.au/shop/productdetails/893790/chapel-hill-shiraz-the-vinedresser",
        "imgName": "893790.jpg",
        "imgSrc": "https://cdn0.woolworths.media/content/wowproductimages/medium/893790.jpg",
        "name": "Chapel Hill Shiraz The Vinedresser 750ml bottle",
        "price": 27,
        "special": 21
    },
    {
        "category": "specials",
        "href": "https://www.woolworths.com.au/shop/productdetails/777085/twisted-frozen-yoghurt-chocolate-coconut",
        "imgName": "777085.jpg",
        "imgSrc": "https://cdn0.woolworths.media/content/wowproductimages/medium/777085.jpg",
        "name": "Twisted Frozen Yoghurt Chocolate & Coconut 450ml tub",
        "price": 6.99,
        "unitPrice": "$1.46 / 100ML"
    },
    {
        "category": "specials",
        "href": "https://www.woolworths.com.au/shop/productdetails/777898/woolworths-frozen-tropical-fruit",
        "imgName": "777898.jpg",
        "imgSrc": "https://cdn0.woolworths.media/content/wowproductimages/medium/777898.jpg",
        "name": "Woolworths Frozen Tropical Fruit 500g",
        "price": 4,
        "unitPrice": "$8.00 / 1KG"
    },
    {
        "category": "specials",
        "href": "https://www.woolworths.com.au/shop/productdetails/360352/woolworths-select-microwave-white-long-grain-rice-family",
        "imgName": "360352.jpg",
        "imgSrc": "https://cdn0.woolworths.media/content/wowproductimages/medium/360352.jpg",
        "name": "Woolworths Select Microwave White Long Grain Rice Family 450g",
        "price": 2.5,
        "unitPrice": "$0.56 / 100G"
    },
    {
        "category": "specials",
        "href": "https://www.woolworths.com.au/shop/productdetails/551853/woolworths-vanilla-ice-cream-sticks",
        "imgName": "551853.jpg",
        "imgSrc": "https://cdn0.woolworths.media/content/wowproductimages/medium/551853.jpg",
        "name": "Woolworths Vanilla Ice Cream Sticks 4pk 424ml",
        "price": 4,
        "unitPrice": "$0.94 / 100ML"
    },
    {
        "category": "specials",
        "href": "https://www.woolworths.com.au/shop/productdetails/479940/libra-ultra-thins-sanitary-pads-thin-regular",
        "imgName": "479940.jpg",
        "imgSrc": "https://cdn0.woolworths.media/content/wowproductimages/medium/479940.jpg",
        "name": "Libra Ultra Thins Sanitary Pads Thin Regular 14pk",
        "price": 4.65,
        "unitPrice": "$0.33 / 1EA"
    },
    {
        "category": "specials",
        "href": "https://www.woolworths.com.au/shop/productdetails/78630/safcol-salmon-premium",
        "imgName": "078630.jpg",
        "imgSrc": "https://cdn0.woolworths.media/content/wowproductimages/medium/078630.jpg",
        "name": "Safcol Salmon Premium 200g",
        "price": 5,
        "unitPrice": "$25.00 / 1KG"
    },
    {
        "category": "specials",
        "href": "https://www.woolworths.com.au/shop/productdetails/607594/heinz-honey-mustard-sauce",
        "imgName": "607594.jpg",
        "imgSrc": "https://cdn0.woolworths.media/content/wowproductimages/medium/607594.jpg",
        "name": "Heinz Honey Mustard Sauce 220ml",
        "price": 2.75,
        "special": 2,
        "unitPrice": "$0.91 / 100ML"
    },
    {
        "category": "specials",
        "href": "https://www.woolworths.com.au/shop/productdetails/222992/gravox-gravy-liquid-brown-onion",
        "imgName": "222992.jpg",
        "imgSrc": "https://cdn0.woolworths.media/content/wowproductimages/medium/222992.jpg",
        "name": "Gravox Gravy Liquid Brown Onion 165g",
        "price": 2,
        "unitPrice": "$1.21 / 100G"
    },
    {
        "category": "specials",
        "href": "https://www.woolworths.com.au/shop/productdetails/32822/masterfoods-mustard-wholegrain",
        "imgName": "032822.jpg",
        "imgSrc": "https://cdn0.woolworths.media/content/wowproductimages/medium/032822.jpg",
        "name": "Masterfoods Mustard Wholegrain 175g",
        "price": 3,
        "special": 2.5,
        "unitPrice": "$1.43 / 100G"
    },
    {
        "category": "specials",
        "href": "https://www.woolworths.com.au/shop/productdetails/485734/essano-argan-oil-hair-recovery-serum",
        "imgName": "485734.jpg",
        "imgSrc": "https://cdn0.woolworths.media/content/wowproductimages/medium/485734.jpg",
        "name": "Essano Argan Oil Hair Recovery Serum 50ml",
        "price": 16,
        "special": 13,
        "unitPrice": "$26.00 / 100ML"
    },
    {
        "category": "specials",
        "href": "https://www.woolworths.com.au/shop/productdetails/580321/premium-crispbread-spring-onion",
        "imgName": "580321.jpg",
        "imgSrc": "https://cdn0.woolworths.media/content/wowproductimages/medium/580321.jpg",
        "name": "Premium Crispbread Spring Onion 400g",
        "price": 3,
        "unitPrice": "$0.75 / 100G"
    },
    {
        "category": "specials",
        "href": "https://www.woolworths.com.au/shop/productdetails/631390/modelco-ultra-dark-tanning-lotion",
        "imgName": "631390.jpg",
        "imgSrc": "https://cdn0.woolworths.media/content/wowproductimages/medium/631390.jpg",
        "name": "Modelco Ultra Dark Tanning Lotion 200ml",
        "price": 20,
        "special": 14,
        "unitPrice": "$7.00 / 100ML"
    },
    {
        "category": "specials",
        "href": "https://www.woolworths.com.au/shop/productdetails/662124/mccain-healthy-choice-spinach-ricotta-ravioli",
        "imgName": "662124.jpg",
        "imgSrc": "https://cdn0.woolworths.media/content/wowproductimages/medium/662124.jpg",
        "name": "Mccain Healthy Choice Spinach & Ricotta Ravioli 350g",
        "price": 4,
        "unitPrice": "$1.14 / 100G"
    },
    {
        "category": "specials",
        "href": "https://www.woolworths.com.au/shop/productdetails/772815/surya-feudo-nero-davole-merlot",
        "imgName": "772815.jpg",
        "imgSrc": "https://cdn0.woolworths.media/content/wowproductimages/medium/772815.jpg",
        "name": "Surya Feudo Nero Davole Merlot  750ml bottle",
        "price": 13,
        "special": 11
    },
    {
        "category": "specials",
        "href": "https://www.woolworths.com.au/shop/productdetails/500396/president-comte",
        "imgName": "500396.jpg",
        "imgSrc": "https://cdn0.woolworths.media/content/wowproductimages/medium/500396.jpg",
        "name": "President Comte  250g",
        "price": 11,
        "special": 8,
        "unitPrice": "$32.00 / 1KG"
    },
    {
        "category": "specials",
        "href": "https://www.woolworths.com.au/shop/productdetails/43975/san-remo-spaghetti-tube-pasta-no-6",
        "imgName": "043975.jpg",
        "imgSrc": "https://cdn0.woolworths.media/content/wowproductimages/medium/043975.jpg",
        "name": "San Remo Spaghetti Tube Pasta No 6 500g",
        "price": 1.95,
        "unitPrice": "$0.39 / 100G"
    },
    {
        "category": "specials",
        "href": "https://www.woolworths.com.au/shop/productdetails/786226/eddystone-point-riesling",
        "imgName": "786226.jpg",
        "imgSrc": "https://cdn0.woolworths.media/content/wowproductimages/medium/786226.jpg",
        "name": "Eddystone Point Riesling  750ml",
        "price": 30,
        "special": 26
    },
    {
        "category": "specials",
        "href": "https://www.woolworths.com.au/shop/productdetails/321212/cow-bombie-margaret-river-chardonnay",
        "imgName": "321212.jpg",
        "imgSrc": "https://cdn0.woolworths.media/content/wowproductimages/medium/321212.jpg",
        "name": "Cow Bombie Margaret River Chardonnay  750ml",
        "price": 17,
        "special": 13
    },
    {
        "category": "specials",
        "href": "https://www.woolworths.com.au/shop/productdetails/914235/forester-estate-chardonnay",
        "imgName": "914235.jpg",
        "imgSrc": "https://cdn0.woolworths.media/content/wowproductimages/medium/914235.jpg",
        "name": "Forester Estate Chardonnay  750ml",
        "price": 33,
        "special": 28
    },
    {
        "category": "specials",
        "href": "https://www.woolworths.com.au/shop/productdetails/499383/la-clinica-organic-for-baby-soothing-lotion",
        "imgName": "499383.jpg",
        "imgSrc": "https://cdn0.woolworths.media/content/wowproductimages/medium/499383.jpg",
        "name": "La Clinica Organic For Baby Soothing Lotion  250ml",
        "price": 9,
        "special": 6,
        "unitPrice": "$2.40 / 100ML"
    },
    {
        "category": "specials",
        "href": "https://www.woolworths.com.au/shop/productdetails/76424/devondale-tasty-cheese",
        "imgName": "076424.jpg",
        "imgSrc": "https://cdn0.woolworths.media/content/wowproductimages/medium/076424.jpg",
        "name": "Devondale Tasty Cheese 250g",
        "price": 4.5,
        "unitPrice": "$18.00 / 1KG"
    },
    {
        "category": "specials",
        "href": "https://www.woolworths.com.au/shop/productdetails/904437/carpineto-imported-chianti-classico-docg",
        "imgName": "904437.jpg",
        "imgSrc": "https://cdn0.woolworths.media/content/wowproductimages/medium/904437.jpg",
        "name": "Carpineto Imported Chianti Classico Docg 750ml",
        "price": 30,
        "special": 20
    },
    {
        "category": "specials",
        "href": "https://www.woolworths.com.au/shop/productdetails/484607/radiant-no-sort-laundry-liquid-front-top-loader",
        "imgName": "484607.jpg",
        "imgSrc": "https://cdn0.woolworths.media/content/wowproductimages/medium/484607.jpg",
        "name": "Radiant No Sort Laundry Liquid Front & Top Loader 2l",
        "price": 9.5,
        "unitPrice": "$4.75 / 1L"
    },
    {
        "category": "specials",
        "href": "https://www.woolworths.com.au/shop/productdetails/631382/modelco-ultra-dark-tanning-mouse",
        "imgName": "631382.jpg",
        "imgSrc": "https://cdn0.woolworths.media/content/wowproductimages/medium/631382.jpg",
        "name": "Modelco Ultra Dark Tanning Mouse 200ml",
        "price": 20,
        "special": 14,
        "unitPrice": "$7.00 / 100ML"
    },
    {
        "category": "specials",
        "href": "https://www.woolworths.com.au/shop/productdetails/27316/ingham-s-turkey-breast-oven-roasted-shaved",
        "imgName": "027316.jpg",
        "imgSrc": "https://cdn0.woolworths.media/content/wowproductimages/medium/027316.jpg",
        "name": "Ingham's Turkey Breast Oven Roasted Shaved per kg",
        "price": 28,
        "special": 25,
        "unitPrice": "$25.00 / 1KG"
    },
    {
        "category": "specials",
        "href": "https://www.woolworths.com.au/shop/productdetails/512782/woolworths-peppermint-milk-chocolate",
        "imgName": "512782.jpg",
        "imgSrc": "https://cdn0.woolworths.media/content/wowproductimages/medium/512782.jpg",
        "name": "Woolworths Peppermint Milk Chocolate 200g block",
        "price": 2.5,
        "unitPrice": "$1.25 / 100G"
    },
    {
        "category": "specials",
        "href": "https://www.woolworths.com.au/shop/productdetails/584315/edgell-red-kidney-beans",
        "imgName": "584315.jpg",
        "imgSrc": "https://cdn0.woolworths.media/content/wowproductimages/medium/584315.jpg",
        "name": "Edgell Red Kidney Beans  400g",
        "price": 1.78,
        "unitPrice": "$4.45 / 1KG"
    },
    {
        "category": "specials",
        "href": "https://www.woolworths.com.au/shop/productdetails/743270/woolworths-select-apricot-date-almond-muesli",
        "imgName": "743270.jpg",
        "imgSrc": "https://cdn0.woolworths.media/content/wowproductimages/medium/743270.jpg",
        "name": "Woolworths Select Apricot Date & Almond Muesli 750g",
        "price": 3.85,
        "unitPrice": "$0.51 / 100G"
    },
    {
        "category": "specials",
        "href": "https://www.woolworths.com.au/shop/productdetails/575788/greens-despicable-me-banana-mini-cup-cakes-mix",
        "imgName": "575788.jpg",
        "imgSrc": "https://cdn0.woolworths.media/content/wowproductimages/medium/575788.jpg",
        "name": "Greens Despicable Me Banana Mini Cup Cakes Mix 220g",
        "price": 4,
        "special": 3,
        "unitPrice": "$1.36 / 100G"
    },
    {
        "category": "specials",
        "href": "https://www.woolworths.com.au/shop/productdetails/321213/cow-bombie-margaret-river-white-varietal-semillion-sauvignon-blanc",
        "imgName": "321213.jpg",
        "imgSrc": "https://cdn0.woolworths.media/content/wowproductimages/medium/321213.jpg",
        "name": "Cow Bombie Margaret River White Varietal Semillion Sauvignon Blanc 750ml",
        "price": 17,
        "special": 13
    },
    {
        "category": "specials",
        "href": "https://www.woolworths.com.au/shop/productdetails/623035/duck-foaming-toilet-bleach-gel-pine",
        "imgName": "623035.jpg",
        "imgSrc": "https://cdn0.woolworths.media/content/wowproductimages/medium/623035.jpg",
        "name": "Duck Foaming Toilet Bleach Gel Pine 650ml",
        "price": 4,
        "special": 3,
        "unitPrice": "$0.46 / 100ML"
    },
    {
        "category": "specials",
        "href": "https://www.woolworths.com.au/shop/productdetails/751216/eatrite-rice-crackers-sea-salt-apple-cider",
        "imgName": "751216.jpg",
        "imgSrc": "https://cdn0.woolworths.media/content/wowproductimages/medium/751216.jpg",
        "name": "Eatrite Rice Crackers Sea Salt & Apple Cider 100g",
        "price": 3.69,
        "special": 3,
        "unitPrice": "$3.00 / 100G"
    },
    {
        "category": "specials",
        "href": "https://www.woolworths.com.au/shop/productdetails/87121/madfish-red-varietal-premium-dry",
        "imgName": "087121.jpg",
        "imgSrc": "https://cdn0.woolworths.media/content/wowproductimages/medium/087121.jpg",
        "name": "Madfish Red Varietal Premium Dry 750ml",
        "price": 17,
        "special": 13
    },
    {
        "category": "specials",
        "href": "https://www.woolworths.com.au/shop/productdetails/442211/brita-fill-enjoy-jug-lime",
        "imgName": "442211.jpg",
        "imgSrc": "https://cdn0.woolworths.media/content/wowproductimages/medium/442211.jpg",
        "name": "Brita Fill & Enjoy Jug Lime 1.5l each",
        "price": 28.95,
        "special": 20.26
    },
    {
        "category": "specials",
        "href": "https://www.woolworths.com.au/shop/productdetails/36017/arnott-s-butternut-snap-cookie",
        "imgName": "036017.jpg",
        "imgSrc": "https://cdn0.woolworths.media/content/wowproductimages/medium/036017.jpg",
        "name": "Arnott's Butternut Snap Cookie  250g",
        "price": 2.85,
        "special": 2.5,
        "unitPrice": "$1.00 / 100G"
    },
    {
        "category": "specials",
        "href": "https://www.woolworths.com.au/shop/productdetails/69286/bega-peanut-butter-smooth",
        "imgName": "069286.jpg",
        "imgSrc": "https://cdn0.woolworths.media/content/wowproductimages/medium/069286.jpg",
        "name": "Bega Peanut Butter Smooth 500g",
        "price": 5.7,
        "special": 5,
        "unitPrice": "$1.00 / 100G"
    },
    {
        "category": "specials",
        "href": "https://www.woolworths.com.au/shop/productdetails/341123/woolworths-original-wheaten-crackers-original",
        "imgName": "341123.jpg",
        "imgSrc": "https://cdn0.woolworths.media/content/wowproductimages/medium/341123.jpg",
        "name": "Woolworths Original Wheaten Crackers Original 170g",
        "price": 2,
        "unitPrice": "$1.18 / 100G"
    },
    {
        "category": "specials",
        "href": "https://www.woolworths.com.au/shop/productdetails/75238/helga-s-bread-light-rye",
        "imgName": "075238.jpg",
        "imgSrc": "https://cdn0.woolworths.media/content/wowproductimages/medium/075238.jpg",
        "name": "Helga's Bread Light Rye 680g",
        "price": 3.5,
        "unitPrice": "$0.51 / 100G"
    },
    {
        "category": "specials",
        "href": "https://www.woolworths.com.au/shop/productdetails/774330/select-sweet-raspberry-tartlet",
        "imgName": "774330.jpg",
        "imgSrc": "https://cdn0.woolworths.media/content/wowproductimages/medium/774330.jpg",
        "name": "Select Sweet Raspberry Tartlet 200g",
        "price": 1.8,
        "unitPrice": "$0.90 / 100G"
    },
    {
        "category": "specials",
        "href": "https://www.woolworths.com.au/shop/productdetails/253814/colgate-triple-action-toothpaste",
        "imgName": "253814.jpg",
        "imgSrc": "https://cdn0.woolworths.media/content/wowproductimages/medium/253814.jpg",
        "name": "Colgate Triple Action Toothpaste  160g",
        "price": 2.99,
        "unitPrice": "$1.87 / 100G"
    },
    {
        "category": "specials",
        "href": "https://www.woolworths.com.au/shop/productdetails/202612/hot-wheels-monster-jam-assorted",
        "imgName": "202612.jpg",
        "imgSrc": "https://cdn0.woolworths.media/content/wowproductimages/medium/202612.jpg",
        "name": "Hot Wheels Monster Jam Assorted each",
        "price": 11,
        "special": 6
    },
    {
        "category": "specials",
        "href": "https://www.woolworths.com.au/shop/productdetails/583779/aeroplane-glitter-jelly-berryblue",
        "imgName": "583779.jpg",
        "imgSrc": "https://cdn0.woolworths.media/content/wowproductimages/medium/583779.jpg",
        "name": "Aeroplane Glitter Jelly Berryblue 85g",
        "price": 1.5,
        "unitPrice": "$1.76 / 100G"
    },
    {
        "category": "specials",
        "href": "https://www.woolworths.com.au/shop/productdetails/505425/kellogg-s-lcm-s-split-stix-variety-pack",
        "imgName": "505425.jpg",
        "imgSrc": "https://cdn0.woolworths.media/content/wowproductimages/medium/505425.jpg",
        "name": "Kellogg's Lcm's Split Stix Variety Pack 15x23g",
        "price": 7,
        "unitPrice": "$2.03 / 100G"
    },
    {
        "category": "specials",
        "href": "https://www.woolworths.com.au/shop/productdetails/267092/deeko-side-plates-plastic",
        "imgName": "267092.jpg",
        "imgSrc": "https://cdn0.woolworths.media/content/wowproductimages/medium/267092.jpg",
        "name": "Deeko Side Plates Plastic 20pk",
        "price": 4.65,
        "special": 3.7,
        "unitPrice": "$0.19 / 1EA"
    },
    {
        "category": "specials",
        "href": "https://www.woolworths.com.au/shop/productdetails/773628/simply-fruit-pear-halves-in-syrup",
        "imgName": "773628.jpg",
        "imgSrc": "https://cdn0.woolworths.media/content/wowproductimages/medium/773628.jpg",
        "name": "Simply Fruit Pear Halves In Syrup 825g",
        "price": 2,
        "unitPrice": "$2.42 / 1KG"
    },
    {
        "category": "specials",
        "href": "https://www.woolworths.com.au/shop/productdetails/749603/the-one-tip-top-omega-3-sandwich-bread-white",
        "imgName": "749603.jpg",
        "imgSrc": "https://cdn0.woolworths.media/content/wowproductimages/medium/749603.jpg",
        "name": "The One Tip Top Omega 3 Sandwich Bread White 700g",
        "price": 3,
        "unitPrice": "$0.43 / 100G"
    },
    {
        "category": "specials",
        "href": "https://www.woolworths.com.au/shop/productdetails/36756/san-remo-spirals-large-pasta",
        "imgName": "036756.jpg",
        "imgSrc": "https://cdn0.woolworths.media/content/wowproductimages/medium/036756.jpg",
        "name": "San Remo Spirals Large Pasta 500g",
        "price": 1.95,
        "unitPrice": "$0.39 / 100G"
    },
    {
        "category": "specials",
        "href": "https://www.woolworths.com.au/shop/productdetails/847696/friskies-indoor-delights",
        "imgName": "847696.jpg",
        "imgSrc": "https://cdn0.woolworths.media/content/wowproductimages/medium/847696.jpg",
        "name": "Friskies Indoor Delights 1kg",
        "price": 4,
        "unitPrice": "$0.40 / 100G"
    },
    {
        "category": "specials",
        "href": "https://www.woolworths.com.au/shop/productdetails/559250/mud-gel-nail-colour-powder-blue",
        "imgName": "559250.jpg",
        "imgSrc": "https://cdn0.woolworths.media/content/wowproductimages/medium/559250.jpg",
        "name": "Mud Gel Nail Colour Powder Blue 13ml",
        "price": 3,
        "unitPrice": "$2.31 / 10ML"
    },
    {
        "category": "specials",
        "href": "https://www.woolworths.com.au/shop/productdetails/59407/aeroplane-jelly-original-mango",
        "imgName": "059407.jpg",
        "imgSrc": "https://cdn0.woolworths.media/content/wowproductimages/medium/059407.jpg",
        "name": "Aeroplane Jelly Original Mango 85g",
        "price": 1.15,
        "unitPrice": "$1.35 / 100G"
    },
    {
        "category": "specials",
        "href": "https://www.woolworths.com.au/shop/productdetails/155777/homebrand-bbq-accessory-fire-lighters",
        "imgName": "155777.jpg",
        "imgSrc": "https://cdn0.woolworths.media/content/wowproductimages/medium/155777.jpg",
        "name": "Homebrand Bbq Accessory Fire Lighters 24pk",
        "price": 2.99,
        "unitPrice": "$0.12 / 1EA"
    },
    {
        "category": "specials",
        "href": "https://www.woolworths.com.au/shop/productdetails/533555/arnott-s-entertainers-crackers-crispy-oat-honey",
        "imgName": "533555.jpg",
        "imgSrc": "https://cdn0.woolworths.media/content/wowproductimages/medium/533555.jpg",
        "name": "Arnott's Entertainers Crackers Crispy Oat & Honey 140g",
        "price": 3.8,
        "special": 3,
        "unitPrice": "$2.14 / 100G"
    },
    {
        "category": "specials",
        "href": "https://www.woolworths.com.au/shop/productdetails/773764/sunbeam-sultanas-cranberry",
        "imgName": "773764.jpg",
        "imgSrc": "https://cdn0.woolworths.media/content/wowproductimages/medium/773764.jpg",
        "name": "Sunbeam Sultanas & Cranberry 6pk",
        "price": 2.5,
        "unitPrice": "$10.68 / 1KG"
    },
    {
        "category": "specials",
        "href": "https://www.woolworths.com.au/shop/productdetails/250319/home-essentials-kitchen-gadget-bamboo-skewers-25cm",
        "imgName": "250319.jpg",
        "imgSrc": "https://cdn0.woolworths.media/content/wowproductimages/medium/250319.jpg",
        "name": "Home Essentials Kitchen Gadget Bamboo Skewers 25cm 200pk",
        "price": 3
    },
    {
        "category": "specials",
        "href": "https://www.woolworths.com.au/shop/productdetails/165220/tip-top-hot-dog-rolls",
        "imgName": "165220.jpg",
        "imgSrc": "https://cdn0.woolworths.media/content/wowproductimages/medium/165220.jpg",
        "name": "Tip Top Hot Dog Rolls  6pk",
        "price": 5.49,
        "special": 4.99,
        "unitPrice": "$0.83 / 1EA"
    },
    {
        "category": "specials",
        "href": "https://www.woolworths.com.au/shop/productdetails/787156/heinz-seriously-good-lite-aioli",
        "imgName": "787156.jpg",
        "imgSrc": "https://cdn0.woolworths.media/content/wowproductimages/medium/787156.jpg",
        "name": "Heinz Seriously Good Lite Aioli",
        "price": 4,
        "special": 3.5,
        "unitPrice": "$1.19 / 100ML"
    },
    {
        "category": "specials",
        "href": "https://www.woolworths.com.au/shop/productdetails/830224/energizer-eco-advanced-aa-batteries",
        "imgName": "830224.jpg",
        "imgSrc": "https://cdn0.woolworths.media/content/wowproductimages/medium/830224.jpg",
        "name": "Energizer Eco Advanced Aa Batteries 4pk",
        "price": 7.5,
        "unitPrice": "$1.88 / 1EA"
    },
    {
        "category": "specials",
        "href": "https://www.woolworths.com.au/shop/productdetails/480227/apollo-dog-food-gourmet-beef",
        "imgName": "480227.jpg",
        "imgSrc": "https://cdn0.woolworths.media/content/wowproductimages/medium/480227.jpg",
        "name": "Apollo Dog Food Gourmet Beef 2kg",
        "price": 10,
        "unitPrice": "$0.50 / 100G"
    },
    {
        "category": "specials",
        "href": "https://www.woolworths.com.au/shop/productdetails/756795/natural-chip-co-share-pack-sea-salt-vinegar",
        "imgName": "756795.jpg",
        "imgSrc": "https://cdn0.woolworths.media/content/wowproductimages/medium/756795.jpg",
        "name": "Natural Chip Co Share Pack Sea Salt & Vinegar 175g",
        "price": 2,
        "unitPrice": "$1.14 / 100G"
    },
    {
        "category": "specials",
        "href": "https://www.woolworths.com.au/shop/productdetails/528362/red-rock-deli-chips-salt-truffle",
        "imgName": "528362.jpg",
        "imgSrc": "https://cdn0.woolworths.media/content/wowproductimages/medium/528362.jpg",
        "name": "Red Rock Deli Chips Salt & Truffle 150g",
        "price": 4.49,
        "special": 3,
        "unitPrice": "$2.00 / 100G"
    },
    {
        "category": "specials",
        "href": "https://www.woolworths.com.au/shop/productdetails/253917/b-rgen-bread-pumpkin-seeds",
        "imgName": "253917.jpg",
        "imgSrc": "https://cdn0.woolworths.media/content/wowproductimages/medium/253917.jpg",
        "name": "B\u00fcrgen Bread Pumpkin Seeds 700g",
        "price": 5.79,
        "unitPrice": "$0.83 / 100G"
    },
    {
        "category": "specials",
        "href": "https://www.woolworths.com.au/shop/productdetails/854098/inspire-basting-brush-silicone",
        "imgName": "854098.jpg",
        "imgSrc": "https://cdn0.woolworths.media/content/wowproductimages/medium/854098.jpg",
        "name": "Inspire Basting Brush Silicone each",
        "price": 6,
        "special": 4.2
    },
    {
        "category": "specials",
        "href": "https://www.woolworths.com.au/shop/productdetails/573303/menissez-bake-at-home-white-dinner-rolls",
        "imgName": "573303.jpg",
        "imgSrc": "https://cdn0.woolworths.media/content/wowproductimages/medium/573303.jpg",
        "name": "Menissez Bake At Home White Dinner Rolls 12pk",
        "price": 3.5,
        "unitPrice": "$0.29 / 1EA"
    },
    {
        "category": "specials",
        "href": "https://www.woolworths.com.au/shop/productdetails/660336/kettle-popcorn-cinnamon-sugar",
        "imgName": "660336.jpg",
        "imgSrc": "https://cdn0.woolworths.media/content/wowproductimages/medium/660336.jpg",
        "name": "Kettle Popcorn Cinnamon Sugar 110g",
        "price": 3.19,
        "special": 2.5,
        "unitPrice": "$2.27 / 100G"
    },
    {
        "category": "specials",
        "href": "https://www.woolworths.com.au/shop/productdetails/33719/carnation-evaporated-milk-light-creamy",
        "imgName": "033719.jpg",
        "imgSrc": "https://cdn0.woolworths.media/content/wowproductimages/medium/033719.jpg",
        "name": "Carnation Evaporated Milk Light & Creamy 375ml",
        "price": 2.7,
        "unitPrice": "$7.20 / 1L"
    },
    {
        "category": "specials",
        "href": "https://www.woolworths.com.au/shop/productdetails/29765/eveready-super-heavy-duty-aa-batteries",
        "imgName": "029765.jpg",
        "imgSrc": "https://cdn0.woolworths.media/content/wowproductimages/medium/029765.jpg",
        "name": "Eveready Super Heavy Duty Aa Batteries  10pk",
        "price": 6,
        "unitPrice": "$0.60 / 1EA"
    },
    {
        "category": "specials",
        "href": "https://www.woolworths.com.au/shop/productdetails/713816/the-one-tip-top-sandwich-bread-white",
        "imgName": "713816.jpg",
        "imgSrc": "https://cdn0.woolworths.media/content/wowproductimages/medium/713816.jpg",
        "name": "The One Tip Top Sandwich Bread White 700g",
        "price": 3,
        "unitPrice": "$0.43 / 100G"
    },
    {
        "category": "specials",
        "href": "https://www.woolworths.com.au/shop/productdetails/915848/black-douglas-whisky-cola-cans",
        "imgName": "915848.jpg",
        "imgSrc": "https://cdn0.woolworths.media/content/wowproductimages/medium/915848.jpg",
        "name": "Black Douglas Whisky & Cola Cans 6x375ml",
        "price": 25,
        "special": 21
    },
    {
        "category": "specials",
        "href": "https://www.woolworths.com.au/shop/productdetails/829524/grinders-caffitaly-coffee-capsules-arabica",
        "imgName": "829524.jpg",
        "imgSrc": "https://cdn0.woolworths.media/content/wowproductimages/medium/829524.jpg",
        "name": "Grinders Caffitaly Coffee Capsules Arabica 10pk",
        "price": 5.5,
        "unitPrice": "$0.55 / 1EA"
    },
    {
        "category": "specials",
        "href": "https://www.woolworths.com.au/shop/productdetails/312801/south-cape-cracked-pepper-cream-cheese",
        "imgName": "312801.jpg",
        "imgSrc": "https://cdn0.woolworths.media/content/wowproductimages/medium/312801.jpg",
        "name": "South Cape Cracked Pepper Cream Cheese 200g",
        "price": 4.29,
        "special": 3.5,
        "unitPrice": "$17.50 / 1KG"
    },
    {
        "category": "specials",
        "href": "https://www.woolworths.com.au/shop/productdetails/124570/energizer-advanced-aa-batteries",
        "imgName": "124570.jpg",
        "imgSrc": "https://cdn0.woolworths.media/content/wowproductimages/medium/124570.jpg",
        "name": "Energizer Advanced Aa Batteries  4pk",
        "price": 7,
        "unitPrice": "$1.75 / 1EA"
    },
    {
        "category": "specials",
        "href": "https://www.woolworths.com.au/shop/productdetails/657909/monteith-s-pointers-pale-ale-bottles",
        "imgName": "657909.jpg",
        "imgSrc": "https://cdn0.woolworths.media/content/wowproductimages/medium/657909.jpg",
        "name": "Monteith's Pointers Pale Ale Bottles 6x330ml pack",
        "price": 22.3,
        "special": 15
    },
    {
        "category": "specials",
        "href": "https://www.woolworths.com.au/shop/productdetails/745386/woolworths-select-pasta-shells-large",
        "imgName": "745386.jpg",
        "imgSrc": "https://cdn0.woolworths.media/content/wowproductimages/medium/745386.jpg",
        "name": "Woolworths Select Pasta Shells Large 500g",
        "price": 1,
        "unitPrice": "$0.20 / 100G"
    },
    {
        "category": "specials",
        "href": "https://www.woolworths.com.au/shop/productdetails/757858/fountain-tomato-sauce-no-added-sugar",
        "imgName": "757858.jpg",
        "imgSrc": "https://cdn0.woolworths.media/content/wowproductimages/medium/757858.jpg",
        "name": "Fountain Tomato Sauce No Added Sugar 500ml",
        "price": 2,
        "unitPrice": "$0.40 / 100ML"
    },
    {
        "category": "specials",
        "href": "https://www.woolworths.com.au/shop/productdetails/517796/aeroplane-mug-cake-chocolate",
        "imgName": "517796.jpg",
        "imgSrc": "https://cdn0.woolworths.media/content/wowproductimages/medium/517796.jpg",
        "name": "Aeroplane Mug Cake Chocolate 65g",
        "price": 1.5,
        "unitPrice": "$2.31 / 100G"
    },
    {
        "category": "specials",
        "href": "https://www.woolworths.com.au/shop/productdetails/476158/elastoplast-kids-strips-peppa-pig",
        "imgName": "476158.jpg",
        "imgSrc": "https://cdn0.woolworths.media/content/wowproductimages/medium/476158.jpg",
        "name": "Elastoplast Kids Strips Peppa Pig 16pk",
        "price": 2.5,
        "special": 2.2,
        "unitPrice": "$13.75 / 100EA"
    },
    {
        "category": "specials",
        "href": "https://www.woolworths.com.au/shop/productdetails/527276/south-cape-gouda-cheese-snack",
        "imgName": "527276.jpg",
        "imgSrc": "https://cdn0.woolworths.media/content/wowproductimages/medium/527276.jpg",
        "name": "South Cape Gouda Cheese Snack  80g",
        "price": 3.5,
        "unitPrice": "$43.75 / 1KG"
    },
    {
        "category": "specials",
        "href": "https://www.woolworths.com.au/shop/productdetails/229234/pandaroo-sushi-rice",
        "imgName": "229234.jpg",
        "imgSrc": "https://cdn0.woolworths.media/content/wowproductimages/medium/229234.jpg",
        "name": "Pandaroo Sushi Rice  1kg",
        "price": 4.5,
        "special": 4,
        "unitPrice": "$0.40 / 100G"
    },
    {
        "category": "specials",
        "href": "https://www.woolworths.com.au/shop/productdetails/334048/bow-wow-treat-beef-roo-roll",
        "imgName": "334048.jpg",
        "imgSrc": "https://cdn0.woolworths.media/content/wowproductimages/medium/334048.jpg",
        "name": "Bow Wow Treat Beef Roo Roll 1pk",
        "price": 2.99,
        "special": 2.7
    },
    {
        "category": "specials",
        "href": "https://www.woolworths.com.au/shop/productdetails/49613/tip-top-sunblest-wholemeal-sandwich-bread",
        "imgName": "049613.jpg",
        "imgSrc": "https://cdn0.woolworths.media/content/wowproductimages/medium/049613.jpg",
        "name": "Tip Top Sunblest Wholemeal Sandwich Bread 650g",
        "price": 2.8,
        "unitPrice": "$0.43 / 100G"
    },
    {
        "category": "specials",
        "href": "https://www.woolworths.com.au/shop/productdetails/581681/toni-guy-conditioner-for-dry-hair",
        "imgName": "581681.jpg",
        "imgSrc": "https://cdn0.woolworths.media/content/wowproductimages/medium/581681.jpg",
        "name": "Toni & Guy Conditioner For Dry Hair 250ml",
        "price": 16,
        "unitPrice": "$6.40 / 100ML"
    },
    {
        "category": "specials",
        "href": "https://www.woolworths.com.au/shop/productdetails/215462/macro-organic-plain-flour",
        "imgName": "215462.jpg",
        "imgSrc": "https://cdn0.woolworths.media/content/wowproductimages/medium/215462.jpg",
        "name": "Macro Organic Plain Flour  1kg",
        "price": 4.5,
        "special": 4,
        "unitPrice": "$4.00 / 1KG"
    },
    {
        "category": "specials",
        "href": "https://www.woolworths.com.au/shop/productdetails/33909/woolworths-bread-rolls-hotdog-extra-soft",
        "imgName": "033909.jpg",
        "imgSrc": "https://cdn0.woolworths.media/content/wowproductimages/medium/033909.jpg",
        "name": "Woolworths Bread Rolls Hotdog Extra Soft 6pk",
        "price": 2.5,
        "unitPrice": "$0.42 / 1EA"
    },
    {
        "category": "specials",
        "href": "https://www.woolworths.com.au/shop/productdetails/564464/sunbites-funbites-cheese",
        "imgName": "564464.jpg",
        "imgSrc": "https://cdn0.woolworths.media/content/wowproductimages/medium/564464.jpg",
        "name": "Sunbites Funbites Cheese 95g",
        "price": 3.4,
        "unitPrice": "$3.58 / 100G"
    },
    {
        "category": "specials",
        "href": "https://www.woolworths.com.au/shop/productdetails/44516/extra-soft-cheese-bread-roll",
        "imgName": "044516.jpg",
        "imgSrc": "https://cdn0.woolworths.media/content/wowproductimages/medium/044516.jpg",
        "name": "Extra Soft Cheese Bread Roll  6pk 180g",
        "price": 4.5,
        "unitPrice": "$0.75 / 1EA"
    },
    {
        "category": "specials",
        "href": "https://www.woolworths.com.au/shop/productdetails/252732/carnation-light-creamy-evaporated-milk-coconut-flavoured",
        "imgName": "252732.jpg",
        "imgSrc": "https://cdn0.woolworths.media/content/wowproductimages/medium/252732.jpg",
        "name": "Carnation Light & Creamy Evaporated Milk Coconut Flavoured 375ml",
        "price": 2.7,
        "unitPrice": "$7.20 / 1L"
    },
    {
        "category": "specials",
        "href": "https://www.woolworths.com.au/shop/productdetails/224183/heinz-big-n-chunky-canned-soup-butter-chicken",
        "imgName": "224183.jpg",
        "imgSrc": "https://cdn0.woolworths.media/content/wowproductimages/medium/224183.jpg",
        "name": "Heinz Big N Chunky Canned Soup Butter Chicken 535g",
        "price": 2.5,
        "unitPrice": "$0.47 / 100G"
    },
    {
        "category": "specials",
        "href": "https://www.woolworths.com.au/shop/productdetails/327441/arnott-s-vita-weat-cracker-sesame-poppy-seeds",
        "imgName": "327441.jpg",
        "imgSrc": "https://cdn0.woolworths.media/content/wowproductimages/medium/327441.jpg",
        "name": "Arnott's Vita-weat Cracker Sesame & Poppy Seeds 130g",
        "price": 1.99,
        "special": 1.8,
        "unitPrice": "$1.38 / 100G"
    },
    {
        "category": "specials",
        "href": "https://www.woolworths.com.au/shop/productdetails/331583/abbott-s-village-bakery-rustic-white-bread",
        "imgName": "331583.jpg",
        "imgSrc": "https://cdn0.woolworths.media/content/wowproductimages/medium/331583.jpg",
        "name": "Abbott's Village Bakery Rustic White Bread 750g",
        "price": 3.5,
        "unitPrice": "$0.47 / 100G"
    },
    {
        "category": "specials",
        "href": "https://www.woolworths.com.au/shop/productdetails/7230/calidad-canon-printer-ink-pgi-650bk-black",
        "imgName": "007230.jpg",
        "imgSrc": "https://cdn0.woolworths.media/content/wowproductimages/medium/007230.jpg",
        "name": "Calidad Canon Printer Ink Pgi-650bk Black each",
        "price": 15
    },
    {
        "category": "specials",
        "href": "https://www.woolworths.com.au/shop/productdetails/333359/croissant-medium",
        "imgName": "333359.jpg",
        "imgSrc": "https://cdn0.woolworths.media/content/wowproductimages/medium/333359.jpg",
        "name": "Croissant Medium  8pk 280g",
        "price": 4,
        "unitPrice": "$0.50 / 1EA"
    },
    {
        "category": "specials",
        "href": "https://www.woolworths.com.au/shop/productdetails/826731/doritos-share-pack-cheese-supreme",
        "imgName": "826731.jpg",
        "imgSrc": "https://cdn0.woolworths.media/content/wowproductimages/medium/826731.jpg",
        "name": "Doritos Share Pack Cheese Supreme 170g",
        "price": 3.29,
        "special": 2.5,
        "unitPrice": "$1.47 / 100G"
    },
    {
        "category": "specials",
        "href": "https://www.woolworths.com.au/shop/productdetails/91642/multix-aluminium-foil-wide",
        "imgName": "091642.jpg",
        "imgSrc": "https://cdn0.woolworths.media/content/wowproductimages/medium/091642.jpg",
        "name": "Multix Aluminium Foil Wide 30cmx30m",
        "price": 5.5,
        "unitPrice": "$0.18 / 1M"
    },
    {
        "category": "specials",
        "href": "https://www.woolworths.com.au/shop/productdetails/578734/peckish-rice-crackers-green-kale",
        "imgName": "578734.jpg",
        "imgSrc": "https://cdn0.woolworths.media/content/wowproductimages/medium/578734.jpg",
        "name": "Peckish Rice Crackers Green Kale 100g",
        "price": 2.5,
        "special": 2,
        "unitPrice": "$2.00 / 100G"
    },
    {
        "category": "specials",
        "href": "https://www.woolworths.com.au/shop/productdetails/332185/heinz-seriously-good-whole-egg-mayonnaise",
        "imgName": "332185.jpg",
        "imgSrc": "https://cdn0.woolworths.media/content/wowproductimages/medium/332185.jpg",
        "name": "Heinz Seriously Good Whole Egg Mayonnaise 295ml",
        "price": 4,
        "special": 3.5,
        "unitPrice": "$1.19 / 100ML"
    },
    {
        "category": "specials",
        "href": "https://www.woolworths.com.au/shop/productdetails/574769/tetley-tagless-tea-bags",
        "imgName": "574769.jpg",
        "imgSrc": "https://cdn0.woolworths.media/content/wowproductimages/medium/574769.jpg",
        "name": "Tetley Tagless Tea Bags  100pk",
        "price": 3.3,
        "unitPrice": "$1.65 / 100G"
    },
    {
        "category": "specials",
        "href": "https://www.woolworths.com.au/shop/productdetails/600495/energizer-ultimate-lightning-cable-1-2m",
        "imgName": "600495.jpg",
        "imgSrc": "https://cdn0.woolworths.media/content/wowproductimages/medium/600495.jpg",
        "name": "Energizer Ultimate Lightning Cable 1.2m  each",
        "price": 30,
        "special": 27
    },
    {
        "category": "specials",
        "href": "https://www.woolworths.com.au/shop/productdetails/565802/woolworths-thai-style-vegetable-bites",
        "imgName": "565802.jpg",
        "imgSrc": "https://cdn0.woolworths.media/content/wowproductimages/medium/565802.jpg",
        "name": "Woolworths Thai Style Vegetable Bites 180g",
        "price": 5,
        "special": 4,
        "unitPrice": "$2.22 / 100G"
    },
    {
        "category": "specials",
        "href": "https://www.woolworths.com.au/shop/productdetails/35438/glad-tuff-stuff-forceflex-drawstring-garbage-bags",
        "imgName": "035438.jpg",
        "imgSrc": "https://cdn0.woolworths.media/content/wowproductimages/medium/035438.jpg",
        "name": "Glad Tuff Stuff Forceflex Drawstring Garbage Bags 10pk",
        "price": 4,
        "special": 3.5,
        "unitPrice": "$0.35 / 1EA"
    },
    {
        "category": "specials",
        "href": "https://www.woolworths.com.au/shop/productdetails/481165/apollo-dog-food-senior-chicken-turkey",
        "imgName": "481165.jpg",
        "imgSrc": "https://cdn0.woolworths.media/content/wowproductimages/medium/481165.jpg",
        "name": "Apollo Dog Food Senior Chicken & Turkey 100g",
        "price": 0.8,
        "unitPrice": "$0.80 / 100G"
    },
    {
        "category": "specials",
        "href": "https://www.woolworths.com.au/shop/productdetails/853505/inspire-serving-flat-spatula",
        "imgName": "853505.jpg",
        "imgSrc": "https://cdn0.woolworths.media/content/wowproductimages/medium/853505.jpg",
        "name": "Inspire Serving Flat Spatula each",
        "price": 6
    },
    {
        "category": "specials",
        "href": "https://www.woolworths.com.au/shop/productdetails/906002/canadian-club-whisky-cola-4-8-cans",
        "imgName": "906002.jpg",
        "imgSrc": "https://cdn0.woolworths.media/content/wowproductimages/medium/906002.jpg",
        "name": "Canadian Club Whisky & Cola 4.8% Cans 24x375ml",
        "price": 88,
        "special": 85
    },
    {
        "category": "specials",
        "href": "https://www.woolworths.com.au/shop/productdetails/36032/arnott-s-biscuit-orange-slice",
        "imgName": "036032.jpg",
        "imgSrc": "https://cdn0.woolworths.media/content/wowproductimages/medium/036032.jpg",
        "name": "Arnott's Biscuit Orange Slice  250g",
        "price": 2.85,
        "special": 2,
        "unitPrice": "$0.80 / 100G"
    },
    {
        "category": "specials",
        "href": "https://www.woolworths.com.au/shop/productdetails/531517/woolworths-pizza-blasts",
        "imgName": "531517.jpg",
        "imgSrc": "https://cdn0.woolworths.media/content/wowproductimages/medium/531517.jpg",
        "name": "Woolworths Pizza Blasts  200g",
        "price": 1.4,
        "unitPrice": "$0.70 / 100G"
    },
    {
        "category": "specials",
        "href": "https://www.woolworths.com.au/shop/productdetails/784143/goulburn-valley-pear-sliced-in-juice",
        "imgName": "784143.jpg",
        "imgSrc": "https://cdn0.woolworths.media/content/wowproductimages/medium/784143.jpg",
        "name": "Goulburn Valley Pear Sliced In Juice 700g",
        "price": 3.7,
        "unitPrice": "$5.29 / 1KG"
    },
    {
        "category": "specials",
        "href": "https://www.woolworths.com.au/shop/productdetails/517757/aeroplane-mug-cake-caramel",
        "imgName": "517757.jpg",
        "imgSrc": "https://cdn0.woolworths.media/content/wowproductimages/medium/517757.jpg",
        "name": "Aeroplane Mug Cake Caramel 65g",
        "price": 1.5,
        "unitPrice": "$2.31 / 100G"
    },
    {
        "category": "specials",
        "href": "https://www.woolworths.com.au/shop/productdetails/993202/jim-beam-double-serve-6-7-",
        "imgName": "993202.jpg",
        "imgSrc": "https://cdn0.woolworths.media/content/wowproductimages/medium/993202.jpg",
        "name": "Jim Beam Double Serve 6.7%  4x375ml",
        "price": 24,
        "special": 23
    },
    {
        "category": "specials",
        "href": "https://www.woolworths.com.au/shop/productdetails/19899/tip-top-sunblest-white-sandwich-bread",
        "imgName": "019899.jpg",
        "imgSrc": "https://cdn0.woolworths.media/content/wowproductimages/medium/019899.jpg",
        "name": "Tip Top Sunblest White Sandwich Bread 650g",
        "price": 2.8,
        "unitPrice": "$0.43 / 100G"
    },
    {
        "category": "specials",
        "href": "https://www.woolworths.com.au/shop/productdetails/247479/lean-cuisine-bowl-malaysian-chicken-malaysian-chicken-curry-rice",
        "imgName": "247479.jpg",
        "imgSrc": "https://cdn0.woolworths.media/content/wowproductimages/medium/247479.jpg",
        "name": "Lean Cuisine Bowl Malaysian Chicken Malaysian Chicken Curry Rice 280g",
        "price": 5.7,
        "special": 5,
        "unitPrice": "$1.79 / 100G"
    },
    {
        "category": "specials",
        "href": "https://www.woolworths.com.au/shop/productdetails/230514/woolworths-apple-sauce",
        "imgName": "230514.jpg",
        "imgSrc": "https://cdn0.woolworths.media/content/wowproductimages/medium/230514.jpg",
        "name": "Woolworths Apple Sauce  370g",
        "price": 1.8,
        "unitPrice": "$0.49 / 100G"
    },
    {
        "category": "specials",
        "href": "https://www.woolworths.com.au/shop/productdetails/780874/carlton-dry-low-carb-lager-stubbies",
        "imgName": "780874.jpg",
        "imgSrc": "https://cdn0.woolworths.media/content/wowproductimages/medium/780874.jpg",
        "name": "Carlton Dry Low Carb Lager Stubbies 12x355ml case",
        "price": 29,
        "special": 28
    },
    {
        "category": "specials",
        "href": "https://www.woolworths.com.au/shop/productdetails/31560/golden-crumpets-round-wholemeal",
        "imgName": "031560.jpg",
        "imgSrc": "https://cdn0.woolworths.media/content/wowproductimages/medium/031560.jpg",
        "name": "Golden Crumpets Round Wholemeal 6pk 300g",
        "price": 3.3,
        "special": 2,
        "unitPrice": "$0.33 / 1EA"
    },
    {
        "category": "specials",
        "href": "https://www.woolworths.com.au/shop/productdetails/222993/gravox-gravy-liquid-lamb-rosemary",
        "imgName": "222993.jpg",
        "imgSrc": "https://cdn0.woolworths.media/content/wowproductimages/medium/222993.jpg",
        "name": "Gravox Gravy Liquid Lamb & Rosemary 165g",
        "price": 2,
        "unitPrice": "$1.21 / 100G"
    },
    {
        "category": "specials",
        "href": "https://www.woolworths.com.au/shop/productdetails/757571/gravox-finishing-sauce-cheese",
        "imgName": "757571.jpg",
        "imgSrc": "https://cdn0.woolworths.media/content/wowproductimages/medium/757571.jpg",
        "name": "Gravox Finishing Sauce Cheese 29g",
        "price": 1,
        "special": 0.9,
        "unitPrice": "$0.31 / 10G"
    },
    {
        "category": "specials",
        "href": "https://www.woolworths.com.au/shop/productdetails/578417/kurrajong-kitchen-lavosh-bites-caramalised-onion-sea-salt",
        "imgName": "578417.jpg",
        "imgSrc": "https://cdn0.woolworths.media/content/wowproductimages/medium/578417.jpg",
        "name": "Kurrajong Kitchen Lavosh Bites Caramalised Onion & Sea Salt 125g",
        "price": 3.7,
        "special": 3,
        "unitPrice": "$2.50 / 100G"
    },
    {
        "category": "specials",
        "href": "https://www.woolworths.com.au/shop/productdetails/535601/woolworths-canned-shredded-chicken-cajun",
        "imgName": "535601.jpg",
        "imgSrc": "https://cdn0.woolworths.media/content/wowproductimages/medium/535601.jpg",
        "name": "Woolworths Canned Shredded Chicken Cajun 85g",
        "price": 1.29,
        "unitPrice": "$15.18 / 1KG"
    },
    {
        "category": "specials",
        "href": "https://www.woolworths.com.au/shop/productdetails/976801/jameson-dry-lime-cans",
        "imgName": "976801.jpg",
        "imgSrc": "https://cdn0.woolworths.media/content/wowproductimages/medium/976801.jpg",
        "name": "Jameson Dry & Lime Cans 4x375ml pack",
        "price": 25,
        "special": 21
    },
    {
        "category": "specials",
        "href": "https://www.woolworths.com.au/shop/productdetails/14606/spring-gully-gherkins-round",
        "imgName": "014606.jpg",
        "imgSrc": "https://cdn0.woolworths.media/content/wowproductimages/medium/014606.jpg",
        "name": "Spring Gully Gherkins Round 550g",
        "price": 4,
        "special": 3,
        "unitPrice": "$5.45 / 1KG"
    },
    {
        "category": "specials",
        "href": "https://www.woolworths.com.au/shop/productdetails/666835/pantalica-piping-smooth-ricotta-cheese",
        "imgName": "666835.jpg",
        "imgSrc": "https://cdn0.woolworths.media/content/wowproductimages/medium/666835.jpg",
        "name": "Pantalica Piping Smooth Ricotta Cheese 250g",
        "price": 4.5,
        "special": 3.5,
        "unitPrice": "$14.00 / 1KG"
    },
    {
        "category": "specials",
        "href": "https://www.woolworths.com.au/shop/productdetails/986903/coopers-premium-lager-bottles",
        "imgName": "986903.jpg",
        "imgSrc": "https://cdn0.woolworths.media/content/wowproductimages/medium/986903.jpg",
        "name": "Coopers Premium Lager Bottles 24x355ml case",
        "price": 55,
        "special": 48
    },
    {
        "category": "specials",
        "href": "https://www.woolworths.com.au/shop/productdetails/18145/essentials-cooking-chocolate-milk",
        "imgName": "018145.jpg",
        "imgSrc": "https://cdn0.woolworths.media/content/wowproductimages/medium/018145.jpg",
        "name": "Essentials Cooking Chocolate Milk 375g",
        "price": 2.15,
        "unitPrice": "$0.57 / 100G"
    },
    {
        "category": "specials",
        "href": "https://www.woolworths.com.au/shop/productdetails/829495/grinders-caffitaly-coffee-capsules-espresso",
        "imgName": "829495.jpg",
        "imgSrc": "https://cdn0.woolworths.media/content/wowproductimages/medium/829495.jpg",
        "name": "Grinders Caffitaly Coffee Capsules Espresso 10pk",
        "price": 5.5,
        "unitPrice": "$0.55 / 1EA"
    },
    {
        "category": "specials",
        "href": "https://www.woolworths.com.au/shop/productdetails/900854/jim-beam-black-label-bourbon-cola-cans",
        "imgName": "900854.jpg",
        "imgSrc": "https://cdn0.woolworths.media/content/wowproductimages/medium/900854.jpg",
        "name": "Jim Beam Black Label Bourbon & Cola Cans 4x375ml",
        "price": 21,
        "special": 19
    },
    {
        "category": "specials",
        "href": "https://www.woolworths.com.au/shop/productdetails/912433/jim-beam-bourbon-zero-sugar-cola-cans",
        "imgName": "912433.jpg",
        "imgSrc": "https://cdn0.woolworths.media/content/wowproductimages/medium/912433.jpg",
        "name": "Jim Beam Bourbon & Zero Sugar Cola Cans 24x375ml",
        "price": 88,
        "special": 85
    },
    {
        "category": "specials",
        "href": "https://www.woolworths.com.au/shop/productdetails/384244/arnott-s-shapes-cheddar",
        "imgName": "384244.jpg",
        "imgSrc": "https://cdn0.woolworths.media/content/wowproductimages/medium/384244.jpg",
        "name": "Arnott's Shapes Cheddar 175g",
        "price": 3,
        "special": 2,
        "unitPrice": "$1.14 / 100G"
    },
    {
        "category": "specials",
        "href": "https://www.woolworths.com.au/shop/productdetails/536091/mcwilliams-max-tawny-with-rum-blend",
        "imgName": "536091.jpg",
        "imgSrc": "https://cdn0.woolworths.media/content/wowproductimages/medium/536091.jpg",
        "name": "Mcwilliams Max Tawny With Rum Blend 500ml",
        "price": 30,
        "special": 25
    },
    {
        "category": "specials",
        "href": "https://www.woolworths.com.au/shop/productdetails/713834/the-one-tip-top-toast-bread-white",
        "imgName": "713834.jpg",
        "imgSrc": "https://cdn0.woolworths.media/content/wowproductimages/medium/713834.jpg",
        "name": "The One Tip Top Toast Bread White 700g",
        "price": 3,
        "unitPrice": "$0.43 / 100G"
    },
    {
        "category": "specials",
        "href": "https://www.woolworths.com.au/shop/productdetails/253937/wonder-white-wholemeal-with-iron-sandwich-slice",
        "imgName": "253937.jpg",
        "imgSrc": "https://cdn0.woolworths.media/content/wowproductimages/medium/253937.jpg",
        "name": "Wonder White Wholemeal With Iron Sandwich Slice 700g",
        "price": 3,
        "unitPrice": "$0.43 / 100G"
    },
    {
        "category": "specials",
        "href": "https://www.woolworths.com.au/shop/productdetails/383022/mishka-vodka-apple-lychee",
        "imgName": "383022.jpg",
        "imgSrc": "https://cdn0.woolworths.media/content/wowproductimages/medium/383022.jpg",
        "name": "Mishka Vodka Apple & Lychee 4x275ml",
        "price": 14,
        "special": 12
    },
    {
        "category": "specials",
        "href": "https://www.woolworths.com.au/shop/productdetails/434026/heinz-soup-pumpkin-mexican-spices",
        "imgName": "434026.jpg",
        "imgSrc": "https://cdn0.woolworths.media/content/wowproductimages/medium/434026.jpg",
        "name": "Heinz Soup Pumpkin Mexican Spices 300g",
        "price": 2,
        "unitPrice": "$0.67 / 100G"
    },
    {
        "category": "specials",
        "href": "https://www.woolworths.com.au/shop/productdetails/416483/bonds-hipster-hi-bikini-size-14",
        "imgName": "416483.jpg",
        "imgSrc": "https://cdn0.woolworths.media/content/wowproductimages/medium/416483.jpg",
        "name": "Bonds Hipster Hi Bikini Size 14 2pk",
        "price": 18,
        "special": 9
    },
    {
        "category": "specials",
        "href": "https://www.woolworths.com.au/shop/productdetails/977500/steersman-blonde-low-carb-beer-bottles",
        "imgName": "977500.jpg",
        "imgSrc": "https://cdn0.woolworths.media/content/wowproductimages/medium/977500.jpg",
        "name": "Steersman Blonde Low Carb Beer Bottles 24x330ml case",
        "price": 42,
        "special": 38
    },
    {
        "category": "specials",
        "href": "https://www.woolworths.com.au/shop/productdetails/761061/on-the-menu-spagheti-meatballs",
        "imgName": "761061.jpg",
        "imgSrc": "https://cdn0.woolworths.media/content/wowproductimages/medium/761061.jpg",
        "name": "On The Menu Spagheti & Meatballs  260g",
        "price": 3,
        "special": 2.7,
        "unitPrice": "$1.04 / 100G"
    },
    {
        "category": "specials",
        "href": "https://www.woolworths.com.au/shop/productdetails/603978/christmas-santa-renideer-face-hat",
        "imgName": "603978.jpg",
        "imgSrc": "https://cdn0.woolworths.media/content/wowproductimages/medium/603978.jpg",
        "name": "Christmas Santa & Renideer Face Hat each",
        "price": 5,
        "special": 2.5,
        "unitPrice": "$2.50 / 1EA"
    },
    {
        "category": "specials",
        "href": "https://www.woolworths.com.au/shop/productdetails/13170/spc-spaghetti-spagasaurus-shapes",
        "imgName": "013170.jpg",
        "imgSrc": "https://cdn0.woolworths.media/content/wowproductimages/medium/013170.jpg",
        "name": "Spc Spaghetti Spagasaurus Shapes 420g",
        "price": 1.15,
        "special": 1,
        "unitPrice": "$0.24 / 100G"
    },
    {
        "category": "specials",
        "href": "https://www.woolworths.com.au/shop/productdetails/583396/quest-bar-mint-chocolate-chunk-bar",
        "imgName": "583396.jpg",
        "imgSrc": "https://cdn0.woolworths.media/content/wowproductimages/medium/583396.jpg",
        "name": "Quest Bar Mint Chocolate Chunk Bar 60g",
        "price": 4,
        "special": 3.5,
        "unitPrice": "$5.83 / 100G"
    },
    {
        "category": "specials",
        "href": "https://www.woolworths.com.au/shop/productdetails/578733/peckish-rice-crackers-sweet-carrot",
        "imgName": "578733.jpg",
        "imgSrc": "https://cdn0.woolworths.media/content/wowproductimages/medium/578733.jpg",
        "name": "Peckish Rice Crackers Sweet Carrot 100g",
        "price": 2.5,
        "special": 2,
        "unitPrice": "$2.00 / 100G"
    },
    {
        "category": "specials",
        "href": "https://www.woolworths.com.au/shop/productdetails/724708/radox-shower-body-cream-wash-feel-soothed",
        "imgName": "724708.jpg",
        "imgSrc": "https://cdn0.woolworths.media/content/wowproductimages/medium/724708.jpg",
        "name": "Radox Shower Body Cream Wash Feel Soothed 1l",
        "price": 7,
        "unitPrice": "$0.70 / 100ML"
    },
    {
        "category": "specials",
        "href": "https://www.woolworths.com.au/shop/productdetails/527179/tasmanian-heritage-double-brie-cheese-snack",
        "imgName": "527179.jpg",
        "imgSrc": "https://cdn0.woolworths.media/content/wowproductimages/medium/527179.jpg",
        "name": "Tasmanian Heritage Double Brie Cheese Snack  80g",
        "price": 3.5,
        "unitPrice": "$43.75 / 1KG"
    },
    {
        "category": "specials",
        "href": "https://www.woolworths.com.au/shop/productdetails/571482/macro-certified-organic-yoghurt-natural",
        "imgName": "571482.jpg",
        "imgSrc": "https://cdn0.woolworths.media/content/wowproductimages/medium/571482.jpg",
        "name": "Macro Certified Organic Yoghurt Natural 1kg",
        "price": 6,
        "unitPrice": "$0.60 / 100G"
    },
    {
        "category": "specials",
        "href": "https://www.woolworths.com.au/shop/productdetails/651044/raw-earth-stevia-monk-fruit-sweetener-sticks",
        "imgName": "651044.jpg",
        "imgSrc": "https://cdn0.woolworths.media/content/wowproductimages/medium/651044.jpg",
        "name": "Raw Earth Stevia & Monk Fruit Sweetener Sticks 40pk 80g",
        "price": 4.75,
        "special": 3.3,
        "unitPrice": "$4.13 / 100G"
    },
    {
        "category": "specials",
        "href": "https://www.woolworths.com.au/shop/productdetails/553016/cocobella-coconut-yoghurt-natural",
        "imgName": "553016.jpg",
        "imgSrc": "https://cdn0.woolworths.media/content/wowproductimages/medium/553016.jpg",
        "name": "Cocobella Coconut Yoghurt Natural 500g",
        "price": 6.8,
        "special": 5,
        "unitPrice": "$1.00 / 100G"
    },
    {
        "category": "specials",
        "href": "https://www.woolworths.com.au/shop/productdetails/522330/sunrice-street-snack-spaghetti-bolognese",
        "imgName": "522330.jpg",
        "imgSrc": "https://cdn0.woolworths.media/content/wowproductimages/medium/522330.jpg",
        "name": "Sunrice Street Snack Spaghetti Bolognese  200g",
        "price": 4,
        "special": 3,
        "unitPrice": "$1.50 / 100G"
    },
    {
        "category": "specials",
        "href": "https://www.woolworths.com.au/shop/productdetails/662228/mcvities-hobnobs",
        "imgName": "662228.jpg",
        "imgSrc": "https://cdn0.woolworths.media/content/wowproductimages/medium/662228.jpg",
        "name": "Mcvities Hobnobs  300g",
        "price": 3,
        "special": 2,
        "unitPrice": "$0.67 / 100G"
    },
    {
        "category": "specials",
        "href": "https://www.woolworths.com.au/shop/productdetails/604090/christmas-cards-landscape-foil-modern-reindeer",
        "imgName": "604090.jpg",
        "imgSrc": "https://cdn0.woolworths.media/content/wowproductimages/medium/604090.jpg",
        "name": "Christmas Cards Landscape Foil Modern Reindeer each",
        "price": 3,
        "special": 1.8,
        "unitPrice": "$1.80 / 1EA"
    },
    {
        "category": "specials",
        "href": "https://www.woolworths.com.au/shop/productdetails/604084/christmas-cards-landscape-foil-photograph",
        "imgName": "604084.jpg",
        "imgSrc": "https://cdn0.woolworths.media/content/wowproductimages/medium/604084.jpg",
        "name": "Christmas Cards Landscape Foil Photograph each",
        "price": 3,
        "special": 2.1,
        "unitPrice": "$2.10 / 1EA"
    },
    {
        "category": "specials",
        "href": "https://www.woolworths.com.au/shop/productdetails/173193/easiyo-sweet-vanilla-yoghurt-base",
        "imgName": "173193.jpg",
        "imgSrc": "https://cdn0.woolworths.media/content/wowproductimages/medium/173193.jpg",
        "name": "Easiyo Sweet Vanilla Yoghurt Base 230g",
        "price": 4.5,
        "unitPrice": "$1.96 / 100G"
    },
    {
        "category": "specials",
        "href": "https://www.woolworths.com.au/shop/productdetails/573601/woolworths-thick-creamy-yoghurt-blackberry-acai-with-fruit-swirls",
        "imgName": "573601.jpg",
        "imgSrc": "https://cdn0.woolworths.media/content/wowproductimages/medium/573601.jpg",
        "name": "Woolworths Thick & Creamy Yoghurt Blackberry & Acai With Fruit Swirls 700g",
        "price": 5,
        "unitPrice": "$0.71 / 100G"
    },
    {
        "category": "specials",
        "href": "https://www.woolworths.com.au/shop/productdetails/977000/james-squire-the-swindler-summer-ale-bottles",
        "imgName": "977000.jpg",
        "imgSrc": "https://cdn0.woolworths.media/content/wowproductimages/medium/977000.jpg",
        "name": "James Squire The Swindler Summer Ale Bottles 24x345ml case",
        "price": 67,
        "special": 54
    },
    {
        "category": "specials",
        "href": "https://www.woolworths.com.au/shop/productdetails/598433/h2melon-watermelon-water",
        "imgName": "598433.jpg",
        "imgSrc": "https://cdn0.woolworths.media/content/wowproductimages/medium/598433.jpg",
        "name": "H2melon Watermelon Water  500ml",
        "price": 4.15,
        "special": 3.1,
        "unitPrice": "$6.20 / 1L"
    },
    {
        "category": "specials",
        "href": "https://www.woolworths.com.au/shop/productdetails/612419/l-oreal-colorista-wash-out-pink-hair",
        "imgName": "612419.jpg",
        "imgSrc": "https://cdn0.woolworths.media/content/wowproductimages/medium/612419.jpg",
        "name": "L'oreal Colorista Wash Out Pink Hair 80ml",
        "price": 16.5,
        "special": 11.5,
        "unitPrice": "$14.38 / 100ML"
    },
    {
        "category": "specials",
        "href": "https://www.woolworths.com.au/shop/productdetails/552525/air-wick-v-i-poo-toilet-spray-lavender-superstar",
        "imgName": "552525.jpg",
        "imgSrc": "https://cdn0.woolworths.media/content/wowproductimages/medium/552525.jpg",
        "name": "Air Wick V.i.poo Toilet Spray Lavender Superstar 55ml",
        "price": 10,
        "special": 8,
        "unitPrice": "$14.55 / 100ML"
    },
    {
        "category": "specials",
        "href": "https://www.woolworths.com.au/shop/productdetails/660981/arkadia-cookies-cream-diy-ice-cream",
        "imgName": "660981.jpg",
        "imgSrc": "https://cdn0.woolworths.media/content/wowproductimages/medium/660981.jpg",
        "name": "Arkadia Cookies & Cream Diy Ice Cream 170g",
        "price": 6,
        "special": 4,
        "unitPrice": "$1.00 / 100G"
    },
    {
        "category": "specials",
        "href": "https://www.woolworths.com.au/shop/productdetails/780829/sanitarium-so-good-almond-coconut-milk",
        "imgName": "780829.jpg",
        "imgSrc": "https://cdn0.woolworths.media/content/wowproductimages/medium/780829.jpg",
        "name": "Sanitarium So Good Almond & Coconut Milk 1l",
        "price": 3,
        "unitPrice": "$3.00 / 1L"
    },
    {
        "category": "specials",
        "href": "https://www.woolworths.com.au/shop/productdetails/340707/adidas-deodorant-aerosol-dmx-mens",
        "imgName": "340707.jpg",
        "imgSrc": "https://cdn0.woolworths.media/content/wowproductimages/medium/340707.jpg",
        "name": "Adidas Deodorant Aerosol Dmx Mens 130g",
        "price": 5,
        "unitPrice": "$2.50 / 100ML"
    },
    {
        "category": "specials",
        "href": "https://www.woolworths.com.au/shop/productdetails/491018/lindt-cooking-chocolate-70-cocoa",
        "imgName": "491018.jpg",
        "imgSrc": "https://cdn0.woolworths.media/content/wowproductimages/medium/491018.jpg",
        "name": "Lindt Cooking Chocolate 70% Cocoa 180g",
        "price": 6,
        "special": 4,
        "unitPrice": "$2.22 / 100G"
    },
    {
        "category": "specials",
        "href": "https://www.woolworths.com.au/shop/productdetails/854639/inspire-can-opener",
        "imgName": "854639.jpg",
        "imgSrc": "https://cdn0.woolworths.media/content/wowproductimages/medium/854639.jpg",
        "name": "Inspire Can Opener  each",
        "price": 6
    },
    {
        "category": "specials",
        "href": "https://www.woolworths.com.au/shop/productdetails/227516/tresemme-professional-hair-shampoo-colour-revitalise",
        "imgName": "227516.jpg",
        "imgSrc": "https://cdn0.woolworths.media/content/wowproductimages/medium/227516.jpg",
        "name": "Tresemme Professional Hair Shampoo Colour Revitalise 900ml",
        "price": 7,
        "unitPrice": "$0.78 / 100ML"
    },
    {
        "category": "specials",
        "href": "https://www.woolworths.com.au/shop/productdetails/698863/woolworths-select-olive-oil-spanish-classic",
        "imgName": "698863.jpg",
        "imgSrc": "https://cdn0.woolworths.media/content/wowproductimages/medium/698863.jpg",
        "name": "Woolworths Select Olive Oil Spanish Classic 1l",
        "price": 7,
        "unitPrice": "$0.70 / 100ML"
    },
    {
        "category": "specials",
        "href": "https://www.woolworths.com.au/shop/productdetails/941590/woolworths-yellowfin-tuna-in-oil",
        "imgName": "941590.jpg",
        "imgSrc": "https://cdn0.woolworths.media/content/wowproductimages/medium/941590.jpg",
        "name": "Woolworths Yellowfin Tuna In Oil  185g",
        "price": 2,
        "unitPrice": "$10.81 / 1KG"
    },
    {
        "category": "specials",
        "href": "https://www.woolworths.com.au/shop/productdetails/544699/primo-danish-salami",
        "imgName": "544699.jpg",
        "imgSrc": "https://cdn0.woolworths.media/content/wowproductimages/medium/544699.jpg",
        "name": "Primo Danish Salami  80g",
        "price": 3,
        "unitPrice": "$37.50 / 1KG"
    },
    {
        "category": "specials",
        "href": "https://www.woolworths.com.au/shop/productdetails/515181/on-the-menu-hotcakes-maple-syrup",
        "imgName": "515181.jpg",
        "imgSrc": "https://cdn0.woolworths.media/content/wowproductimages/medium/515181.jpg",
        "name": "On The Menu Hotcakes Maple Syrup 120g",
        "price": 3.8,
        "special": 3.4,
        "unitPrice": "$2.83 / 100G"
    },
    {
        "category": "specials",
        "href": "https://www.woolworths.com.au/shop/productdetails/340444/safcol-salmon-tomato-onion",
        "imgName": "340444.jpg",
        "imgSrc": "https://cdn0.woolworths.media/content/wowproductimages/medium/340444.jpg",
        "name": "Safcol Salmon Tomato & Onion 95g",
        "price": 1.5,
        "unitPrice": "$15.79 / 1KG"
    },
    {
        "category": "specials",
        "href": "https://www.woolworths.com.au/shop/productdetails/655110/jack-daniels-tennessee-whiskey-cola-bottles-4x6pks",
        "imgName": "655110.jpg",
        "imgSrc": "https://cdn0.woolworths.media/content/wowproductimages/medium/655110.jpg",
        "name": "Jack Daniels Tennessee Whiskey & Cola Bottles 4x6pks 24x330ml",
        "price": 96,
        "special": 86
    },
    {
        "category": "specials",
        "href": "https://www.woolworths.com.au/shop/productdetails/224607/clean-clear-morning-burst-facial-cleanser",
        "imgName": "224607.jpg",
        "imgSrc": "https://cdn0.woolworths.media/content/wowproductimages/medium/224607.jpg",
        "name": "Clean & Clear Morning Burst Facial Cleanser 240ml",
        "price": 9.5,
        "unitPrice": "$3.96 / 100ML"
    },
    {
        "category": "specials",
        "href": "https://www.woolworths.com.au/shop/productdetails/905519/james-squire-the-chancer-golden-ale-bottles",
        "imgName": "905519.jpg",
        "imgSrc": "https://cdn0.woolworths.media/content/wowproductimages/medium/905519.jpg",
        "name": "James Squire The Chancer Golden Ale Bottles 24x345ml case",
        "price": 67,
        "special": 54
    },
    {
        "category": "specials",
        "href": "https://www.woolworths.com.au/shop/productdetails/631233/skin-republic-2-step-face-mask-bright",
        "imgName": "631233.jpg",
        "imgSrc": "https://cdn0.woolworths.media/content/wowproductimages/medium/631233.jpg",
        "name": "Skin Republic 2 Step Face Mask Bright each",
        "price": 10,
        "special": 8,
        "unitPrice": "$8.00 / 1EA"
    },
    {
        "category": "specials",
        "href": "https://www.woolworths.com.au/shop/productdetails/929634/always-fresh-medi-anchovy-fillets",
        "imgName": "929634.jpg",
        "imgSrc": "https://cdn0.woolworths.media/content/wowproductimages/medium/929634.jpg",
        "name": "Always Fresh Medi Anchovy Fillets  100g",
        "price": 4.7,
        "special": 4.15,
        "unitPrice": "$41.50 / 1KG"
    },
    {
        "category": "specials",
        "href": "https://www.woolworths.com.au/shop/productdetails/172409/heinz-spaghetti-oops-in-tomato-cheese-sauce",
        "imgName": "172409.jpg",
        "imgSrc": "https://cdn0.woolworths.media/content/wowproductimages/medium/172409.jpg",
        "name": "Heinz Spaghetti Oops In Tomato & Cheese Sauce 220g",
        "price": 1.65,
        "special": 1.4,
        "unitPrice": "$0.64 / 100G"
    },
    {
        "category": "specials",
        "href": "https://www.woolworths.com.au/shop/productdetails/11464/energizer-max-aa-batteries",
        "imgName": "011464.jpg",
        "imgSrc": "https://cdn0.woolworths.media/content/wowproductimages/medium/011464.jpg",
        "name": "Energizer Max Aa Batteries  4pk",
        "price": 5.5,
        "unitPrice": "$1.38 / 1EA"
    },
    {
        "category": "specials",
        "href": "https://www.woolworths.com.au/shop/productdetails/19145/heinz-classic-canned-soup-creamy-pumpkin",
        "imgName": "019145.jpg",
        "imgSrc": "https://cdn0.woolworths.media/content/wowproductimages/medium/019145.jpg",
        "name": "Heinz Classic Canned Soup Creamy Pumpkin 535g",
        "price": 2.5,
        "unitPrice": "$0.47 / 100G"
    },
    {
        "category": "specials",
        "href": "https://www.woolworths.com.au/shop/productdetails/247957/woolworths-select-ground-coffee-espresso",
        "imgName": "247957.jpg",
        "imgSrc": "https://cdn0.woolworths.media/content/wowproductimages/medium/247957.jpg",
        "name": "Woolworths Select Ground Coffee Espresso 250g",
        "price": 5,
        "unitPrice": "$2.00 / 100G"
    },
    {
        "category": "specials",
        "href": "https://www.woolworths.com.au/shop/productdetails/923918/red-rock-deli-roast-pumpkin-caramelised-onion-cashew-dip",
        "imgName": "923918.jpg",
        "imgSrc": "https://cdn0.woolworths.media/content/wowproductimages/medium/923918.jpg",
        "name": "Red Rock Deli Roast Pumpkin Caramelised Onion & Cashew Dip 150g",
        "price": 4.6,
        "special": 4,
        "unitPrice": "$2.67 / 100G"
    },
    {
        "category": "specials",
        "href": "https://www.woolworths.com.au/shop/productdetails/600462/u-by-kotex-sport-tampons-regular",
        "imgName": "600462.jpg",
        "imgSrc": "https://cdn0.woolworths.media/content/wowproductimages/medium/600462.jpg",
        "name": "U By Kotex Sport Tampons Regular 16pk",
        "price": 5.5,
        "special": 4,
        "unitPrice": "$0.25 / 1EA"
    },
    {
        "category": "specials",
        "href": "https://www.woolworths.com.au/shop/productdetails/842609/palmolive-intensive-moisture-shampoo",
        "imgName": "842609.jpg",
        "imgSrc": "https://cdn0.woolworths.media/content/wowproductimages/medium/842609.jpg",
        "name": "Palmolive Intensive Moisture Shampoo 350ml",
        "price": 5,
        "special": 4,
        "unitPrice": "$1.14 / 100ML"
    },
    {
        "category": "specials",
        "href": "https://www.woolworths.com.au/shop/productdetails/594843/artline-fineline-pen-assorted-0-6mm",
        "imgName": "594843.jpg",
        "imgSrc": "https://cdn0.woolworths.media/content/wowproductimages/medium/594843.jpg",
        "name": "Artline Fineline Pen Assorted 0.6mm 4pk",
        "price": 10,
        "special": 7
    },
    {
        "category": "specials",
        "href": "https://www.woolworths.com.au/shop/productdetails/170768/l-oreal-excellence-cr-me-4-3-dark-golden-brown",
        "imgName": "170768.jpg",
        "imgSrc": "https://cdn0.woolworths.media/content/wowproductimages/medium/170768.jpg",
        "name": "L'oreal Excellence Cr\u00e8me 4.3 Dark Golden Brown 1pk",
        "price": 17.5,
        "special": 12
    },
    {
        "category": "specials",
        "href": "https://www.woolworths.com.au/shop/productdetails/214438/loacker-quadratini-wafers-pasticceria-coconut",
        "imgName": "214438.jpg",
        "imgSrc": "https://cdn0.woolworths.media/content/wowproductimages/medium/214438.jpg",
        "name": "Loacker Quadratini Wafers Pasticceria Coconut 100g",
        "price": 4,
        "special": 2.5,
        "unitPrice": "$2.50 / 100G"
    },
    {
        "category": "specials",
        "href": "https://www.woolworths.com.au/shop/productdetails/575821/greens-raspberry-crumble-slice",
        "imgName": "575821.jpg",
        "imgSrc": "https://cdn0.woolworths.media/content/wowproductimages/medium/575821.jpg",
        "name": "Greens Raspberry Crumble Slice 380g",
        "price": 4,
        "special": 3,
        "unitPrice": "$0.79 / 100G"
    },
    {
        "category": "specials",
        "href": "https://www.woolworths.com.au/shop/productdetails/517087/balnea-liquid-hand-wash-nourishing-pump",
        "imgName": "517087.jpg",
        "imgSrc": "https://cdn0.woolworths.media/content/wowproductimages/medium/517087.jpg",
        "name": "Balnea Liquid Hand Wash Nourishing Pump 250ml",
        "price": 1.5,
        "unitPrice": "$0.60 / 100ML"
    },
    {
        "category": "specials",
        "href": "https://www.woolworths.com.au/shop/productdetails/364047/woolworths-select-dishwashing-tablets-all-in-1",
        "imgName": "364047.jpg",
        "imgSrc": "https://cdn0.woolworths.media/content/wowproductimages/medium/364047.jpg",
        "name": "Woolworths Select Dishwashing Tablets All In 1 28pk",
        "price": 4.6,
        "unitPrice": "$0.16 / 1EA"
    },
    {
        "category": "specials",
        "href": "https://www.woolworths.com.au/shop/productdetails/552524/air-wick-v-i-poo-toilet-spray-lemon-idol",
        "imgName": "552524.jpg",
        "imgSrc": "https://cdn0.woolworths.media/content/wowproductimages/medium/552524.jpg",
        "name": "Air Wick V.i.poo Toilet Spray Lemon Idol 55ml",
        "price": 10,
        "special": 8,
        "unitPrice": "$14.55 / 100ML"
    },
    {
        "category": "specials",
        "href": "https://www.woolworths.com.au/shop/productdetails/516107/ob-finest-cracker-cranberry-pumpkin",
        "imgName": "516107.jpg",
        "imgSrc": "https://cdn0.woolworths.media/content/wowproductimages/medium/516107.jpg",
        "name": "Ob Finest Cracker Cranberry Pumpkin 150g",
        "price": 6,
        "unitPrice": "$4.00 / 100G"
    },
    {
        "category": "specials",
        "href": "https://www.woolworths.com.au/shop/productdetails/612446/l-oreal-colorista-spray-1-day-colour-lavender",
        "imgName": "612446.jpg",
        "imgSrc": "https://cdn0.woolworths.media/content/wowproductimages/medium/612446.jpg",
        "name": "L'oreal Colorista Spray 1 Day Colour Lavender 75ml",
        "price": 15,
        "special": 10.5,
        "unitPrice": "$14.00 / 100ML"
    },
    {
        "category": "specials",
        "href": "https://www.woolworths.com.au/shop/productdetails/841217/air-wick-home-signature-flower-diffuser-luscious-fruit-exotic-wood",
        "imgName": "841217.jpg",
        "imgSrc": "https://cdn0.woolworths.media/content/wowproductimages/medium/841217.jpg",
        "name": "Air Wick Home Signature Flower Diffuser Luscious Fruit & Exotic Wood each",
        "price": 14.99,
        "special": 12,
        "unitPrice": "$1.20 / 10ML"
    },
    {
        "category": "specials",
        "href": "https://www.woolworths.com.au/shop/productdetails/789658/aunt-betty-s-citrus-duo-gluten-free-pudding",
        "imgName": "789658.jpg",
        "imgSrc": "https://cdn0.woolworths.media/content/wowproductimages/medium/789658.jpg",
        "name": "Aunt Betty's Citrus Duo Gluten Free Pudding 2x95g",
        "price": 4,
        "special": 3,
        "unitPrice": "$1.58 / 100G"
    },
    {
        "category": "specials",
        "href": "https://www.woolworths.com.au/shop/productdetails/229872/ovaltine-chocolate-light-break-energy-drink",
        "imgName": "229872.jpg",
        "imgSrc": "https://cdn0.woolworths.media/content/wowproductimages/medium/229872.jpg",
        "name": "Ovaltine Chocolate Light Break Energy Drink 400g",
        "price": 7,
        "special": 6,
        "unitPrice": "$1.50 / 100G"
    },
    {
        "category": "specials",
        "href": "https://www.woolworths.com.au/shop/productdetails/499909/veet-sensitive-precision-beauty-styler-hair-trimmer",
        "imgName": "499909.jpg",
        "imgSrc": "https://cdn0.woolworths.media/content/wowproductimages/medium/499909.jpg",
        "name": "Veet Sensitive Precision Beauty Styler & Hair Trimmer ea",
        "price": 50,
        "special": 25,
        "unitPrice": "$25.00 / 1EA"
    },
    {
        "category": "specials",
        "href": "https://www.woolworths.com.au/shop/productdetails/660273/only-organic-kumara-crt-coco-rice",
        "imgName": "660273.jpg",
        "imgSrc": "https://cdn0.woolworths.media/content/wowproductimages/medium/660273.jpg",
        "name": "Only Organic Kumara Crt & Coco Rice  170g",
        "price": 2.9,
        "special": 2,
        "unitPrice": "$1.18 / 100G"
    },
    {
        "category": "specials",
        "href": "https://www.woolworths.com.au/shop/productdetails/663193/farmers-union-greek-style-yoghurt-pouch-hint-of-real-coconut",
        "imgName": "663193.jpg",
        "imgSrc": "https://cdn0.woolworths.media/content/wowproductimages/medium/663193.jpg",
        "name": "Farmers Union Greek Style Yoghurt Pouch Hint Of Real Coconut 130g",
        "price": 2.25,
        "special": 1.5,
        "unitPrice": "$1.15 / 100G"
    },
    {
        "category": "specials",
        "href": "https://www.woolworths.com.au/shop/productdetails/520703/d-agostino-pizza-cheese",
        "imgName": "520703.jpg",
        "imgSrc": "https://cdn0.woolworths.media/content/wowproductimages/medium/520703.jpg",
        "name": "D'agostino Pizza Cheese 420g",
        "price": 3.5,
        "unitPrice": "$0.83 / 100G"
    },
    {
        "category": "specials",
        "href": "https://www.woolworths.com.au/shop/productdetails/635587/bulla-crunch-banana-splits",
        "imgName": "635587.jpg",
        "imgSrc": "https://cdn0.woolworths.media/content/wowproductimages/medium/635587.jpg",
        "name": "Bulla Crunch Banana Splits  8pk 631ml",
        "price": 6.8,
        "special": 4.5,
        "unitPrice": "$0.71 / 100ML"
    },
    {
        "category": "specials",
        "href": "https://www.woolworths.com.au/shop/productdetails/544693/annabel-karmel-butter-chicken-rice",
        "imgName": "544693.jpg",
        "imgSrc": "https://cdn0.woolworths.media/content/wowproductimages/medium/544693.jpg",
        "name": "Annabel Karmel Butter Chicken & Rice 200g",
        "price": 4,
        "special": 3,
        "unitPrice": "$1.50 / 100G"
    },
    {
        "category": "specials",
        "href": "https://www.woolworths.com.au/shop/productdetails/509866/woolworths-shortcut-bacon",
        "imgName": "509866.jpg",
        "imgSrc": "https://cdn0.woolworths.media/content/wowproductimages/medium/509866.jpg",
        "name": "Woolworths Shortcut Bacon  600g",
        "price": 7,
        "unitPrice": "$11.67 / 1KG"
    },
    {
        "category": "specials",
        "href": "https://www.woolworths.com.au/shop/productdetails/830052/essentials-soft-touch-pegs",
        "imgName": "830052.jpg",
        "imgSrc": "https://cdn0.woolworths.media/content/wowproductimages/medium/830052.jpg",
        "name": "Essentials Soft Touch Pegs 18pk",
        "price": 6
    },
    {
        "category": "specials",
        "href": "https://www.woolworths.com.au/shop/productdetails/544364/annabel-karmel-bolognese-pasta-bake",
        "imgName": "544364.jpg",
        "imgSrc": "https://cdn0.woolworths.media/content/wowproductimages/medium/544364.jpg",
        "name": "Annabel Karmel Bolognese Pasta Bake 200g",
        "price": 4,
        "special": 3,
        "unitPrice": "$1.50 / 100G"
    },
    {
        "category": "specials",
        "href": "https://www.woolworths.com.au/shop/productdetails/578626/peckish-rice-crackers-garden-veg",
        "imgName": "578626.jpg",
        "imgSrc": "https://cdn0.woolworths.media/content/wowproductimages/medium/578626.jpg",
        "name": "Peckish Rice Crackers Garden Veg 100g",
        "price": 2.5,
        "special": 2,
        "unitPrice": "$2.00 / 100G"
    },
    {
        "category": "specials",
        "href": "https://www.woolworths.com.au/shop/productdetails/544368/annabel-karmel-veggie-pasta-bake",
        "imgName": "544368.jpg",
        "imgSrc": "https://cdn0.woolworths.media/content/wowproductimages/medium/544368.jpg",
        "name": "Annabel Karmel Veggie Pasta Bake 200g",
        "price": 4,
        "special": 3,
        "unitPrice": "$1.50 / 100G"
    },
    {
        "category": "specials",
        "href": "https://www.woolworths.com.au/shop/productdetails/604050/christmas-bon-bons",
        "imgName": "604050.jpg",
        "imgSrc": "https://cdn0.woolworths.media/content/wowproductimages/medium/604050.jpg",
        "name": "Christmas Bon Bons  8pk",
        "price": 5,
        "special": 4,
        "unitPrice": "$4.00 / 1EA"
    },
    {
        "category": "specials",
        "href": "https://www.woolworths.com.au/shop/productdetails/501487/palmolive-foaming-hand-wash-refill-japanese-cherry-blossom",
        "imgName": "501487.jpg",
        "imgSrc": "https://cdn0.woolworths.media/content/wowproductimages/medium/501487.jpg",
        "name": "Palmolive Foaming Hand Wash Refill Japanese Cherry Blossom 500ml",
        "price": 5.5,
        "special": 5,
        "unitPrice": "$1.00 / 100ML"
    },
    {
        "category": "specials",
        "href": "https://www.woolworths.com.au/shop/productdetails/800009/vittoria-coffee-nespresso-compatible-oro-coffee-capsules",
        "imgName": "800009.jpg",
        "imgSrc": "https://cdn0.woolworths.media/content/wowproductimages/medium/800009.jpg",
        "name": "Vittoria Coffee Nespresso Compatible Oro Coffee Capsules 10pk",
        "price": 5,
        "unitPrice": "$0.50 / 1EA"
    },
    {
        "category": "specials",
        "href": "https://www.woolworths.com.au/shop/productdetails/640244/enjoy-life-vanilla-crunchy-cookies",
        "imgName": "640244.jpg",
        "imgSrc": "https://cdn0.woolworths.media/content/wowproductimages/medium/640244.jpg",
        "name": "Enjoy Life Vanilla Crunchy Cookies 182g",
        "price": 6.5,
        "special": 5,
        "unitPrice": "$2.75 / 100G"
    },
    {
        "category": "specials",
        "href": "https://www.woolworths.com.au/shop/productdetails/600065/schwarzkopf-live-salon-gloss-dark-berries-5-89",
        "imgName": "600065.jpg",
        "imgSrc": "https://cdn0.woolworths.media/content/wowproductimages/medium/600065.jpg",
        "name": "Schwarzkopf Live Salon Gloss Dark Berries 5.89 each",
        "price": 14,
        "special": 8.4
    },
    {
        "category": "specials",
        "href": "https://www.woolworths.com.au/shop/productdetails/574337/arnott-s-tim-tam-messina-salted-caramel",
        "imgName": "574337.jpg",
        "imgSrc": "https://cdn0.woolworths.media/content/wowproductimages/medium/574337.jpg",
        "name": "Arnott's Tim Tam Messina Salted Caramel 160g",
        "price": 3.65,
        "special": 2.5,
        "unitPrice": "$1.56 / 100G"
    },
    {
        "category": "specials",
        "href": "https://www.woolworths.com.au/shop/productdetails/758333/kan-tong-stir-fry-sauce-chinese-barbecue",
        "imgName": "758333.jpg",
        "imgSrc": "https://cdn0.woolworths.media/content/wowproductimages/medium/758333.jpg",
        "name": "Kan Tong Stir Fry Sauce Chinese Barbecue 520g",
        "price": 3.29,
        "unitPrice": "$0.68 / 100G"
    },
    {
        "category": "specials",
        "href": "https://www.woolworths.com.au/shop/productdetails/662935/mccain-superfries-crinkle-cut",
        "imgName": "662935.jpg",
        "imgSrc": "https://cdn0.woolworths.media/content/wowproductimages/medium/662935.jpg",
        "name": "Mccain Superfries Crinkle Cut 900g",
        "price": 3.79,
        "special": 3,
        "unitPrice": "$3.33 / 1KG"
    },
    {
        "category": "specials",
        "href": "https://www.woolworths.com.au/shop/productdetails/308716/bonds-baby-socks-stay-on-assorted-size-1-3",
        "imgName": "308716.jpg",
        "imgSrc": "https://cdn0.woolworths.media/content/wowproductimages/medium/308716.jpg",
        "name": "Bonds Baby Socks Stay On  Assorted Size 1-3 2pk",
        "price": 10,
        "special": 7,
        "unitPrice": "$3.50 / 1EA"
    },
    {
        "category": "specials",
        "href": "https://www.woolworths.com.au/shop/productdetails/665507/carman-s-orange-cacao-poppy-seed-bliss-balls",
        "imgName": "665507.jpg",
        "imgSrc": "https://cdn0.woolworths.media/content/wowproductimages/medium/665507.jpg",
        "name": "Carman's Orange Cacao Poppy Seed Bliss Balls 80g",
        "price": 4.5,
        "special": 4,
        "unitPrice": "$5.00 / 100G"
    },
    {
        "category": "specials",
        "href": "https://www.woolworths.com.au/shop/productdetails/597604/uncle-tobys-yoghurt-muesli-bars-strawberry",
        "imgName": "597604.jpg",
        "imgSrc": "https://cdn0.woolworths.media/content/wowproductimages/medium/597604.jpg",
        "name": "Uncle Tobys Yoghurt Muesli Bars Strawberry 469g",
        "price": 6,
        "unitPrice": "$1.28 / 100G"
    },
    {
        "category": "specials",
        "href": "https://www.woolworths.com.au/shop/productdetails/336488/fluffy-fabric-softener-ultra-conc-summer-breeze",
        "imgName": "336488.jpg",
        "imgSrc": "https://cdn0.woolworths.media/content/wowproductimages/medium/336488.jpg",
        "name": "Fluffy Fabric Softener Ultra Conc Summer Breeze 1l",
        "price": 6.99,
        "special": 5,
        "unitPrice": "$5.00 / 1L"
    },
    {
        "category": "specials",
        "href": "https://www.woolworths.com.au/shop/productdetails/195568/my-dog-adult-dog-food-beef-strips-spring-vegetable",
        "imgName": "195568.jpg",
        "imgSrc": "https://cdn0.woolworths.media/content/wowproductimages/medium/195568.jpg",
        "name": "My Dog Adult Dog Food Beef Strips & Spring Vegetable 680g",
        "price": 3.2,
        "special": 2.8,
        "unitPrice": "$0.41 / 100G"
    },
    {
        "category": "specials",
        "href": "https://www.woolworths.com.au/shop/productdetails/67594/flora-pro-activ-spread-original",
        "imgName": "067594.jpg",
        "imgSrc": "https://cdn0.woolworths.media/content/wowproductimages/medium/067594.jpg",
        "name": "Flora Pro-activ Spread Original 250g",
        "price": 4.5,
        "unitPrice": "$1.80 / 100G"
    },
    {
        "category": "specials",
        "href": "https://www.woolworths.com.au/shop/productdetails/868672/mud-cc-cream-001-light-to-medium",
        "imgName": "868672.jpg",
        "imgSrc": "https://cdn0.woolworths.media/content/wowproductimages/medium/868672.jpg",
        "name": "Mud Cc Cream 001 Light To Medium 40ml",
        "price": 7.5,
        "unitPrice": "$1.88 / 10ML"
    },
    {
        "category": "specials",
        "href": "https://www.woolworths.com.au/shop/productdetails/573121/first-force-high-performance-crawling-insect-killer",
        "imgName": "573121.jpg",
        "imgSrc": "https://cdn0.woolworths.media/content/wowproductimages/medium/573121.jpg",
        "name": "First Force High Performance Crawling Insect Killer 350g",
        "price": 3,
        "unitPrice": "$0.86 / 100G"
    },
    {
        "category": "specials",
        "href": "https://www.woolworths.com.au/shop/productdetails/576392/calbee-harvest-snaps-chilli",
        "imgName": "576392.jpg",
        "imgSrc": "https://cdn0.woolworths.media/content/wowproductimages/medium/576392.jpg",
        "name": "Calbee Harvest Snaps Chilli 93g",
        "price": 3,
        "special": 2.5,
        "unitPrice": "$26.88 / 1KG"
    },
    {
        "category": "specials",
        "href": "https://www.woolworths.com.au/shop/productdetails/365415/miller-genuine-draft-lager-stubbies",
        "imgName": "365415.jpg",
        "imgSrc": "https://cdn0.woolworths.media/content/wowproductimages/medium/365415.jpg",
        "name": "Miller Genuine Draft Lager Stubbies 6x330ml pack",
        "price": 20.8,
        "special": 19
    },
    {
        "category": "specials",
        "href": "https://www.woolworths.com.au/shop/productdetails/262726/multix-kitchen-tidy-bags-colour-scents-medium",
        "imgName": "262726.jpg",
        "imgSrc": "https://cdn0.woolworths.media/content/wowproductimages/medium/262726.jpg",
        "name": "Multix Kitchen Tidy Bags Colour Scents Medium 35pk",
        "price": 3.8,
        "unitPrice": "$0.11 / 1EA"
    },
    {
        "category": "specials",
        "href": "https://www.woolworths.com.au/shop/productdetails/795162/select-vitamin-b-c-effervescent-orange",
        "imgName": "795162.jpg",
        "imgSrc": "https://cdn0.woolworths.media/content/wowproductimages/medium/795162.jpg",
        "name": "Select Vitamin B+c Effervescent Orange 15 tablets",
        "price": 5,
        "special": 4,
        "unitPrice": "$26.67 / 100EA"
    },
    {
        "category": "specials",
        "href": "https://www.woolworths.com.au/shop/productdetails/9806/revlon-colour-silk-hair-colour-30-dark-brown",
        "imgName": "009806.jpg",
        "imgSrc": "https://cdn0.woolworths.media/content/wowproductimages/medium/009806.jpg",
        "name": "Revlon Colour Silk Hair Colour 30 Dark Brown each",
        "price": 9,
        "special": 7
    },
    {
        "category": "specials",
        "href": "https://www.woolworths.com.au/shop/productdetails/957611/dataflash-cleaning-wet-wipes-tub-100pk",
        "imgName": "957611.jpg",
        "imgSrc": "https://cdn0.woolworths.media/content/wowproductimages/medium/957611.jpg",
        "name": "Dataflash Cleaning Wet Wipes Tub 100pk 100pk tub",
        "price": 4,
        "special": 3.6,
        "unitPrice": "$0.04 / 1SS"
    },
    {
        "category": "specials",
        "href": "https://www.woolworths.com.au/shop/productdetails/588035/sunbites-lemon-exotic-spice-snack-crackers-with-chickpea",
        "imgName": "588035.jpg",
        "imgSrc": "https://cdn0.woolworths.media/content/wowproductimages/medium/588035.jpg",
        "name": "Sunbites Lemon & Exotic Spice Snack Crackers With Chickpea 120g",
        "price": 3.5,
        "special": 2.5,
        "unitPrice": "$2.08 / 100G"
    },
    {
        "category": "specials",
        "href": "https://www.woolworths.com.au/shop/productdetails/855768/toni-guy-sky-high-volume-dry-shampoo",
        "imgName": "855768.jpg",
        "imgSrc": "https://cdn0.woolworths.media/content/wowproductimages/medium/855768.jpg",
        "name": "Toni & Guy Sky High Volume Dry Shampoo 250ml",
        "price": 16,
        "unitPrice": "$6.40 / 100ML"
    },
    {
        "category": "specials",
        "href": "https://www.woolworths.com.au/shop/productdetails/251043/palmolive-naturals-body-wash-shea-butter",
        "imgName": "251043.jpg",
        "imgSrc": "https://cdn0.woolworths.media/content/wowproductimages/medium/251043.jpg",
        "name": "Palmolive Naturals Body Wash Shea Butter 500ml",
        "price": 5.4,
        "special": 5,
        "unitPrice": "$1.00 / 100ML"
    },
    {
        "category": "specials",
        "href": "https://www.woolworths.com.au/shop/productdetails/511507/adesso-slow-cooker-5-5l",
        "imgName": "511507.jpg",
        "imgSrc": "https://cdn0.woolworths.media/content/wowproductimages/medium/511507.jpg",
        "name": "Adesso Slow Cooker 5.5l each",
        "price": 39,
        "special": 31.2
    },
    {
        "category": "specials",
        "href": "https://www.woolworths.com.au/shop/productdetails/579737/mentos-pure-fresh-gum-spearmint",
        "imgName": "579737.jpg",
        "imgSrc": "https://cdn0.woolworths.media/content/wowproductimages/medium/579737.jpg",
        "name": "Mentos Pure Fresh Gum Spearmint 68g",
        "price": 3.5,
        "special": 3,
        "unitPrice": "$4.41 / 100G"
    },
    {
        "category": "specials",
        "href": "https://www.woolworths.com.au/shop/productdetails/1263/listerine-fresh-burst-mouthwash",
        "imgName": "001263.jpg",
        "imgSrc": "https://cdn0.woolworths.media/content/wowproductimages/medium/001263.jpg",
        "name": "Listerine Fresh Burst Mouthwash  1l",
        "price": 9.39,
        "unitPrice": "$0.94 / 100ML"
    },
    {
        "category": "specials",
        "href": "https://www.woolworths.com.au/shop/productdetails/46387/head-shoulders-hair-retain-anti-dandruff-shampoo-for-men",
        "imgName": "046387.jpg",
        "imgSrc": "https://cdn0.woolworths.media/content/wowproductimages/medium/046387.jpg",
        "name": "Head & Shoulders Hair Retain Anti-dandruff Shampoo For Men 620ml",
        "price": 16,
        "special": 11,
        "unitPrice": "$1.77 / 100ML"
    },
    {
        "category": "specials",
        "href": "https://www.woolworths.com.au/shop/productdetails/369675/woolworths-select-toilet-cleaner-bleach-gel",
        "imgName": "369675.jpg",
        "imgSrc": "https://cdn0.woolworths.media/content/wowproductimages/medium/369675.jpg",
        "name": "Woolworths Select Toilet Cleaner Bleach Gel 700ml",
        "price": 2.3,
        "unitPrice": "$0.33 / 100ML"
    },
    {
        "category": "specials",
        "href": "https://www.woolworths.com.au/shop/productdetails/582569/masterfood-recipe-base-honey-mustard-chicken",
        "imgName": "582569.jpg",
        "imgSrc": "https://cdn0.woolworths.media/content/wowproductimages/medium/582569.jpg",
        "name": "Masterfood Recipe Base Honey Mustard Chicken 4pk 700g",
        "price": 6.5,
        "unitPrice": "$1.63 / 1EA"
    },
    {
        "category": "specials",
        "href": "https://www.woolworths.com.au/shop/productdetails/765970/urbane-mess-wax-molding-clay",
        "imgName": "765970.jpg",
        "imgSrc": "https://cdn0.woolworths.media/content/wowproductimages/medium/765970.jpg",
        "name": "Urbane Mess Wax Molding Clay 85g",
        "price": 8,
        "special": 6.8,
        "unitPrice": "$8.00 / 100G"
    },
    {
        "category": "specials",
        "href": "https://www.woolworths.com.au/shop/productdetails/785296/bic-kids-crayons-turn-colour",
        "imgName": "785296.jpg",
        "imgSrc": "https://cdn0.woolworths.media/content/wowproductimages/medium/785296.jpg",
        "name": "Bic Kids Crayons Turn & Colour 12pk",
        "price": 6,
        "special": 4.2
    },
    {
        "category": "specials",
        "href": "https://www.woolworths.com.au/shop/productdetails/30730/glad-oven-bags-regular",
        "imgName": "030730.jpg",
        "imgSrc": "https://cdn0.woolworths.media/content/wowproductimages/medium/030730.jpg",
        "name": "Glad Oven Bags Regular 5pk",
        "price": 2.4,
        "special": 1.9,
        "unitPrice": "$0.38 / 1EA"
    },
    {
        "category": "specials",
        "href": "https://www.woolworths.com.au/shop/productdetails/650028/armor-all-air-freshener-extic-frangipni",
        "imgName": "650028.jpg",
        "imgSrc": "https://cdn0.woolworths.media/content/wowproductimages/medium/650028.jpg",
        "name": "Armor All Air Freshener Extic Frangipni 2.5ml",
        "price": 6,
        "special": 4.8,
        "unitPrice": "$192.00 / 100ML"
    },
    {
        "category": "specials",
        "href": "https://www.woolworths.com.au/shop/productdetails/785172/batiste-mamba-dry-shampoo",
        "imgName": "785172.jpg",
        "imgSrc": "https://cdn0.woolworths.media/content/wowproductimages/medium/785172.jpg",
        "name": "Batiste Mamba Dry Shampoo 200ml",
        "price": 10,
        "special": 7,
        "unitPrice": "$3.50 / 100ML"
    },
    {
        "category": "specials",
        "href": "https://www.woolworths.com.au/shop/productdetails/502849/harry-s-ice-cream-salted-caramel-fudge",
        "imgName": "502849.jpg",
        "imgSrc": "https://cdn0.woolworths.media/content/wowproductimages/medium/502849.jpg",
        "name": "Harry's Ice Cream Salted Caramel Fudge 475ml",
        "price": 5,
        "special": 4,
        "unitPrice": "$0.84 / 100ML"
    },
    {
        "category": "specials",
        "href": "https://www.woolworths.com.au/shop/productdetails/763329/bic-pencil-ecolution-black",
        "imgName": "763329.jpg",
        "imgSrc": "https://cdn0.woolworths.media/content/wowproductimages/medium/763329.jpg",
        "name": "Bic Pencil Ecolution Black 4pk",
        "price": 3.8,
        "special": 3
    },
    {
        "category": "specials",
        "href": "https://www.woolworths.com.au/shop/productdetails/527330/south-cape-havarti-cheese-snack",
        "imgName": "527330.jpg",
        "imgSrc": "https://cdn0.woolworths.media/content/wowproductimages/medium/527330.jpg",
        "name": "South Cape Havarti Cheese Snack  80g",
        "price": 3.5,
        "unitPrice": "$43.75 / 1KG"
    },
    {
        "category": "specials",
        "href": "https://www.woolworths.com.au/shop/productdetails/789997/inspire-santoku-knife",
        "imgName": "789997.jpg",
        "imgSrc": "https://cdn0.woolworths.media/content/wowproductimages/medium/789997.jpg",
        "name": "Inspire Santoku Knife  each",
        "price": 6
    },
    {
        "category": "specials",
        "href": "https://www.woolworths.com.au/shop/productdetails/829014/the-natural-confectionery-co-party-mix",
        "imgName": "829014.jpg",
        "imgSrc": "https://cdn0.woolworths.media/content/wowproductimages/medium/829014.jpg",
        "name": "The Natural Confectionery Co Party Mix  520g bag",
        "price": 5,
        "unitPrice": "$0.96 / 100G"
    },
    {
        "category": "specials",
        "href": "https://www.woolworths.com.au/shop/productdetails/826372/smith-s-share-pack-crinkle-cut-salt-vinegar",
        "imgName": "826372.jpg",
        "imgSrc": "https://cdn0.woolworths.media/content/wowproductimages/medium/826372.jpg",
        "name": "Smith's Share Pack Crinkle Cut Salt & Vinegar 330g",
        "price": 5,
        "special": 3,
        "unitPrice": "$0.91 / 100G"
    },
    {
        "category": "specials",
        "href": "https://www.woolworths.com.au/shop/productdetails/518024/mother-earth-honeycomb-muesli-bars",
        "imgName": "518024.jpg",
        "imgSrc": "https://cdn0.woolworths.media/content/wowproductimages/medium/518024.jpg",
        "name": "Mother Earth Honeycomb Muesli Bars 12pk 372g",
        "price": 5,
        "unitPrice": "$1.34 / 100G"
    },
    {
        "category": "specials",
        "href": "https://www.woolworths.com.au/shop/productdetails/712398/rexona-women-antiperspirant-deodorant-spray-sexy-bouquet",
        "imgName": "712398.jpg",
        "imgSrc": "https://cdn0.woolworths.media/content/wowproductimages/medium/712398.jpg",
        "name": "Rexona Women Antiperspirant Deodorant Spray Sexy Bouquet 250ml",
        "price": 7,
        "special": 5,
        "unitPrice": "$2.00 / 100ML"
    },
    {
        "category": "specials",
        "href": "https://www.woolworths.com.au/shop/productdetails/262384/bic-kids-triangular-colouring-pencils",
        "imgName": "262384.jpg",
        "imgSrc": "https://cdn0.woolworths.media/content/wowproductimages/medium/262384.jpg",
        "name": "Bic Kids Triangular Colouring Pencils 12pk",
        "price": 4.5,
        "special": 3
    },
    {
        "category": "specials",
        "href": "https://www.woolworths.com.au/shop/productdetails/743847/chris-rin-shiraz-reserve",
        "imgName": "743847.jpg",
        "imgSrc": "https://cdn0.woolworths.media/content/wowproductimages/medium/743847.jpg",
        "name": "Chris Rin Shiraz Reserve 750ml",
        "price": 58,
        "special": 49
    },
    {
        "category": "specials",
        "href": "https://www.woolworths.com.au/shop/productdetails/600063/schwarzkopf-live-salon-gloss-coffee-black-1-0",
        "imgName": "600063.jpg",
        "imgSrc": "https://cdn0.woolworths.media/content/wowproductimages/medium/600063.jpg",
        "name": "Schwarzkopf Live Salon Gloss Coffee Black 1.0 each",
        "price": 14,
        "special": 8.4
    },
    {
        "category": "specials",
        "href": "https://www.woolworths.com.au/shop/productdetails/452097/l-oreal-paris-preference-hair-colour-5-21-l-etoile",
        "imgName": "452097.jpg",
        "imgSrc": "https://cdn0.woolworths.media/content/wowproductimages/medium/452097.jpg",
        "name": "L'oreal Paris Preference Hair Colour 5.21 L'etoile each",
        "price": 19,
        "special": 13
    },
    {
        "category": "specials",
        "href": "https://www.woolworths.com.au/shop/productdetails/511669/el-valiente-tempranillo-",
        "imgName": "511669.jpg",
        "imgSrc": "https://cdn0.woolworths.media/content/wowproductimages/medium/511669.jpg",
        "name": "El Valiente Tempranillo?  750ml",
        "price": 16,
        "special": 13
    },
    {
        "category": "specials",
        "href": "https://www.woolworths.com.au/shop/productdetails/213540/rspca-approved-chicken-wings-bbq-plum",
        "imgName": "213540.jpg",
        "imgSrc": "https://cdn0.woolworths.media/content/wowproductimages/medium/213540.jpg",
        "name": "Rspca Approved Chicken Wings Bbq Plum per kg",
        "price": 7,
        "special": 6,
        "unitPrice": "$6.00 / 1KG"
    },
    {
        "category": "specials",
        "href": "https://www.woolworths.com.au/shop/productdetails/452086/woolworths-danish-style-fetta",
        "imgName": "452086.jpg",
        "imgSrc": "https://cdn0.woolworths.media/content/wowproductimages/medium/452086.jpg",
        "name": "Woolworths Danish Style Fetta  200g",
        "price": 3,
        "unitPrice": "$15.00 / 1KG"
    },
    {
        "category": "specials",
        "href": "https://www.woolworths.com.au/shop/productdetails/369501/on-the-menu-angus-roast-beef",
        "imgName": "369501.jpg",
        "imgSrc": "https://cdn0.woolworths.media/content/wowproductimages/medium/369501.jpg",
        "name": "On The Menu Angus Roast Beef 320g",
        "price": 6,
        "unitPrice": "$1.88 / 100G"
    },
    {
        "category": "specials",
        "href": "https://www.woolworths.com.au/shop/productdetails/360624/finish-quantum-tablets-lemon-sparkle",
        "imgName": "360624.jpg",
        "imgSrc": "https://cdn0.woolworths.media/content/wowproductimages/medium/360624.jpg",
        "name": "Finish Quantum Tablets Lemon  Sparkle 40pk",
        "price": 20,
        "unitPrice": "$0.50 / 1EA"
    },
    {
        "category": "specials",
        "href": "https://www.woolworths.com.au/shop/productdetails/751840/gloria-jeans-hot-chocolate-capsules",
        "imgName": "751840.jpg",
        "imgSrc": "https://cdn0.woolworths.media/content/wowproductimages/medium/751840.jpg",
        "name": "Gloria Jeans Hot Chocolate Capsules  10pk",
        "price": 5,
        "special": 4,
        "unitPrice": "$0.40 / 1EA"
    },
    {
        "category": "specials",
        "href": "https://www.woolworths.com.au/shop/productdetails/624767/heinz-baked-beans-cheesy-tomato",
        "imgName": "624767.jpg",
        "imgSrc": "https://cdn0.woolworths.media/content/wowproductimages/medium/624767.jpg",
        "name": "Heinz Baked Beans Cheesy Tomato 300g",
        "price": 2,
        "special": 1.5,
        "unitPrice": "$0.50 / 100G"
    },
    {
        "category": "specials",
        "href": "https://www.woolworths.com.au/shop/productdetails/630968/harpic-fresh-power-toilet-cleaner-summer-breeze",
        "imgName": "630968.jpg",
        "imgSrc": "https://cdn0.woolworths.media/content/wowproductimages/medium/630968.jpg",
        "name": "Harpic Fresh Power Toilet Cleaner Summer Breeze 39g",
        "price": 5,
        "special": 4,
        "unitPrice": "$10.26 / 100G"
    },
    {
        "category": "specials",
        "href": "https://www.woolworths.com.au/shop/productdetails/34831/fab-gold-obsession-front-top-loader-liquid",
        "imgName": "034831.jpg",
        "imgSrc": "https://cdn0.woolworths.media/content/wowproductimages/medium/034831.jpg",
        "name": "Fab Gold Obsession Front & Top Loader Liquid 2l",
        "price": 8,
        "unitPrice": "$4.00 / 1L"
    },
    {
        "category": "specials",
        "href": "https://www.woolworths.com.au/shop/productdetails/612010/chobani-greek-yoghurt-limited-edition-kiwifruit",
        "imgName": "612010.jpg",
        "imgSrc": "https://cdn0.woolworths.media/content/wowproductimages/medium/612010.jpg",
        "name": "Chobani Greek Yoghurt Limited Edition Kiwifruit 170g",
        "price": 2.25,
        "special": 2,
        "unitPrice": "$1.18 / 100G"
    },
    {
        "category": "specials",
        "href": "https://www.woolworths.com.au/shop/productdetails/706498/saint-hilaire-imported-blanquette-de-limoux-brut",
        "imgName": "706498.jpg",
        "imgSrc": "https://cdn0.woolworths.media/content/wowproductimages/medium/706498.jpg",
        "name": "Saint-hilaire Imported Blanquette De Limoux Brut 750ml",
        "price": 19,
        "special": 16
    },
    {
        "category": "specials",
        "href": "https://www.woolworths.com.au/shop/productdetails/574626/bega-cheddar-tasty-cheese-sticks",
        "imgName": "574626.jpg",
        "imgSrc": "https://cdn0.woolworths.media/content/wowproductimages/medium/574626.jpg",
        "name": "Bega Cheddar Tasty Cheese Sticks  240g",
        "price": 6,
        "unitPrice": "$25.00 / 1KG"
    },
    {
        "category": "specials",
        "href": "https://www.woolworths.com.au/shop/productdetails/600876/carefree-extra-pads-with-wings-regular",
        "imgName": "600876.jpg",
        "imgSrc": "https://cdn0.woolworths.media/content/wowproductimages/medium/600876.jpg",
        "name": "Carefree Extra Pads With Wings Regular 16pk",
        "price": 5,
        "special": 4,
        "unitPrice": "$0.25 / 1EA"
    },
    {
        "category": "specials",
        "href": "https://www.woolworths.com.au/shop/productdetails/620060/always-fresh-baby-cucumbers-with-chilli",
        "imgName": "620060.jpg",
        "imgSrc": "https://cdn0.woolworths.media/content/wowproductimages/medium/620060.jpg",
        "name": "Always Fresh Baby Cucumbers With Chilli  350g",
        "price": 3.5,
        "special": 1.75,
        "unitPrice": "$0.50 / 100G"
    },
    {
        "category": "specials",
        "href": "https://www.woolworths.com.au/shop/productdetails/764763/bonds-tights-stretchie",
        "imgName": "764763.jpg",
        "imgSrc": "https://cdn0.woolworths.media/content/wowproductimages/medium/764763.jpg",
        "name": "Bonds Tights Stretchie each",
        "price": 12,
        "special": 8.4,
        "unitPrice": "$8.40 / 1EA"
    },
    {
        "category": "specials",
        "href": "https://www.woolworths.com.au/shop/productdetails/772620/ocean-chef-squid-rings-panko",
        "imgName": "772620.jpg",
        "imgSrc": "https://cdn0.woolworths.media/content/wowproductimages/medium/772620.jpg",
        "name": "Ocean Chef Squid Rings Panko 360g",
        "price": 6,
        "unitPrice": "$16.67 / 1KG"
    },
    {
        "category": "specials",
        "href": "https://www.woolworths.com.au/shop/productdetails/609002/gold-salted-caramel-lava-cake",
        "imgName": "609002.jpg",
        "imgSrc": "https://cdn0.woolworths.media/content/wowproductimages/medium/609002.jpg",
        "name": "Gold Salted Caramel Lava Cake 2pk 180g",
        "price": 4,
        "special": 3.5,
        "unitPrice": "$1.94 / 100G"
    },
    {
        "category": "specials",
        "href": "https://www.woolworths.com.au/shop/productdetails/406800/quest-bar-protein-bar-smores",
        "imgName": "406800.jpg",
        "imgSrc": "https://cdn0.woolworths.media/content/wowproductimages/medium/406800.jpg",
        "name": "Quest Bar Protein Bar Smores 60g",
        "price": 4,
        "special": 3.5,
        "unitPrice": "$5.83 / 100G"
    },
    {
        "category": "specials",
        "href": "https://www.woolworths.com.au/shop/productdetails/211290/john-west-tempters-salmon-onion-tomato",
        "imgName": "211290.jpg",
        "imgSrc": "https://cdn0.woolworths.media/content/wowproductimages/medium/211290.jpg",
        "name": "John West Tempters Salmon Onion & Tomato 95g",
        "price": 2.35,
        "special": 2,
        "unitPrice": "$21.05 / 1KG"
    },
    {
        "category": "specials",
        "href": "https://www.woolworths.com.au/shop/productdetails/28123/south-cape-camembert-cheese",
        "imgName": "028123.jpg",
        "imgSrc": "https://cdn0.woolworths.media/content/wowproductimages/medium/028123.jpg",
        "name": "South Cape Camembert Cheese 200g",
        "price": 5.99,
        "unitPrice": "$29.95 / 1KG"
    },
    {
        "category": "specials",
        "href": "https://www.woolworths.com.au/shop/productdetails/571419/macro-certified-organic-yoghurt-vanilla-bean",
        "imgName": "571419.jpg",
        "imgSrc": "https://cdn0.woolworths.media/content/wowproductimages/medium/571419.jpg",
        "name": "Macro Certified Organic Yoghurt Vanilla Bean 1kg",
        "price": 6,
        "unitPrice": "$0.60 / 100G"
    },
    {
        "category": "specials",
        "href": "https://www.woolworths.com.au/shop/productdetails/575700/white-wings-make-create-cookies-cream-icebergs",
        "imgName": "575700.jpg",
        "imgSrc": "https://cdn0.woolworths.media/content/wowproductimages/medium/575700.jpg",
        "name": "White Wings Make & Create Cookies & Cream Icebergs 180g",
        "price": 5,
        "special": 3.5,
        "unitPrice": "$1.94 / 100G"
    },
    {
        "category": "specials",
        "href": "https://www.woolworths.com.au/shop/productdetails/620778/chris-festivale-mediterranean-spicy-feta",
        "imgName": "620778.jpg",
        "imgSrc": "https://cdn0.woolworths.media/content/wowproductimages/medium/620778.jpg",
        "name": "Chris' Festivale Mediterranean Spicy Feta 170g",
        "price": 5,
        "special": 4.5,
        "unitPrice": "$2.65 / 100G"
    },
    {
        "category": "specials",
        "href": "https://www.woolworths.com.au/shop/productdetails/567540/sealord-hoki-fries-classic-crumb",
        "imgName": "567540.jpg",
        "imgSrc": "https://cdn0.woolworths.media/content/wowproductimages/medium/567540.jpg",
        "name": "Sealord Hoki Fries Classic Crumb  350g",
        "price": 8.29,
        "special": 7,
        "unitPrice": "$20.00 / 1KG"
    },
    {
        "category": "specials",
        "href": "https://www.woolworths.com.au/shop/productdetails/232383/sard-oxy-plus-inwash-soaker-eucalyptus-power-stain-remover",
        "imgName": "232383.jpg",
        "imgSrc": "https://cdn0.woolworths.media/content/wowproductimages/medium/232383.jpg",
        "name": "Sard Oxy Plus Inwash & Soaker Eucalyptus Power Stain Remover 1kg",
        "price": 6.99,
        "special": 5,
        "unitPrice": "$5.00 / 1KG"
    },
    {
        "category": "specials",
        "href": "https://www.woolworths.com.au/shop/productdetails/70266/l-oreal-excellence-cr-me-7-3-dark-golden-blonde",
        "imgName": "070266.jpg",
        "imgSrc": "https://cdn0.woolworths.media/content/wowproductimages/medium/070266.jpg",
        "name": "L'oreal Excellence Cr\u00e8me 7.3 Dark Golden Blonde 1pk",
        "price": 17.5,
        "special": 12
    },
    {
        "category": "specials",
        "href": "https://www.woolworths.com.au/shop/productdetails/370720/weight-watchers-beef-cannelloni",
        "imgName": "370720.jpg",
        "imgSrc": "https://cdn0.woolworths.media/content/wowproductimages/medium/370720.jpg",
        "name": "Weight Watchers Beef Cannelloni 320g",
        "price": 4,
        "unitPrice": "$1.25 / 100G"
    },
    {
        "category": "specials",
        "href": "https://www.woolworths.com.au/shop/productdetails/586814/red-rock-deli-roasted-peanuts-honey-sea-salt",
        "imgName": "586814.jpg",
        "imgSrc": "https://cdn0.woolworths.media/content/wowproductimages/medium/586814.jpg",
        "name": "Red Rock Deli Roasted Peanuts Honey & Sea Salt 145g",
        "price": 4,
        "special": 3,
        "unitPrice": "$23.08 / 1KG"
    },
    {
        "category": "specials",
        "href": "https://www.woolworths.com.au/shop/productdetails/522288/safcol-tuna-in-oil-italian-style",
        "imgName": "522288.jpg",
        "imgSrc": "https://cdn0.woolworths.media/content/wowproductimages/medium/522288.jpg",
        "name": "Safcol Tuna In Oil Italian Style 185g",
        "price": 2,
        "unitPrice": "$10.81 / 1KG"
    },
    {
        "category": "specials",
        "href": "https://www.woolworths.com.au/shop/productdetails/200125/tena-lady-pads-mini-plus",
        "imgName": "200125.jpg",
        "imgSrc": "https://cdn0.woolworths.media/content/wowproductimages/medium/200125.jpg",
        "name": "Tena Lady Pads Mini Plus 16pk",
        "price": 5.25,
        "unitPrice": "$0.33 / 1EA"
    },
    {
        "category": "specials",
        "href": "https://www.woolworths.com.au/shop/productdetails/638706/flinders-estate-ash-brie",
        "imgName": "default.png",
        "imgSrc": "https://cdn0.woolworths.media/content/wowproductimages/large/default.png",
        "name": "Flinders Estate Ash Brie  125g",
        "price": 6,
        "special": 4.7,
        "unitPrice": "$37.60 / 1KG"
    },
    {
        "category": "specials",
        "href": "https://www.woolworths.com.au/shop/productdetails/516952/lucky-dog-meaty-chew-kangaroo",
        "imgName": "516952.jpg",
        "imgSrc": "https://cdn0.woolworths.media/content/wowproductimages/medium/516952.jpg",
        "name": "Lucky Dog Meaty Chew Kangaroo 4pk 96g",
        "price": 5.5,
        "special": 4,
        "unitPrice": "$4.17 / 100G"
    },
    {
        "category": "specials",
        "href": "https://www.woolworths.com.au/shop/productdetails/696776/woolworths-sour-cream-onion-stacked-chips",
        "imgName": "696776.jpg",
        "imgSrc": "https://cdn0.woolworths.media/content/wowproductimages/medium/696776.jpg",
        "name": "Woolworths Sour Cream & Onion Stacked Chips 160g",
        "price": 1.8,
        "unitPrice": "$1.13 / 100G"
    },
    {
        "category": "specials",
        "href": "https://www.woolworths.com.au/shop/productdetails/544762/primo-chicken-breast-thinly-sliced",
        "imgName": "544762.jpg",
        "imgSrc": "https://cdn0.woolworths.media/content/wowproductimages/medium/544762.jpg",
        "name": "Primo Chicken Breast Thinly Sliced 80g",
        "price": 3,
        "unitPrice": "$37.50 / 1KG"
    },
    {
        "category": "specials",
        "href": "https://www.woolworths.com.au/shop/productdetails/703683/red-rock-deli-dip-beetroot-feta-cashew",
        "imgName": "703683.jpg",
        "imgSrc": "https://cdn0.woolworths.media/content/wowproductimages/medium/703683.jpg",
        "name": "Red Rock Deli Dip Beetroot, Feta & Cashew 150g",
        "price": 4.6,
        "special": 4,
        "unitPrice": "$2.67 / 100G"
    },
    {
        "category": "specials",
        "href": "https://www.woolworths.com.au/shop/productdetails/705146/scharzkopf-live-salon-hair-colour-4-0-medium-brown",
        "imgName": "705146.jpg",
        "imgSrc": "https://cdn0.woolworths.media/content/wowproductimages/medium/705146.jpg",
        "name": "Scharzkopf Live Salon Hair Colour 4.0 Medium Brown each",
        "price": 14,
        "special": 8.4
    },
    {
        "category": "specials",
        "href": "https://www.woolworths.com.au/shop/productdetails/796468/air-wick-eco-candle-vanilla-brown-sugar",
        "imgName": "796468.jpg",
        "imgSrc": "https://cdn0.woolworths.media/content/wowproductimages/medium/796468.jpg",
        "name": "Air Wick Eco Candle Vanilla & Brown Sugar 100g",
        "price": 5,
        "unitPrice": "$5.00 / 100G"
    },
    {
        "category": "specials",
        "href": "https://www.woolworths.com.au/shop/productdetails/299006/clio-plain-full-brief-underwear-assorted-colours-10-12",
        "imgName": "299006.jpg",
        "imgSrc": "https://cdn0.woolworths.media/content/wowproductimages/medium/299006.jpg",
        "name": "Clio Plain Full Brief Underwear Assorted Colours 10-12 each",
        "price": 7.5,
        "special": 5.25
    },
    {
        "category": "specials",
        "href": "https://www.woolworths.com.au/shop/productdetails/230392/ardmona-tomatoes-crushed",
        "imgName": "230392.jpg",
        "imgSrc": "https://cdn0.woolworths.media/content/wowproductimages/medium/230392.jpg",
        "name": "Ardmona Tomatoes Crushed 410g",
        "price": 1.4,
        "unitPrice": "$3.41 / 1KG"
    },
    {
        "category": "specials",
        "href": "https://www.woolworths.com.au/shop/productdetails/626979/tibaldi-signature-hot-salami",
        "imgName": "626979.jpg",
        "imgSrc": "https://cdn0.woolworths.media/content/wowproductimages/medium/626979.jpg",
        "name": "Tibaldi Signature Hot Salami  100g",
        "price": 4,
        "special": 3.75,
        "unitPrice": "$37.50 / 1KG"
    },
    {
        "category": "specials",
        "href": "https://www.woolworths.com.au/shop/productdetails/841802/dolmio-classic-tomato-onion-sauce",
        "imgName": "841802.jpg",
        "imgSrc": "https://cdn0.woolworths.media/content/wowproductimages/medium/841802.jpg",
        "name": "Dolmio Classic Tomato & Onion Sauce 500g",
        "price": 2,
        "unitPrice": "$0.40 / 100G"
    },
    {
        "category": "specials",
        "href": "https://www.woolworths.com.au/shop/productdetails/769741/rescue-remedy-sleep-liquid-spray",
        "imgName": "769741.jpg",
        "imgSrc": "https://cdn0.woolworths.media/content/wowproductimages/medium/769741.jpg",
        "name": "Rescue Remedy Sleep Liquid Spray 20ml",
        "price": 30,
        "special": 24,
        "unitPrice": "$120.00 / 100ML"
    },
    {
        "category": "specials",
        "href": "https://www.woolworths.com.au/shop/productdetails/544984/primo-roasties-chicken",
        "imgName": "544984.jpg",
        "imgSrc": "https://cdn0.woolworths.media/content/wowproductimages/medium/544984.jpg",
        "name": "Primo Roasties Chicken 70g",
        "price": 3,
        "special": 2,
        "unitPrice": "$28.57 / 1KG"
    },
    {
        "category": "specials",
        "href": "https://www.woolworths.com.au/shop/productdetails/169719/tena-lady-pads-ultra-thin-mini",
        "imgName": "169719.jpg",
        "imgSrc": "https://cdn0.woolworths.media/content/wowproductimages/medium/169719.jpg",
        "name": "Tena Lady Pads Ultra Thin Mini 20pk",
        "price": 5.25,
        "unitPrice": "$0.26 / 1EA"
    },
    {
        "category": "specials",
        "href": "https://www.woolworths.com.au/shop/productdetails/742732/rafferty-s-garden-food-6-months-pure-vanilla-custard",
        "imgName": "742732.jpg",
        "imgSrc": "https://cdn0.woolworths.media/content/wowproductimages/medium/742732.jpg",
        "name": "Rafferty's Garden Food 6 Months Pure Vanilla Custard 120g",
        "price": 1.65,
        "unitPrice": "$1.38 / 100G"
    },
    {
        "category": "specials",
        "href": "https://www.woolworths.com.au/shop/productdetails/751346/whittakers-dark-chocolate-62-cocoa-almond",
        "imgName": "751346.jpg",
        "imgSrc": "https://cdn0.woolworths.media/content/wowproductimages/medium/751346.jpg",
        "name": "Whittakers Dark Chocolate 62% Cocoa Almond 200g block",
        "price": 4.8,
        "special": 3.5,
        "unitPrice": "$1.75 / 100G"
    },
    {
        "category": "specials",
        "href": "https://www.woolworths.com.au/shop/productdetails/29795/magic-trees-car-air-freshener-assorted",
        "imgName": "029795.jpg",
        "imgSrc": "https://cdn0.woolworths.media/content/wowproductimages/medium/029795.jpg",
        "name": "Magic Trees Car Air Freshener Assorted 1pk",
        "price": 2.49,
        "special": 2
    },
    {
        "category": "specials",
        "href": "https://www.woolworths.com.au/shop/productdetails/256184/cenovis-mega-e-500mg-capsules",
        "imgName": "256184.jpg",
        "imgSrc": "https://cdn0.woolworths.media/content/wowproductimages/medium/256184.jpg",
        "name": "Cenovis Mega E 500mg Capsules 250",
        "price": 18,
        "unitPrice": "$7.20 / 100EA"
    },
    {
        "category": "specials",
        "href": "https://www.woolworths.com.au/shop/productdetails/327443/arnott-s-vita-weat-cracker-multigrain",
        "imgName": "327443.jpg",
        "imgSrc": "https://cdn0.woolworths.media/content/wowproductimages/medium/327443.jpg",
        "name": "Arnott's Vita-weat Cracker Multigrain 140g",
        "price": 1.99,
        "special": 1.8,
        "unitPrice": "$1.29 / 100G"
    },
    {
        "category": "specials",
        "href": "https://www.woolworths.com.au/shop/productdetails/510316/calidad-hp-printer-ink-564-tri-colour",
        "imgName": "510316.jpg",
        "imgSrc": "https://cdn0.woolworths.media/content/wowproductimages/medium/510316.jpg",
        "name": "Calidad Hp Printer Ink 564 Tri-colour each",
        "price": 35
    },
    {
        "category": "specials",
        "href": "https://www.woolworths.com.au/shop/productdetails/653813/great-northern-brewing-co-super-crisp-lager-bottle",
        "imgName": "653813.jpg",
        "imgSrc": "https://cdn0.woolworths.media/content/wowproductimages/medium/653813.jpg",
        "name": "Great Northern Brewing Co Super Crisp Lager Bottle 24x330ml case",
        "price": 54,
        "special": 46
    },
    {
        "category": "specials",
        "href": "https://www.woolworths.com.au/shop/productdetails/252239/cenovis-mega-calcium-plus-d-tablets",
        "imgName": "252239.jpg",
        "imgSrc": "https://cdn0.woolworths.media/content/wowproductimages/medium/252239.jpg",
        "name": "Cenovis Mega Calcium Plus D Tablets 200pk",
        "price": 15,
        "unitPrice": "$7.50 / 100EA"
    },
    {
        "category": "specials",
        "href": "https://www.woolworths.com.au/shop/productdetails/621939/duck-foaming-toilet-bleach-gel-citrus",
        "imgName": "621939.jpg",
        "imgSrc": "https://cdn0.woolworths.media/content/wowproductimages/medium/621939.jpg",
        "name": "Duck Foaming Toilet Bleach Gel Citrus 650ml",
        "price": 4,
        "special": 3,
        "unitPrice": "$0.46 / 100ML"
    },
    {
        "category": "specials",
        "href": "https://www.woolworths.com.au/shop/productdetails/217927/king-island-lighthouse-blue-brie-cheese",
        "imgName": "217927.jpg",
        "imgSrc": "https://cdn0.woolworths.media/content/wowproductimages/medium/217927.jpg",
        "name": "King Island Lighthouse Blue Brie Cheese 200g",
        "price": 12,
        "special": 8,
        "unitPrice": "$40.00 / 1KG"
    },
    {
        "category": "specials",
        "href": "https://www.woolworths.com.au/shop/productdetails/299004/clio-plain-hi-cut-brief-underwear-assorted-colours-10-12",
        "imgName": "299004.jpg",
        "imgSrc": "https://cdn0.woolworths.media/content/wowproductimages/medium/299004.jpg",
        "name": "Clio Plain Hi Cut Brief Underwear Assorted Colours 10-12 each",
        "price": 7.5,
        "special": 5.25
    },
    {
        "category": "specials",
        "href": "https://www.woolworths.com.au/shop/productdetails/728960/rose-s-raspberry-conserve",
        "imgName": "728960.jpg",
        "imgSrc": "https://cdn0.woolworths.media/content/wowproductimages/medium/728960.jpg",
        "name": "Rose's Raspberry Conserve 500g",
        "price": 3.85,
        "unitPrice": "$0.77 / 100G"
    },
    {
        "category": "specials",
        "href": "https://www.woolworths.com.au/shop/productdetails/528155/alpen-original-muesli",
        "imgName": "528155.jpg",
        "imgSrc": "https://cdn0.woolworths.media/content/wowproductimages/medium/528155.jpg",
        "name": "Alpen Original Muesli 750g",
        "price": 10.6,
        "special": 9.45,
        "unitPrice": "$1.26 / 100G"
    },
    {
        "category": "specials",
        "href": "https://www.woolworths.com.au/shop/productdetails/582764/darell-lea-bb-s-peanut-butter",
        "imgName": "582764.jpg",
        "imgSrc": "https://cdn0.woolworths.media/content/wowproductimages/medium/582764.jpg",
        "name": "Darell Lea Bb's Peanut Butter  180g",
        "price": 3.9,
        "special": 3.3,
        "unitPrice": "$1.83 / 100G"
    },
    {
        "category": "specials",
        "href": "https://www.woolworths.com.au/shop/productdetails/696355/woolworths-select-sweet-chilli-cream-cheese",
        "imgName": "696355.jpg",
        "imgSrc": "https://cdn0.woolworths.media/content/wowproductimages/medium/696355.jpg",
        "name": "Woolworths Select Sweet Chilli Cream Cheese 200g",
        "price": 3,
        "unitPrice": "$15.00 / 1KG"
    },
    {
        "category": "specials",
        "href": "https://www.woolworths.com.au/shop/productdetails/787014/baily-baily-folio-pinot-noir-adelaide",
        "imgName": "787014.jpg",
        "imgSrc": "https://cdn0.woolworths.media/content/wowproductimages/medium/787014.jpg",
        "name": "Baily & Baily Folio Pinot Noir Adelaide 750ml",
        "price": 16,
        "special": 11
    },
    {
        "category": "specials",
        "href": "https://www.woolworths.com.au/shop/productdetails/701534/gardman-men-s-leather-gloves-one-size",
        "imgName": "701534.jpg",
        "imgSrc": "https://cdn0.woolworths.media/content/wowproductimages/medium/701534.jpg",
        "name": "Gardman Men's Leather Gloves One Size 1each",
        "price": 6.6,
        "special": 5
    },
    {
        "category": "specials",
        "href": "https://www.woolworths.com.au/shop/productdetails/93166/coca-cola-diet-bottle",
        "imgName": "093166.jpg",
        "imgSrc": "https://cdn0.woolworths.media/content/wowproductimages/medium/093166.jpg",
        "name": "Coca-cola Diet Bottle 600ml",
        "price": 3.6,
        "unitPrice": "$6.00 / 1L"
    },
    {
        "category": "specials",
        "href": "https://www.woolworths.com.au/shop/productdetails/185184/pyrex-glassware-measuring-jug-500ml",
        "imgName": "185184.jpg",
        "imgSrc": "https://cdn0.woolworths.media/content/wowproductimages/medium/185184.jpg",
        "name": "Pyrex Glassware Measuring Jug 500ml each",
        "price": 10,
        "special": 7
    },
    {
        "category": "specials",
        "href": "https://www.woolworths.com.au/shop/productdetails/947172/maybelline-new-york-instant-age-rewind-foundation-medium-beige",
        "imgName": "947172.jpg",
        "imgSrc": "https://cdn0.woolworths.media/content/wowproductimages/medium/947172.jpg",
        "name": "Maybelline New York Instant Age Rewind Foundation Medium Beige 30ml",
        "price": 25.95,
        "special": 18.15,
        "unitPrice": "$6.05 / 10ML"
    },
    {
        "category": "specials",
        "href": "https://www.woolworths.com.au/shop/productdetails/215949/sanitarium-smooth-peanut-butter",
        "imgName": "215949.jpg",
        "imgSrc": "https://cdn0.woolworths.media/content/wowproductimages/medium/215949.jpg",
        "name": "Sanitarium Smooth Peanut Butter 500g",
        "price": 4,
        "unitPrice": "$0.80 / 100G"
    },
    {
        "category": "specials",
        "href": "https://www.woolworths.com.au/shop/productdetails/251984/whiskas-adult-cat-food-furball-sardine-prawn-tuna",
        "imgName": "251984.jpg",
        "imgSrc": "https://cdn0.woolworths.media/content/wowproductimages/medium/251984.jpg",
        "name": "Whiskas Adult Cat Food Furball Sardine Prawn Tuna 1kg",
        "price": 4.7,
        "special": 4,
        "unitPrice": "$0.40 / 100G"
    },
    {
        "category": "specials",
        "href": "https://www.woolworths.com.au/shop/productdetails/262156/chevron-aa-batteries-super-heavy-duty",
        "imgName": "262156.jpg",
        "imgSrc": "https://cdn0.woolworths.media/content/wowproductimages/medium/262156.jpg",
        "name": "Chevron Aa Batteries Super Heavy Duty 10pk",
        "price": 5.5,
        "unitPrice": "$0.55 / 1EA"
    },
    {
        "category": "specials",
        "href": "https://www.woolworths.com.au/shop/productdetails/9794/revlon-colour-silk-hair-colour-70-medium-ash-blonde",
        "imgName": "009794.jpg",
        "imgSrc": "https://cdn0.woolworths.media/content/wowproductimages/medium/009794.jpg",
        "name": "Revlon Colour Silk Hair Colour 70 Medium Ash Blonde each",
        "price": 9,
        "special": 7
    },
    {
        "category": "specials",
        "href": "https://www.woolworths.com.au/shop/productdetails/7242/calidad-hp-printer-ink-564-xl-black",
        "imgName": "007242.jpg",
        "imgSrc": "https://cdn0.woolworths.media/content/wowproductimages/medium/007242.jpg",
        "name": "Calidad Hp Printer Ink 564 Xl Black each",
        "price": 20
    },
    {
        "category": "specials",
        "href": "https://www.woolworths.com.au/shop/productdetails/555154/woolworths-coconut-cream-biscuits",
        "imgName": "555154.jpg",
        "imgSrc": "https://cdn0.woolworths.media/content/wowproductimages/medium/555154.jpg",
        "name": "Woolworths Coconut Cream Biscuits 150g",
        "price": 0.75,
        "unitPrice": "$0.50 / 100G"
    },
    {
        "category": "specials",
        "href": "https://www.woolworths.com.au/shop/productdetails/702103/bosistos-eucofresh-front-loader-ultra-concentrate-powder",
        "imgName": "702103.jpg",
        "imgSrc": "https://cdn0.woolworths.media/content/wowproductimages/medium/702103.jpg",
        "name": "Bosistos Eucofresh Front Loader Ultra Concentrate Powder 1kg",
        "price": 9.65,
        "special": 7.7,
        "unitPrice": "$7.70 / 1KG"
    },
    {
        "category": "specials",
        "href": "https://www.woolworths.com.au/shop/productdetails/947057/maybelline-new-york-instant-age-rewind-foundation-classic-ivory",
        "imgName": "947057.jpg",
        "imgSrc": "https://cdn0.woolworths.media/content/wowproductimages/medium/947057.jpg",
        "name": "Maybelline New York Instant Age Rewind Foundation Classic Ivory 30ml",
        "price": 25.95,
        "special": 18.15,
        "unitPrice": "$6.05 / 10ML"
    },
    {
        "category": "specials",
        "href": "https://www.woolworths.com.au/shop/productdetails/254514/woolworths-pavlova-base",
        "imgName": "254514.jpg",
        "imgSrc": "https://cdn0.woolworths.media/content/wowproductimages/medium/254514.jpg",
        "name": "Woolworths Pavlova Base 500g",
        "price": 6,
        "unitPrice": "$1.20 / 100G"
    },
    {
        "category": "specials",
        "href": "https://www.woolworths.com.au/shop/productdetails/480225/your-majesty-cat-food-tender-tuna-chunks",
        "imgName": "480225.jpg",
        "imgSrc": "https://cdn0.woolworths.media/content/wowproductimages/medium/480225.jpg",
        "name": "Your Majesty Cat Food Tender Tuna Chunks 85g",
        "price": 0.7,
        "unitPrice": "$0.82 / 100G"
    },
    {
        "category": "specials",
        "href": "https://www.woolworths.com.au/shop/productdetails/587291/thins-big-bag-chips-original",
        "imgName": "587291.jpg",
        "imgSrc": "https://cdn0.woolworths.media/content/wowproductimages/medium/587291.jpg",
        "name": "Thins Big Bag Chips Original 300g",
        "price": 4,
        "unitPrice": "$1.33 / 100G"
    },
    {
        "category": "specials",
        "href": "https://www.woolworths.com.au/shop/productdetails/700336/heinz-chicken-shredded-caesar",
        "imgName": "700336.jpg",
        "imgSrc": "https://cdn0.woolworths.media/content/wowproductimages/medium/700336.jpg",
        "name": "Heinz Chicken Shredded Caesar 85g",
        "price": 1.5,
        "unitPrice": "$17.65 / 1KG"
    },
    {
        "category": "specials",
        "href": "https://www.woolworths.com.au/shop/productdetails/136644/praise-mayonnaise-mayonnaise",
        "imgName": "136644.jpg",
        "imgSrc": "https://cdn0.woolworths.media/content/wowproductimages/medium/136644.jpg",
        "name": "Praise Mayonnaise Mayonnaise 490g",
        "price": 3.5,
        "unitPrice": "$0.71 / 100G"
    },
    {
        "category": "specials",
        "href": "https://www.woolworths.com.au/shop/productdetails/715636/john-west-salmon-tempter-olive-oil",
        "imgName": "715636.jpg",
        "imgSrc": "https://cdn0.woolworths.media/content/wowproductimages/medium/715636.jpg",
        "name": "John West Salmon Tempter Olive Oil 95g",
        "price": 2.35,
        "special": 2,
        "unitPrice": "$21.05 / 1KG"
    },
    {
        "category": "specials",
        "href": "https://www.woolworths.com.au/shop/productdetails/433954/bulla-ice-cream-cookies-cream",
        "imgName": "433954.jpg",
        "imgSrc": "https://cdn0.woolworths.media/content/wowproductimages/medium/433954.jpg",
        "name": "Bulla Ice Cream Cookies & Cream 6pk 540ml",
        "price": 6.8,
        "special": 4.5,
        "unitPrice": "$0.83 / 100ML"
    },
    {
        "category": "specials",
        "href": "https://www.woolworths.com.au/shop/productdetails/489651/baby-u-bamboo-baby-wipes-lightly-scented",
        "imgName": "489651.jpg",
        "imgSrc": "https://cdn0.woolworths.media/content/wowproductimages/medium/489651.jpg",
        "name": "Baby U Bamboo Baby Wipes Lightly Scented 80pk",
        "price": 5,
        "special": 3.5,
        "unitPrice": "$4.38 / 100EA"
    },
    {
        "category": "specials",
        "href": "https://www.woolworths.com.au/shop/productdetails/505678/woolworths-greek-mix-prepacked",
        "imgName": "505678.jpg",
        "imgSrc": "https://cdn0.woolworths.media/content/wowproductimages/medium/505678.jpg",
        "name": "Woolworths Greek Mix Prepacked 180g",
        "price": 3.5,
        "special": 3,
        "unitPrice": "$1.67 / 100G"
    },
    {
        "category": "specials",
        "href": "https://www.woolworths.com.au/shop/productdetails/611754/garnier-hydra-bomb-tissue-mask-camomile",
        "imgName": "611754.jpg",
        "imgSrc": "https://cdn0.woolworths.media/content/wowproductimages/medium/611754.jpg",
        "name": "Garnier Hydra Bomb Tissue Mask Camomile 32g",
        "price": 5,
        "special": 3.5,
        "unitPrice": "$10.94 / 100G"
    },
    {
        "category": "specials",
        "href": "https://www.woolworths.com.au/shop/productdetails/289772/talleys-chilled-mussels-chilli",
        "imgName": "289772.jpg",
        "imgSrc": "https://cdn0.woolworths.media/content/wowproductimages/medium/289772.jpg",
        "name": "Talleys Chilled Mussels Chilli 375g",
        "price": 7,
        "special": 6,
        "unitPrice": "$16.00 / 1KG"
    },
    {
        "category": "specials",
        "href": "https://www.woolworths.com.au/shop/productdetails/201207/essentials-dog-food-lamb",
        "imgName": "201207.jpg",
        "imgSrc": "https://cdn0.woolworths.media/content/wowproductimages/medium/201207.jpg",
        "name": "Essentials Dog Food Lamb 1.2kg",
        "price": 1.79,
        "unitPrice": "$0.15 / 100G"
    },
    {
        "category": "specials",
        "href": "https://www.woolworths.com.au/shop/productdetails/661415/bosistos-aroma-mist-energy",
        "imgName": "661415.jpg",
        "imgSrc": "https://cdn0.woolworths.media/content/wowproductimages/medium/661415.jpg",
        "name": "Bosistos Aroma Mist Energy 125ml",
        "price": 12,
        "special": 9.6,
        "unitPrice": "$7.68 / 100ML"
    },
    {
        "category": "specials",
        "href": "https://www.woolworths.com.au/shop/productdetails/648165/crayola-twistables-colored-pencils",
        "imgName": "648165.jpg",
        "imgSrc": "https://cdn0.woolworths.media/content/wowproductimages/medium/648165.jpg",
        "name": "Crayola Twistables Colored Pencils 10pk",
        "price": 6,
        "special": 4.8
    },
    {
        "category": "specials",
        "href": "https://www.woolworths.com.au/shop/productdetails/629587/loackers-white-chocolate-coconut-wafers",
        "imgName": "629587.jpg",
        "imgSrc": "https://cdn0.woolworths.media/content/wowproductimages/medium/629587.jpg",
        "name": "Loackers White Chocolate & Coconut Wafers 100g",
        "price": 4,
        "special": 2.5,
        "unitPrice": "$2.50 / 100G"
    },
    {
        "category": "specials",
        "href": "https://www.woolworths.com.au/shop/productdetails/603064/zak-licensed-sip-snack-cars-3",
        "imgName": "603064.jpg",
        "imgSrc": "https://cdn0.woolworths.media/content/wowproductimages/medium/603064.jpg",
        "name": "Zak Licensed Sip & Snack Cars 3 each",
        "price": 10,
        "special": 6
    },
    {
        "category": "specials",
        "href": "https://www.woolworths.com.au/shop/productdetails/453270/darrell-lea-bb-s-chocolate-balls-honeycomb",
        "imgName": "453270.jpg",
        "imgSrc": "https://cdn0.woolworths.media/content/wowproductimages/medium/453270.jpg",
        "name": "Darrell Lea Bb's Chocolate Balls Honeycomb 180g bag",
        "price": 3.9,
        "special": 3.3,
        "unitPrice": "$1.83 / 100G"
    },
    {
        "category": "specials",
        "href": "https://www.woolworths.com.au/shop/productdetails/829371/healtheries-snacks-potato-curls-chicken",
        "imgName": "829371.jpg",
        "imgSrc": "https://cdn0.woolworths.media/content/wowproductimages/medium/829371.jpg",
        "name": "Healtheries Snacks Potato Curls Chicken 8pk",
        "price": 4.95,
        "special": 4,
        "unitPrice": "$4.17 / 100G"
    },
    {
        "category": "specials",
        "href": "https://www.woolworths.com.au/shop/productdetails/575869/australias-own-unsweetened-coconut-milk",
        "imgName": "575869.jpg",
        "imgSrc": "https://cdn0.woolworths.media/content/wowproductimages/medium/575869.jpg",
        "name": "Australias Own Unsweetened Coconut Milk  1l",
        "price": 2.8,
        "unitPrice": "$2.80 / 1L"
    },
    {
        "category": "specials",
        "href": "https://www.woolworths.com.au/shop/productdetails/378031/parker-s-multi-pack-pretzels-lightly-salted",
        "imgName": "378031.jpg",
        "imgSrc": "https://cdn0.woolworths.media/content/wowproductimages/medium/378031.jpg",
        "name": "Parker's Multi Pack Pretzels Lightly Salted 6pk 150g",
        "price": 3.18,
        "unitPrice": "$2.12 / 100G"
    },
    {
        "category": "specials",
        "href": "https://www.woolworths.com.au/shop/productdetails/315165/queens-slipper-favour-playing-cards-poker",
        "imgName": "315165.jpg",
        "imgSrc": "https://cdn0.woolworths.media/content/wowproductimages/medium/315165.jpg",
        "name": "Queens Slipper Favour Playing Cards Poker 1ea",
        "price": 6,
        "special": 4.8
    },
    {
        "category": "specials",
        "href": "https://www.woolworths.com.au/shop/productdetails/842632/pantene-pro-v-colour-therapy-shampoo",
        "imgName": "842632.jpg",
        "imgSrc": "https://cdn0.woolworths.media/content/wowproductimages/medium/842632.jpg",
        "name": "Pantene Pro-v Colour Therapy Shampoo 900ml",
        "price": 15.7,
        "special": 10,
        "unitPrice": "$1.11 / 100ML"
    },
    {
        "category": "specials",
        "href": "https://www.woolworths.com.au/shop/productdetails/598478/raw-c-sparkling-elder-flower-mint-lime-coconut-water",
        "imgName": "598478.jpg",
        "imgSrc": "https://cdn0.woolworths.media/content/wowproductimages/medium/598478.jpg",
        "name": "Raw C Sparkling Elder Flower Mint & Lime Coconut Water 400ml",
        "price": 3,
        "special": 2.5,
        "unitPrice": "$6.25 / 1L"
    },
    {
        "category": "specials",
        "href": "https://www.woolworths.com.au/shop/productdetails/888487/twinings-pure-peppermint-tea-bags",
        "imgName": "888487.jpg",
        "imgSrc": "https://cdn0.woolworths.media/content/wowproductimages/medium/888487.jpg",
        "name": "Twinings Pure Peppermint Tea Bags 80pk",
        "price": 11,
        "special": 7,
        "unitPrice": "$0.09 / 1EA"
    },
    {
        "category": "specials",
        "href": "https://www.woolworths.com.au/shop/productdetails/427141/lindt-lindor-milk-chocolate-coconut",
        "imgName": "427141.jpg",
        "imgSrc": "https://cdn0.woolworths.media/content/wowproductimages/medium/427141.jpg",
        "name": "Lindt Lindor Milk Chocolate Coconut 38g bar",
        "price": 1.5,
        "unitPrice": "$3.95 / 100G"
    },
    {
        "category": "specials",
        "href": "https://www.woolworths.com.au/shop/productdetails/310251/woolworths-select-chicken-liquid-stock",
        "imgName": "310251.jpg",
        "imgSrc": "https://cdn0.woolworths.media/content/wowproductimages/medium/310251.jpg",
        "name": "Woolworths Select Chicken Liquid Stock 1l",
        "price": 2,
        "unitPrice": "$0.20 / 100ML"
    },
    {
        "category": "specials",
        "href": "https://www.woolworths.com.au/shop/productdetails/598225/pantene-long-strong-conditioner",
        "imgName": "598225.jpg",
        "imgSrc": "https://cdn0.woolworths.media/content/wowproductimages/medium/598225.jpg",
        "name": "Pantene Long & Strong Conditioner 350ml",
        "price": 4.5,
        "unitPrice": "$1.29 / 100ML"
    },
    {
        "category": "specials",
        "href": "https://www.woolworths.com.au/shop/productdetails/425283/olsent-light-globe-led-gls-es-52-470lum",
        "imgName": "425283.jpg",
        "imgSrc": "https://cdn0.woolworths.media/content/wowproductimages/medium/425283.jpg",
        "name": "Olsent Light Globe Led Gls Es 52 470lum 2pk",
        "price": 10,
        "unitPrice": "$5.00 / 1EA"
    },
    {
        "category": "specials",
        "href": "https://www.woolworths.com.au/shop/productdetails/740205/mud-lipstick-012-coral-crush",
        "imgName": "740205.jpg",
        "imgSrc": "https://cdn0.woolworths.media/content/wowproductimages/medium/740205.jpg",
        "name": "Mud Lipstick 012 Coral Crush 2.1g",
        "price": 4.5,
        "unitPrice": "$21.43 / 10G"
    },
    {
        "category": "specials",
        "href": "https://www.woolworths.com.au/shop/productdetails/826485/woolworths-select-long-angel-hair-pasta",
        "imgName": "826485.jpg",
        "imgSrc": "https://cdn0.woolworths.media/content/wowproductimages/medium/826485.jpg",
        "name": "Woolworths Select Long Angel Hair Pasta 500g",
        "price": 1,
        "unitPrice": "$0.20 / 100G"
    },
    {
        "category": "specials",
        "href": "https://www.woolworths.com.au/shop/productdetails/781661/dairylea-cream-cheese-spread-cheddar",
        "imgName": "781661.jpg",
        "imgSrc": "https://cdn0.woolworths.media/content/wowproductimages/medium/781661.jpg",
        "name": "Dairylea Cream Cheese Spread Cheddar 250g",
        "price": 4,
        "special": 3.5,
        "unitPrice": "$14.00 / 1KG"
    },
    {
        "category": "specials",
        "href": "https://www.woolworths.com.au/shop/productdetails/435320/garnier-micellar-all-in-1-cleanser-combination-to-oily",
        "imgName": "435320.jpg",
        "imgSrc": "https://cdn0.woolworths.media/content/wowproductimages/medium/435320.jpg",
        "name": "Garnier Micellar All In 1 Cleanser Combination To Oily 400ml",
        "price": 12.95,
        "special": 9,
        "unitPrice": "$2.25 / 100ML"
    },
    {
        "category": "specials",
        "href": "https://www.woolworths.com.au/shop/productdetails/661811/abe-s-bagel-bakery-vegemite-bagel-bites",
        "imgName": "661811.jpg",
        "imgSrc": "https://cdn0.woolworths.media/content/wowproductimages/medium/661811.jpg",
        "name": "Abe's Bagel Bakery Vegemite Bagel Bites 150g",
        "price": 3.2,
        "special": 2,
        "unitPrice": "$1.33 / 100G"
    },
    {
        "category": "specials",
        "href": "https://www.woolworths.com.au/shop/productdetails/786166/mother-earth-brekkie-on-the-go-hazelnut-dark-chocolate",
        "imgName": "786166.jpg",
        "imgSrc": "https://cdn0.woolworths.media/content/wowproductimages/medium/786166.jpg",
        "name": "Mother Earth Brekkie On The Go Hazelnut & Dark Chocolate 45g",
        "price": 1.39,
        "special": 1,
        "unitPrice": "$2.22 / 100G"
    },
    {
        "category": "specials",
        "href": "https://www.woolworths.com.au/shop/productdetails/828492/heinz-soup-pouch-7-vegetable-with-garden-herbs",
        "imgName": "828492.jpg",
        "imgSrc": "https://cdn0.woolworths.media/content/wowproductimages/medium/828492.jpg",
        "name": "Heinz Soup Pouch 7 Vegetable With Garden Herbs 430g",
        "price": 3,
        "unitPrice": "$0.70 / 100G"
    },
    {
        "category": "specials",
        "href": "https://www.woolworths.com.au/shop/productdetails/661632/elastoplast-silicone-soft-plasters",
        "imgName": "661632.jpg",
        "imgSrc": "https://cdn0.woolworths.media/content/wowproductimages/medium/661632.jpg",
        "name": "Elastoplast Silicone Soft Plasters 10pk",
        "price": 7.7,
        "special": 6.5,
        "unitPrice": "$0.65 / 1EA"
    },
    {
        "category": "specials",
        "href": "https://www.woolworths.com.au/shop/productdetails/348700/woolworths-edam-cheese-slices",
        "imgName": "348700.jpg",
        "imgSrc": "https://cdn0.woolworths.media/content/wowproductimages/medium/348700.jpg",
        "name": "Woolworths Edam Cheese Slices 200g",
        "price": 4.5,
        "unitPrice": "$22.50 / 1KG"
    },
    {
        "category": "specials",
        "href": "https://www.woolworths.com.au/shop/productdetails/947058/maybelline-new-york-instant-age-rewind-foundation-pure-beige",
        "imgName": "947058.jpg",
        "imgSrc": "https://cdn0.woolworths.media/content/wowproductimages/medium/947058.jpg",
        "name": "Maybelline New York Instant Age Rewind Foundation Pure Beige 30ml",
        "price": 25.95,
        "special": 18.15,
        "unitPrice": "$6.05 / 10ML"
    },
    {
        "category": "specials",
        "href": "https://www.woolworths.com.au/shop/productdetails/336007/fehlbergs-onions-pickled-chilli",
        "imgName": "336007.jpg",
        "imgSrc": "https://cdn0.woolworths.media/content/wowproductimages/medium/336007.jpg",
        "name": "Fehlbergs Onions Pickled Chilli 500g",
        "price": 4.8,
        "special": 4.3,
        "unitPrice": "$8.60 / 1KG"
    },
    {
        "category": "specials",
        "href": "https://www.woolworths.com.au/shop/productdetails/742094/golden-circle-pine-orange-fruit-drink",
        "imgName": "742094.jpg",
        "imgSrc": "https://cdn0.woolworths.media/content/wowproductimages/medium/742094.jpg",
        "name": "Golden Circle Pine Orange Fruit Drink 8x250ml",
        "price": 5,
        "special": 4.5,
        "unitPrice": "$2.25 / 1L"
    },
    {
        "category": "specials",
        "href": "https://www.woolworths.com.au/shop/productdetails/923907/heinz-8-months-apple-strawberry-passionfruit",
        "imgName": "923907.jpg",
        "imgSrc": "https://cdn0.woolworths.media/content/wowproductimages/medium/923907.jpg",
        "name": "Heinz 8 Months+ Apple, Strawberry & Passionfruit 120g",
        "price": 1.5,
        "unitPrice": "$1.25 / 100G"
    },
    {
        "category": "specials",
        "href": "https://www.woolworths.com.au/shop/productdetails/660323/grain-waves-plus-sweet-potato-cream-cheese-and-herb",
        "imgName": "660323.jpg",
        "imgSrc": "https://cdn0.woolworths.media/content/wowproductimages/medium/660323.jpg",
        "name": "Grain Waves Plus Sweet Potato Cream Cheese And Herb 180g",
        "price": 4,
        "special": 2,
        "unitPrice": "$1.11 / 100G"
    },
    {
        "category": "specials",
        "href": "https://www.woolworths.com.au/shop/productdetails/519513/my-dog-adult-dog-food-chunky-stew-beef-pasta",
        "imgName": "519513.jpg",
        "imgSrc": "https://cdn0.woolworths.media/content/wowproductimages/medium/519513.jpg",
        "name": "My Dog Adult Dog Food Chunky Stew Beef & Pasta 400g",
        "price": 2.47,
        "special": 2,
        "unitPrice": "$0.50 / 100G"
    },
    {
        "category": "specials",
        "href": "https://www.woolworths.com.au/shop/productdetails/623036/duck-foaming-toilet-bleach-gel-marine",
        "imgName": "623036.jpg",
        "imgSrc": "https://cdn0.woolworths.media/content/wowproductimages/medium/623036.jpg",
        "name": "Duck Foaming Toilet Bleach Gel Marine 650ml",
        "price": 4,
        "special": 3,
        "unitPrice": "$0.46 / 100ML"
    },
    {
        "category": "specials",
        "href": "https://www.woolworths.com.au/shop/productdetails/772645/ocean-chef-barramundi-salt-water-portions-skin-on",
        "imgName": "772645.jpg",
        "imgSrc": "https://cdn0.woolworths.media/content/wowproductimages/medium/772645.jpg",
        "name": "Ocean Chef Barramundi Salt Water Portions Skin On 1kg",
        "price": 25,
        "special": 22,
        "unitPrice": "$22.00 / 1KG"
    },
    {
        "category": "specials",
        "href": "https://www.woolworths.com.au/shop/productdetails/33030/chum-adult-dog-food-lamb",
        "imgName": "033030.jpg",
        "imgSrc": "https://cdn0.woolworths.media/content/wowproductimages/medium/033030.jpg",
        "name": "Chum Adult Dog Food Lamb 1.2kg",
        "price": 2.6,
        "unitPrice": "$0.22 / 100G"
    },
    {
        "category": "specials",
        "href": "https://www.woolworths.com.au/shop/productdetails/97237/woolworths-select-croissant-butter",
        "imgName": "097237.jpg",
        "imgSrc": "https://cdn0.woolworths.media/content/wowproductimages/medium/097237.jpg",
        "name": "Woolworths Select Croissant Butter 3pk",
        "price": 2.5,
        "unitPrice": "$0.83 / 1EA"
    },
    {
        "category": "specials",
        "href": "https://www.woolworths.com.au/shop/productdetails/603285/bonds-baby-zippy-wondersuit-boys",
        "imgName": "603285.jpg",
        "imgSrc": "https://cdn0.woolworths.media/content/wowproductimages/medium/603285.jpg",
        "name": "Bonds Baby Zippy Wondersuit Boys 1pk",
        "price": 22,
        "special": 15.4
    },
    {
        "category": "specials",
        "href": "https://www.woolworths.com.au/shop/productdetails/931160/twinings-tea-bags-lemon-ginger",
        "imgName": "931160.jpg",
        "imgSrc": "https://cdn0.woolworths.media/content/wowproductimages/medium/931160.jpg",
        "name": "Twinings Tea Bags Lemon & Ginger 80pk",
        "price": 11,
        "special": 7,
        "unitPrice": "$8.75 / 100EA"
    },
    {
        "category": "specials",
        "href": "https://www.woolworths.com.au/shop/productdetails/33379/foster-clarks-custard-powder",
        "imgName": "033379.jpg",
        "imgSrc": "https://cdn0.woolworths.media/content/wowproductimages/medium/033379.jpg",
        "name": "Foster Clarks Custard Powder  350g",
        "price": 2.2,
        "special": 2,
        "unitPrice": "$0.57 / 100G"
    },
    {
        "category": "specials",
        "href": "https://www.woolworths.com.au/shop/productdetails/250675/woolworths-flavoured-instant-gravy-chicken",
        "imgName": "250675.jpg",
        "imgSrc": "https://cdn0.woolworths.media/content/wowproductimages/medium/250675.jpg",
        "name": "Woolworths Flavoured Instant Gravy Chicken 120g",
        "price": 1.8,
        "unitPrice": "$0.15 / 10G"
    },
    {
        "category": "specials",
        "href": "https://www.woolworths.com.au/shop/productdetails/480281/baxter-s-dog-food-loaf-chicken-turkey-veg",
        "imgName": "480281.jpg",
        "imgSrc": "https://cdn0.woolworths.media/content/wowproductimages/medium/480281.jpg",
        "name": "Baxter's Dog Food Loaf Chicken, Turkey & Veg 700g",
        "price": 1.5,
        "unitPrice": "$0.21 / 100G"
    },
    {
        "category": "specials",
        "href": "https://www.woolworths.com.au/shop/productdetails/7227/calidad-brother-printer-ink-lc-73-lc-40-black",
        "imgName": "007227.jpg",
        "imgSrc": "https://cdn0.woolworths.media/content/wowproductimages/medium/007227.jpg",
        "name": "Calidad Brother Printer Ink Lc-73 Lc-40 Black each",
        "price": 20
    },
    {
        "category": "specials",
        "href": "https://www.woolworths.com.au/shop/productdetails/335935/csr-white-sugar-sticks",
        "imgName": "335935.jpg",
        "imgSrc": "https://cdn0.woolworths.media/content/wowproductimages/medium/335935.jpg",
        "name": "Csr White Sugar Sticks 50pk 150g",
        "price": 2.9,
        "special": 2.6,
        "unitPrice": "$1.73 / 100G"
    },
    {
        "category": "specials",
        "href": "https://www.woolworths.com.au/shop/productdetails/44628/homebrand-cooking-chocolate-dark",
        "imgName": "044628.jpg",
        "imgSrc": "https://cdn0.woolworths.media/content/wowproductimages/medium/044628.jpg",
        "name": "Homebrand Cooking Chocolate Dark 375g",
        "price": 2.15,
        "unitPrice": "$0.57 / 100G"
    },
    {
        "category": "specials",
        "href": "https://www.woolworths.com.au/shop/productdetails/532199/creative-gourmet-frozen-banana-chunks",
        "imgName": "532199.jpg",
        "imgSrc": "https://cdn0.woolworths.media/content/wowproductimages/medium/532199.jpg",
        "name": "Creative Gourmet Frozen Banana Chunks  500g",
        "price": 5,
        "special": 4.5,
        "unitPrice": "$9.00 / 1KG"
    },
    {
        "category": "specials",
        "href": "https://www.woolworths.com.au/shop/productdetails/892838/jergens-ultra-healing-moisturiser",
        "imgName": "892838.jpg",
        "imgSrc": "https://cdn0.woolworths.media/content/wowproductimages/medium/892838.jpg",
        "name": "Jergens Ultra Healing Moisturiser  400ml",
        "price": 8.99,
        "special": 6.29,
        "unitPrice": "$1.57 / 100ML"
    },
    {
        "category": "specials",
        "href": "https://www.woolworths.com.au/shop/productdetails/577623/country-cup-roast-beef-vegetables",
        "imgName": "577623.jpg",
        "imgSrc": "https://cdn0.woolworths.media/content/wowproductimages/medium/577623.jpg",
        "name": "Country Cup Roast Beef & Vegetables  50g",
        "price": 1.5,
        "unitPrice": "$3.00 / 100G"
    },
    {
        "category": "specials",
        "href": "https://www.woolworths.com.au/shop/productdetails/828455/continental-cup-a-soup-roast-chicken-sour-cream-spring-onion",
        "imgName": "828455.jpg",
        "imgSrc": "https://cdn0.woolworths.media/content/wowproductimages/medium/828455.jpg",
        "name": "Continental Cup A Soup Roast Chicken Sour Cream & Spring Onion 92g",
        "price": 3.5,
        "unitPrice": "$3.80 / 100G"
    },
    {
        "category": "specials",
        "href": "https://www.woolworths.com.au/shop/productdetails/214462/waterthins-crispbread-parmesna-garlic-twists",
        "imgName": "214462.jpg",
        "imgSrc": "https://cdn0.woolworths.media/content/wowproductimages/medium/214462.jpg",
        "name": "Waterthins Crispbread Parmesna & Garlic Twists 110g",
        "price": 4,
        "special": 3,
        "unitPrice": "$2.73 / 100G"
    },
    {
        "category": "specials",
        "href": "https://www.woolworths.com.au/shop/productdetails/361032/hogs-3-bourbon",
        "imgName": "361032.jpg",
        "imgSrc": "https://cdn0.woolworths.media/content/wowproductimages/medium/361032.jpg",
        "name": "Hogs 3 Bourbon  700ml",
        "price": 44,
        "special": 40
    },
    {
        "category": "specials",
        "href": "https://www.woolworths.com.au/shop/productdetails/641705/red-bull-energy-drink-ruby-grapefruit",
        "imgName": "641705.jpg",
        "imgSrc": "https://cdn0.woolworths.media/content/wowproductimages/medium/641705.jpg",
        "name": "Red Bull Energy Drink Ruby Grapefruit 250ml",
        "price": 3,
        "unitPrice": "$12.00 / 1L"
    },
    {
        "category": "specials",
        "href": "https://www.woolworths.com.au/shop/productdetails/574879/cadbury-dairy-milk-with-oreo-double-choc",
        "imgName": "574879.jpg",
        "imgSrc": "https://cdn0.woolworths.media/content/wowproductimages/medium/574879.jpg",
        "name": "Cadbury Dairy Milk With Oreo Double Choc 180g",
        "price": 5,
        "special": 3.5,
        "unitPrice": "$1.94 / 100G"
    },
    {
        "category": "specials",
        "href": "https://www.woolworths.com.au/shop/productdetails/634743/cadbury-dairy-milk-freddo-with-sprinkles-block",
        "imgName": "634743.jpg",
        "imgSrc": "https://cdn0.woolworths.media/content/wowproductimages/medium/634743.jpg",
        "name": "Cadbury Dairy Milk Freddo With Sprinkles Block 190g",
        "price": 5,
        "special": 3.5,
        "unitPrice": "$1.84 / 100G"
    },
    {
        "category": "specials",
        "href": "https://www.woolworths.com.au/shop/productdetails/777847/kan-tong-stir-fry-sauce-thai-green-curry",
        "imgName": "777847.jpg",
        "imgSrc": "https://cdn0.woolworths.media/content/wowproductimages/medium/777847.jpg",
        "name": "Kan Tong Stir Fry Sauce Thai Green Curry 485g",
        "price": 3.29,
        "unitPrice": "$0.68 / 100G"
    },
    {
        "category": "specials",
        "href": "https://www.woolworths.com.au/shop/productdetails/716246/chris-dips-egyptian-beetroot",
        "imgName": "716246.jpg",
        "imgSrc": "https://cdn0.woolworths.media/content/wowproductimages/medium/716246.jpg",
        "name": "Chris' Dips Egyptian Beetroot  200g",
        "price": 3.5,
        "unitPrice": "$1.75 / 100G"
    },
    {
        "category": "specials",
        "href": "https://www.woolworths.com.au/shop/productdetails/38963/val-verde-passata-sauce",
        "imgName": "038963.jpg",
        "imgSrc": "https://cdn0.woolworths.media/content/wowproductimages/medium/038963.jpg",
        "name": "Val Verde Passata Sauce  700g",
        "price": 2.75,
        "unitPrice": "$0.39 / 100G"
    },
    {
        "category": "specials",
        "href": "https://www.woolworths.com.au/shop/productdetails/765975/scunci-appliance-defined-curls-curling-tong",
        "imgName": "765975.jpg",
        "imgSrc": "https://cdn0.woolworths.media/content/wowproductimages/medium/765975.jpg",
        "name": "Scunci Appliance Defined Curls Curling Tong each",
        "price": 25,
        "special": 20
    },
    {
        "category": "specials",
        "href": "https://www.woolworths.com.au/shop/productdetails/175853/essentials-cat-food-chicken-seafood",
        "imgName": "175853.jpg",
        "imgSrc": "https://cdn0.woolworths.media/content/wowproductimages/medium/175853.jpg",
        "name": "Essentials Cat Food Chicken & Seafood 1kg",
        "price": 2.59,
        "unitPrice": "$0.26 / 100G"
    },
    {
        "category": "specials",
        "href": "https://www.woolworths.com.au/shop/productdetails/791135/baily-baily-non-vintage-folio-sparkling-chardonnay",
        "imgName": "791135.jpg",
        "imgSrc": "https://cdn0.woolworths.media/content/wowproductimages/medium/791135.jpg",
        "name": "Baily & Baily Non Vintage Folio Sparkling Chardonnay 750ml",
        "price": 16,
        "special": 11
    },
    {
        "category": "specials",
        "href": "https://www.woolworths.com.au/shop/productdetails/505675/woolworths-sicilian-olives-lemon-thyme",
        "imgName": "505675.jpg",
        "imgSrc": "https://cdn0.woolworths.media/content/wowproductimages/medium/505675.jpg",
        "name": "Woolworths Sicilian Olives Lemon & Thyme 180g",
        "price": 3.5,
        "special": 3,
        "unitPrice": "$1.67 / 100G"
    },
    {
        "category": "specials",
        "href": "https://www.woolworths.com.au/shop/productdetails/906186/baily-baily-folio-cabernet-sauvignon-coonawarra",
        "imgName": "906186.jpg",
        "imgSrc": "https://cdn0.woolworths.media/content/wowproductimages/medium/906186.jpg",
        "name": "Baily & Baily Folio Cabernet Sauvignon Coonawarra 750ml",
        "price": 16,
        "special": 11
    },
    {
        "category": "specials",
        "href": "https://www.woolworths.com.au/shop/productdetails/740486/philips-cfl-tornado-warm-white-15w-bc-base",
        "imgName": "740486.jpg",
        "imgSrc": "https://cdn0.woolworths.media/content/wowproductimages/medium/740486.jpg",
        "name": "Philips Cfl Tornado Warm White 15w Bc Base each",
        "price": 6.5,
        "special": 5.2,
        "unitPrice": "$5.20 / 1EA"
    },
    {
        "category": "specials",
        "href": "https://www.woolworths.com.au/shop/productdetails/698864/woolworths-select-olive-oil-spanish-classic",
        "imgName": "698864.jpg",
        "imgSrc": "https://cdn0.woolworths.media/content/wowproductimages/medium/698864.jpg",
        "name": "Woolworths Select Olive Oil Spanish Classic 500ml",
        "price": 4,
        "unitPrice": "$0.80 / 100ML"
    },
    {
        "category": "specials",
        "href": "https://www.woolworths.com.au/shop/productdetails/907487/strongbow-apple-cider-dry-bottles",
        "imgName": "907487.jpg",
        "imgSrc": "https://cdn0.woolworths.media/content/wowproductimages/medium/907487.jpg",
        "name": "Strongbow Apple Cider Dry Bottles 24x355ml case",
        "price": 56,
        "special": 50
    },
    {
        "category": "specials",
        "href": "https://www.woolworths.com.au/shop/productdetails/69756/western-star-original-spreadable",
        "imgName": "069756.jpg",
        "imgSrc": "https://cdn0.woolworths.media/content/wowproductimages/medium/069756.jpg",
        "name": "Western Star Original Spreadable 500g",
        "price": 5.8,
        "special": 4.5,
        "unitPrice": "$0.90 / 100G"
    },
    {
        "category": "specials",
        "href": "https://www.woolworths.com.au/shop/productdetails/759494/philips-avent-feeding-kit-newborn-starter-kit",
        "imgName": "759494.jpg",
        "imgSrc": "https://cdn0.woolworths.media/content/wowproductimages/medium/759494.jpg",
        "name": "Philips Avent Feeding Kit Newborn Starter Kit each",
        "price": 55,
        "special": 38.5,
        "unitPrice": "$38.50 / 1EA"
    },
    {
        "category": "specials",
        "href": "https://www.woolworths.com.au/shop/productdetails/789941/rafferty-s-garden-snack-snack-blueberry-banana-apple",
        "imgName": "789941.jpg",
        "imgSrc": "https://cdn0.woolworths.media/content/wowproductimages/medium/789941.jpg",
        "name": "Rafferty's Garden Snack Snack Blueberry Banana Apple 8pk",
        "price": 3.5,
        "unitPrice": "$2.73 / 100G"
    },
    {
        "category": "specials",
        "href": "https://www.woolworths.com.au/shop/productdetails/660014/stella-artois-legere-lager-bottles",
        "imgName": "660014.jpg",
        "imgSrc": "https://cdn0.woolworths.media/content/wowproductimages/medium/660014.jpg",
        "name": "Stella Artois Legere Lager Bottles 6x330ml pack",
        "price": 17.3,
        "special": 16
    },
    {
        "category": "specials",
        "href": "https://www.woolworths.com.au/shop/productdetails/136649/praise-99-fat-free-squeeze-mayonnaise",
        "imgName": "136649.jpg",
        "imgSrc": "https://cdn0.woolworths.media/content/wowproductimages/medium/136649.jpg",
        "name": "Praise 99% Fat Free Squeeze Mayonnaise 555g",
        "price": 3.5,
        "unitPrice": "$0.63 / 100G"
    },
    {
        "category": "specials",
        "href": "https://www.woolworths.com.au/shop/productdetails/361135/white-king-power-clean-toilet-cleaner-bleach-gel-lavender",
        "imgName": "361135.jpg",
        "imgSrc": "https://cdn0.woolworths.media/content/wowproductimages/medium/361135.jpg",
        "name": "White King Power Clean Toilet Cleaner Bleach Gel Lavender 700ml",
        "price": 4.35,
        "special": 3.65,
        "unitPrice": "$0.52 / 100ML"
    },
    {
        "category": "specials",
        "href": "https://www.woolworths.com.au/shop/productdetails/353657/mortein-insect-spray-ultra-flying-insect-killer",
        "imgName": "353657.jpg",
        "imgSrc": "https://cdn0.woolworths.media/content/wowproductimages/medium/353657.jpg",
        "name": "Mortein Insect Spray Ultra Flying Insect Killer 350g",
        "price": 6.49,
        "unitPrice": "$1.85 / 100G"
    },
    {
        "category": "specials",
        "href": "https://www.woolworths.com.au/shop/productdetails/204831/ajax-spray-n-wipe-kitchen-multi-purpose-with-baking-soda",
        "imgName": "204831.jpg",
        "imgSrc": "https://cdn0.woolworths.media/content/wowproductimages/medium/204831.jpg",
        "name": "Ajax Spray N Wipe Kitchen Multi-purpose With Baking Soda 500ml",
        "price": 3,
        "unitPrice": "$0.60 / 100ML"
    },
    {
        "category": "specials",
        "href": "https://www.woolworths.com.au/shop/productdetails/483186/pantene-conditioner-sheer-volume",
        "imgName": "483186.jpg",
        "imgSrc": "https://cdn0.woolworths.media/content/wowproductimages/medium/483186.jpg",
        "name": "Pantene Conditioner Sheer Volume 350ml",
        "price": 4.5,
        "unitPrice": "$1.29 / 100ML"
    },
    {
        "category": "specials",
        "href": "https://www.woolworths.com.au/shop/productdetails/274308/praise-dressings-caesar",
        "imgName": "274308.jpg",
        "imgSrc": "https://cdn0.woolworths.media/content/wowproductimages/medium/274308.jpg",
        "name": "Praise Dressings Caesar 330ml",
        "price": 3,
        "special": 1.75,
        "unitPrice": "$0.53 / 100ML"
    },
    {
        "category": "specials",
        "href": "https://www.woolworths.com.au/shop/productdetails/600461/claratyne-rapid-hayfever-allergy-relief",
        "imgName": "600461.jpg",
        "imgSrc": "https://cdn0.woolworths.media/content/wowproductimages/medium/600461.jpg",
        "name": "Claratyne Rapid Hayfever & Allergy Relief  10pk",
        "price": 12,
        "special": 10,
        "unitPrice": "$1.00 / 1EA"
    },
    {
        "category": "specials",
        "href": "https://www.woolworths.com.au/shop/productdetails/555152/woolworths-custard-cream-biscuits",
        "imgName": "555152.jpg",
        "imgSrc": "https://cdn0.woolworths.media/content/wowproductimages/medium/555152.jpg",
        "name": "Woolworths Custard Cream Biscuits 150g",
        "price": 0.75,
        "unitPrice": "$0.50 / 100G"
    },
    {
        "category": "specials",
        "href": "https://www.woolworths.com.au/shop/productdetails/634399/cadbury-dairy-milk-freddo-block",
        "imgName": "634399.jpg",
        "imgSrc": "https://cdn0.woolworths.media/content/wowproductimages/medium/634399.jpg",
        "name": "Cadbury Dairy Milk Freddo Block 190g",
        "price": 5,
        "special": 3.5,
        "unitPrice": "$1.84 / 100G"
    },
    {
        "category": "specials",
        "href": "https://www.woolworths.com.au/shop/productdetails/714659/nice-natural-fruit-frogs",
        "imgName": "714659.jpg",
        "imgSrc": "https://cdn0.woolworths.media/content/wowproductimages/medium/714659.jpg",
        "name": "Nice & Natural Fruit Frogs  136g",
        "price": 4,
        "special": 3.5,
        "unitPrice": "$2.57 / 100G"
    },
    {
        "category": "specials",
        "href": "https://www.woolworths.com.au/shop/productdetails/544696/primo-english-ham",
        "imgName": "544696.jpg",
        "imgSrc": "https://cdn0.woolworths.media/content/wowproductimages/medium/544696.jpg",
        "name": "Primo English Ham  100g",
        "price": 3,
        "unitPrice": "$30.00 / 1KG"
    },
    {
        "category": "specials",
        "href": "https://www.woolworths.com.au/shop/productdetails/664527/mccain-pizza-takeaway-bbq-chicken-bacon",
        "imgName": "664527.jpg",
        "imgSrc": "https://cdn0.woolworths.media/content/wowproductimages/medium/664527.jpg",
        "name": "Mccain Pizza Takeaway Bbq Chicken & Bacon 500g",
        "price": 7.5,
        "unitPrice": "$1.50 / 100G"
    },
    {
        "category": "specials",
        "href": "https://www.woolworths.com.au/shop/productdetails/202498/devondale-shredded-tasty-grated-cheese",
        "imgName": "202498.jpg",
        "imgSrc": "https://cdn0.woolworths.media/content/wowproductimages/medium/202498.jpg",
        "name": "Devondale Shredded Tasty Grated Cheese 600g",
        "price": 7,
        "unitPrice": "$11.67 / 1KG"
    },
    {
        "category": "specials",
        "href": "https://www.woolworths.com.au/shop/productdetails/907494/strongbow-apple-cider-sweet-bottles",
        "imgName": "907494.jpg",
        "imgSrc": "https://cdn0.woolworths.media/content/wowproductimages/medium/907494.jpg",
        "name": "Strongbow Apple Cider Sweet Bottles 24x355ml case",
        "price": 56,
        "special": 50
    },
    {
        "category": "specials",
        "href": "https://www.woolworths.com.au/shop/productdetails/747421/olive-hummus",
        "imgName": "747421.jpg",
        "imgSrc": "https://cdn0.woolworths.media/content/wowproductimages/medium/747421.jpg",
        "name": "Olive Hummus  200g",
        "price": 5.19,
        "special": 4.5,
        "unitPrice": "$22.50 / 1KG"
    },
    {
        "category": "specials",
        "href": "https://www.woolworths.com.au/shop/productdetails/97466/ansell-lifestyles-condoms-ribbed",
        "imgName": "097466.jpg",
        "imgSrc": "https://cdn0.woolworths.media/content/wowproductimages/medium/097466.jpg",
        "name": "Ansell Lifestyles Condoms Ribbed 12pk",
        "price": 6,
        "unitPrice": "$0.50 / 1EA"
    },
    {
        "category": "specials",
        "href": "https://www.woolworths.com.au/shop/productdetails/604034/christmas-pastel-ribbon",
        "imgName": "604034.jpg",
        "imgSrc": "https://cdn0.woolworths.media/content/wowproductimages/medium/604034.jpg",
        "name": "Christmas Pastel Ribbon each",
        "price": 2.5,
        "special": 2,
        "unitPrice": "$2.00 / 1EA"
    },
    {
        "category": "specials",
        "href": "https://www.woolworths.com.au/shop/productdetails/618610/leggo-s-fresh-bolognese-sauce",
        "imgName": "618610.jpg",
        "imgSrc": "https://cdn0.woolworths.media/content/wowproductimages/medium/618610.jpg",
        "name": "Leggo's Fresh Bolognese Sauce 250g",
        "price": 3.3,
        "unitPrice": "$1.32 / 100G"
    },
    {
        "category": "specials",
        "href": "https://www.woolworths.com.au/shop/productdetails/586885/chunky-funkees-watermelon",
        "imgName": "586885.jpg",
        "imgSrc": "https://cdn0.woolworths.media/content/wowproductimages/medium/586885.jpg",
        "name": "Chunky Funkees Watermelon  190g",
        "price": 2.5,
        "special": 2,
        "unitPrice": "$1.05 / 100G"
    },
    {
        "category": "specials",
        "href": "https://www.woolworths.com.au/shop/productdetails/500428/midnight-collective-barossa-shiraz",
        "imgName": "500428.jpg",
        "imgSrc": "https://cdn0.woolworths.media/content/wowproductimages/medium/500428.jpg",
        "name": "Midnight Collective Barossa Shiraz 750ml",
        "price": 22,
        "special": 18
    },
    {
        "category": "specials",
        "href": "https://www.woolworths.com.au/shop/productdetails/769322/nature-s-way-super-foods-cacao-powder",
        "imgName": "769322.jpg",
        "imgSrc": "https://cdn0.woolworths.media/content/wowproductimages/medium/769322.jpg",
        "name": "Nature's Way Super Foods Cacao Powder 125g",
        "price": 9,
        "unitPrice": "$7.20 / 100G"
    },
    {
        "category": "specials",
        "href": "https://www.woolworths.com.au/shop/productdetails/582094/bonne-maman-conserve-blackberry",
        "imgName": "582094.jpg",
        "imgSrc": "https://cdn0.woolworths.media/content/wowproductimages/medium/582094.jpg",
        "name": "Bonne Maman Conserve Blackberry  370g",
        "price": 5.2,
        "special": 4,
        "unitPrice": "$1.08 / 100G"
    },
    {
        "category": "specials",
        "href": "https://www.woolworths.com.au/shop/productdetails/574762/diet-rite-cordial-fruit-cocktail",
        "imgName": "574762.jpg",
        "imgSrc": "https://cdn0.woolworths.media/content/wowproductimages/medium/574762.jpg",
        "name": "Diet Rite Cordial Fruit Cocktail 1l",
        "price": 3.5,
        "special": 3,
        "unitPrice": "$3.00 / 1L"
    },
    {
        "category": "specials",
        "href": "https://www.woolworths.com.au/shop/productdetails/789416/impulse-body-spray-love-story",
        "imgName": "789416.jpg",
        "imgSrc": "https://cdn0.woolworths.media/content/wowproductimages/medium/789416.jpg",
        "name": "Impulse Body Spray Love Story 75ml",
        "price": 4,
        "unitPrice": "$5.33 / 100ML"
    },
    {
        "category": "specials",
        "href": "https://www.woolworths.com.au/shop/productdetails/574336/mars-m-m-s-crispy-mint-chocolate-block",
        "imgName": "574336.jpg",
        "imgSrc": "https://cdn0.woolworths.media/content/wowproductimages/medium/574336.jpg",
        "name": "Mars M&m's Crispy Mint Chocolate Block 150g",
        "price": 4.8,
        "special": 3.5,
        "unitPrice": "$2.33 / 100G"
    },
    {
        "category": "specials",
        "href": "https://www.woolworths.com.au/shop/productdetails/41516/bega-strong-bitey-vintage-cheese",
        "imgName": "041516.jpg",
        "imgSrc": "https://cdn0.woolworths.media/content/wowproductimages/medium/041516.jpg",
        "name": "Bega Strong & Bitey Vintage Cheese 250g",
        "price": 6,
        "special": 4,
        "unitPrice": "$16.00 / 1KG"
    },
    {
        "category": "specials",
        "href": "https://www.woolworths.com.au/shop/productdetails/792485/palmer-s-moisturising-day-cream-spf-day-cream-spf",
        "imgName": "792485.jpg",
        "imgSrc": "https://cdn0.woolworths.media/content/wowproductimages/medium/792485.jpg",
        "name": "Palmer's Moisturising Day Cream Spf Day Cream Spf 75g",
        "price": 14.99,
        "special": 10.49,
        "unitPrice": "$13.99 / 100G"
    },
    {
        "category": "specials",
        "href": "https://www.woolworths.com.au/shop/productdetails/570053/woolworths-40-choc-chip-cookies",
        "imgName": "570053.jpg",
        "imgSrc": "https://cdn0.woolworths.media/content/wowproductimages/medium/570053.jpg",
        "name": "Woolworths 40% Choc Chip Cookies 400g",
        "price": 3,
        "unitPrice": "$0.75 / 100G"
    },
    {
        "category": "specials",
        "href": "https://www.woolworths.com.au/shop/productdetails/490986/woolworths-original-wafer-crackers",
        "imgName": "490986.jpg",
        "imgSrc": "https://cdn0.woolworths.media/content/wowproductimages/medium/490986.jpg",
        "name": "Woolworths Original Wafer Crackers  100g",
        "price": 2,
        "unitPrice": "$2.00 / 100G"
    },
    {
        "category": "specials",
        "href": "https://www.woolworths.com.au/shop/productdetails/505320/calidad-epson-printer-ink-220-tri-colour",
        "imgName": "505320.jpg",
        "imgSrc": "https://cdn0.woolworths.media/content/wowproductimages/medium/505320.jpg",
        "name": "Calidad Epson Printer Ink 220 Tri-colour each",
        "price": 30
    },
    {
        "category": "specials",
        "href": "https://www.woolworths.com.au/shop/productdetails/726243/toni-guy-cleanse-instant-refresh-dry-shampoo",
        "imgName": "726243.jpg",
        "imgSrc": "https://cdn0.woolworths.media/content/wowproductimages/medium/726243.jpg",
        "name": "Toni & Guy Cleanse Instant Refresh Dry Shampoo 250ml",
        "price": 16,
        "unitPrice": "$6.40 / 100ML"
    },
    {
        "category": "specials",
        "href": "https://www.woolworths.com.au/shop/productdetails/625692/whiskas-1-years-cat-food-tuna-in-jelly",
        "imgName": "625692.jpg",
        "imgSrc": "https://cdn0.woolworths.media/content/wowproductimages/medium/625692.jpg",
        "name": "Whiskas 1+ Years Cat Food Tuna In Jelly 12x85g",
        "price": 7,
        "unitPrice": "$0.69 / 100G"
    },
    {
        "category": "specials",
        "href": "https://www.woolworths.com.au/shop/productdetails/95168/deeko-serving-straws-flexible",
        "imgName": "095168.jpg",
        "imgSrc": "https://cdn0.woolworths.media/content/wowproductimages/medium/095168.jpg",
        "name": "Deeko Serving Straws Flexible 40pk",
        "price": 1.2,
        "special": 0.96,
        "unitPrice": "$0.02 / 1EA"
    },
    {
        "category": "specials",
        "href": "https://www.woolworths.com.au/shop/productdetails/579704/mentos-pure-fresh-gum-fresh-mint",
        "imgName": "579704.jpg",
        "imgSrc": "https://cdn0.woolworths.media/content/wowproductimages/medium/579704.jpg",
        "name": "Mentos Pure Fresh Gum Fresh Mint 68g",
        "price": 3.5,
        "special": 3,
        "unitPrice": "$4.41 / 100G"
    },
    {
        "category": "specials",
        "href": "https://www.woolworths.com.au/shop/productdetails/37805/fountain-mustard-sauce",
        "imgName": "037805.jpg",
        "imgSrc": "https://cdn0.woolworths.media/content/wowproductimages/medium/037805.jpg",
        "name": "Fountain Mustard Sauce  250ml",
        "price": 2.7,
        "special": 2.2,
        "unitPrice": "$0.88 / 100ML"
    },
    {
        "category": "specials",
        "href": "https://www.woolworths.com.au/shop/productdetails/629516/sara-lee-white-chocolate-cheese-cake",
        "imgName": "629516.jpg",
        "imgSrc": "https://cdn0.woolworths.media/content/wowproductimages/medium/629516.jpg",
        "name": "Sara Lee White Chocolate Cheese Cake 760g",
        "price": 12.99,
        "special": 11,
        "unitPrice": "$1.45 / 100G"
    },
    {
        "category": "specials",
        "href": "https://www.woolworths.com.au/shop/productdetails/653230/crayola-super-tips-washable-markers",
        "imgName": "653230.jpg",
        "imgSrc": "https://cdn0.woolworths.media/content/wowproductimages/medium/653230.jpg",
        "name": "Crayola Super Tips Washable Markers 12pk",
        "price": 6,
        "special": 4.8
    },
    {
        "category": "specials",
        "href": "https://www.woolworths.com.au/shop/productdetails/436053/schick-hydro-razor-3-refill",
        "imgName": "436053.jpg",
        "imgSrc": "https://cdn0.woolworths.media/content/wowproductimages/medium/436053.jpg",
        "name": "Schick Hydro Razor 3 Refill 4pk",
        "price": 11,
        "unitPrice": "$2.75 / 1EA"
    },
    {
        "category": "specials",
        "href": "https://www.woolworths.com.au/shop/productdetails/547999/clearly-premium-octopus",
        "imgName": "547999.jpg",
        "imgSrc": "https://cdn0.woolworths.media/content/wowproductimages/medium/547999.jpg",
        "name": "Clearly Premium Octopus  200g",
        "price": 12.99,
        "special": 11.99,
        "unitPrice": "$59.95 / 1KG"
    },
    {
        "category": "specials",
        "href": "https://www.woolworths.com.au/shop/productdetails/634100/woolworths-muesli-bar-choc-chip",
        "imgName": "634100.jpg",
        "imgSrc": "https://cdn0.woolworths.media/content/wowproductimages/medium/634100.jpg",
        "name": "Woolworths Muesli Bar Choc Chip 8pk",
        "price": 1.9,
        "unitPrice": "$0.77 / 100G"
    },
    {
        "category": "specials",
        "href": "https://www.woolworths.com.au/shop/productdetails/642909/castaway-apple-cider-low-carb-bottles",
        "imgName": "642909.jpg",
        "imgSrc": "https://cdn0.woolworths.media/content/wowproductimages/medium/642909.jpg",
        "name": "Castaway Apple Cider Low Carb Bottles 6x330ml pack",
        "price": 12,
        "special": 12
    },
    {
        "category": "specials",
        "href": "https://www.woolworths.com.au/shop/productdetails/765211/only-organic-6-months-banana-blueberry-quinoa",
        "imgName": "765211.jpg",
        "imgSrc": "https://cdn0.woolworths.media/content/wowproductimages/medium/765211.jpg",
        "name": "Only Organic 6 Months+ Banana Blueberry & Quinoa 120g",
        "price": 2,
        "special": 1.5,
        "unitPrice": "$1.25 / 100G"
    },
    {
        "category": "specials",
        "href": "https://www.woolworths.com.au/shop/productdetails/516752/bic-kids-pencils-tropicolour",
        "imgName": "516752.jpg",
        "imgSrc": "https://cdn0.woolworths.media/content/wowproductimages/medium/516752.jpg",
        "name": "Bic Kids Pencils Tropicolour 24pk",
        "price": 7,
        "special": 5.6,
        "unitPrice": "$5.60 / 1EA"
    },
    {
        "category": "specials",
        "href": "https://www.woolworths.com.au/shop/productdetails/227529/tresemme-professional-hair-conditioner-colour-revitalise",
        "imgName": "227529.jpg",
        "imgSrc": "https://cdn0.woolworths.media/content/wowproductimages/medium/227529.jpg",
        "name": "Tresemme Professional Hair Conditioner Colour Revitalise 900ml",
        "price": 7,
        "unitPrice": "$0.78 / 100ML"
    },
    {
        "category": "specials",
        "href": "https://www.woolworths.com.au/shop/productdetails/70713/sharwoods-paste-tikka-masala-medium",
        "imgName": "070713.jpg",
        "imgSrc": "https://cdn0.woolworths.media/content/wowproductimages/medium/070713.jpg",
        "name": "Sharwoods Paste Tikka Masala Medium 275g",
        "price": 5.15,
        "special": 4.5,
        "unitPrice": "$1.64 / 100G"
    },
    {
        "category": "specials",
        "href": "https://www.woolworths.com.au/shop/productdetails/224718/maybelline-dream-matte-foundation-mousse-classic-ivory",
        "imgName": "224718.jpg",
        "imgSrc": "https://cdn0.woolworths.media/content/wowproductimages/medium/224718.jpg",
        "name": "Maybelline Dream Matte Foundation Mousse Classic Ivory 18g",
        "price": 22.95,
        "special": 16,
        "unitPrice": "$8.89 / 10G"
    },
    {
        "category": "specials",
        "href": "https://www.woolworths.com.au/shop/productdetails/361543/simon-dee-socks-mens",
        "imgName": "361543.jpg",
        "imgSrc": "https://cdn0.woolworths.media/content/wowproductimages/medium/361543.jpg",
        "name": "Simon Dee Socks Mens 2pk",
        "price": 8.95,
        "special": 7.35,
        "unitPrice": "$3.68 / 1EA"
    },
    {
        "category": "specials",
        "href": "https://www.woolworths.com.au/shop/productdetails/315433/rafferty-s-garden-food-6-months-hearty-beef-veggie-puree",
        "imgName": "315433.jpg",
        "imgSrc": "https://cdn0.woolworths.media/content/wowproductimages/medium/315433.jpg",
        "name": "Rafferty's Garden Food 6 Months Hearty Beef & Veggie Puree 120g",
        "price": 1.65,
        "unitPrice": "$1.38 / 100G"
    },
    {
        "category": "specials",
        "href": "https://www.woolworths.com.au/shop/productdetails/637111/nivea-men-pure-impact-shower-gel",
        "imgName": "637111.jpg",
        "imgSrc": "https://cdn0.woolworths.media/content/wowproductimages/medium/637111.jpg",
        "name": "Nivea Men Pure Impact Shower Gel 500ml",
        "price": 6,
        "unitPrice": "$1.20 / 100ML"
    },
    {
        "category": "specials",
        "href": "https://www.woolworths.com.au/shop/productdetails/413707/pg-tea-bags-116g",
        "imgName": "413707.jpg",
        "imgSrc": "https://cdn0.woolworths.media/content/wowproductimages/medium/413707.jpg",
        "name": "Pg Tea Bags 116g each",
        "price": 5.5,
        "special": 4.5,
        "unitPrice": "$3.88 / 100G"
    },
    {
        "category": "specials",
        "href": "https://www.woolworths.com.au/shop/productdetails/636683/bulla-creamy-classics-vanilla-sandwiches",
        "imgName": "636683.jpg",
        "imgSrc": "https://cdn0.woolworths.media/content/wowproductimages/medium/636683.jpg",
        "name": "Bulla Creamy Classics Vanilla Sandwiches 4pk 560ml",
        "price": 8,
        "special": 5,
        "unitPrice": "$0.89 / 100ML"
    },
    {
        "category": "specials",
        "href": "https://www.woolworths.com.au/shop/productdetails/647007/santa-vittoria-sparkling-mineral-water",
        "imgName": "647007.jpg",
        "imgSrc": "https://cdn0.woolworths.media/content/wowproductimages/medium/647007.jpg",
        "name": "Santa Vittoria Sparkling Mineral Water  6x1.5l bottles",
        "price": 14.4,
        "special": 10.15,
        "unitPrice": "$1.13 / 1L"
    },
    {
        "category": "specials",
        "href": "https://www.woolworths.com.au/shop/productdetails/515185/on-the-menu-hotcakes-banana-caramel",
        "imgName": "515185.jpg",
        "imgSrc": "https://cdn0.woolworths.media/content/wowproductimages/medium/515185.jpg",
        "name": "On The Menu Hotcakes Banana Caramel 150g",
        "price": 3.8,
        "special": 3.4,
        "unitPrice": "$2.27 / 100G"
    },
    {
        "category": "specials",
        "href": "https://www.woolworths.com.au/shop/productdetails/9802/revlon-colour-silk-hair-colour-47-medium-rich-brown",
        "imgName": "009802.jpg",
        "imgSrc": "https://cdn0.woolworths.media/content/wowproductimages/medium/009802.jpg",
        "name": "Revlon Colour Silk Hair Colour 47 Medium Rich Brown each",
        "price": 9,
        "special": 7
    },
    {
        "category": "specials",
        "href": "https://www.woolworths.com.au/shop/productdetails/581156/all-smiles-pro-toothbrush-medium",
        "imgName": "581156.jpg",
        "imgSrc": "https://cdn0.woolworths.media/content/wowproductimages/medium/581156.jpg",
        "name": "All Smiles Pro Toothbrush Medium each",
        "price": 2,
        "unitPrice": "$2.00 / 1EA"
    },
    {
        "category": "specials",
        "href": "https://www.woolworths.com.au/shop/productdetails/612440/l-oreal-colorista-wash-out-purple",
        "imgName": "612440.jpg",
        "imgSrc": "https://cdn0.woolworths.media/content/wowproductimages/medium/612440.jpg",
        "name": "L'oreal Colorista Wash Out Purple 80ml",
        "price": 16.5,
        "special": 11.5,
        "unitPrice": "$14.38 / 100ML"
    },
    {
        "category": "specials",
        "href": "https://www.woolworths.com.au/shop/productdetails/308641/nature-s-cuppa-organic-spice-chai-tea-bags",
        "imgName": "308641.jpg",
        "imgSrc": "https://cdn0.woolworths.media/content/wowproductimages/medium/308641.jpg",
        "name": "Nature's Cuppa Organic Spice Chai Tea Bags 50pk 100g",
        "price": 7,
        "special": 5,
        "unitPrice": "$5.00 / 100G"
    },
    {
        "category": "specials",
        "href": "https://www.woolworths.com.au/shop/productdetails/94496/coca-cola-diet-bottle",
        "imgName": "094496.jpg",
        "imgSrc": "https://cdn0.woolworths.media/content/wowproductimages/medium/094496.jpg",
        "name": "Coca-cola Diet Bottle 2l",
        "price": 2.85,
        "unitPrice": "$1.43 / 1L"
    },
    {
        "category": "specials",
        "href": "https://www.woolworths.com.au/shop/productdetails/55498/woolworths-bbq-foil-tray-small",
        "imgName": "055498.jpg",
        "imgSrc": "https://cdn0.woolworths.media/content/wowproductimages/medium/055498.jpg",
        "name": "Woolworths Bbq Foil Tray Small 4pk",
        "price": 4,
        "special": 3,
        "unitPrice": "$0.75 / 1EA"
    },
    {
        "category": "specials",
        "href": "https://www.woolworths.com.au/shop/productdetails/84552/coca-cola-cans",
        "imgName": "084552.jpg",
        "imgSrc": "https://cdn0.woolworths.media/content/wowproductimages/medium/084552.jpg",
        "name": "Coca-cola Cans  30x375ml pack",
        "price": 39.6,
        "special": 22.05,
        "unitPrice": "$1.96 / 1L"
    },
    {
        "category": "specials",
        "href": "https://www.woolworths.com.au/shop/productdetails/352942/bonds-baby-socks-newbies",
        "imgName": "352942.jpg",
        "imgSrc": "https://cdn0.woolworths.media/content/wowproductimages/medium/352942.jpg",
        "name": "Bonds Baby Socks Newbies 2pk",
        "price": 8,
        "special": 5.6,
        "unitPrice": "$2.80 / 1EA"
    },
    {
        "category": "specials",
        "href": "https://www.woolworths.com.au/shop/productdetails/77420/greens-maple-syrup",
        "imgName": "077420.jpg",
        "imgSrc": "https://cdn0.woolworths.media/content/wowproductimages/medium/077420.jpg",
        "name": "Greens Maple Syrup  375g",
        "price": 3.2,
        "special": 2,
        "unitPrice": "$0.53 / 100G"
    },
    {
        "category": "specials",
        "href": "https://www.woolworths.com.au/shop/productdetails/36029/arnott-s-lemon-crisp",
        "imgName": "036029.jpg",
        "imgSrc": "https://cdn0.woolworths.media/content/wowproductimages/medium/036029.jpg",
        "name": "Arnott's Lemon Crisp  250g",
        "price": 2.85,
        "special": 2,
        "unitPrice": "$0.80 / 100G"
    },
    {
        "category": "specials",
        "href": "https://www.woolworths.com.au/shop/productdetails/781394/red-rock-deli-share-pack-honey-soy-chicken",
        "imgName": "781394.jpg",
        "imgSrc": "https://cdn0.woolworths.media/content/wowproductimages/medium/781394.jpg",
        "name": "Red Rock Deli Share Pack Honey Soy Chicken 165g",
        "price": 4.49,
        "special": 3,
        "unitPrice": "$1.82 / 100G"
    },
    {
        "category": "specials",
        "href": "https://www.woolworths.com.au/shop/productdetails/192361/sargents-pies-chunky-beef-royale",
        "imgName": "192361.jpg",
        "imgSrc": "https://cdn0.woolworths.media/content/wowproductimages/medium/192361.jpg",
        "name": "Sargents Pies Chunky Beef Royale 4pk 700g",
        "price": 8.5,
        "special": 7,
        "unitPrice": "$1.00 / 100G"
    },
    {
        "category": "specials",
        "href": "https://www.woolworths.com.au/shop/productdetails/63878/earth-choice-wool-wash",
        "imgName": "063878.jpg",
        "imgSrc": "https://cdn0.woolworths.media/content/wowproductimages/medium/063878.jpg",
        "name": "Earth Choice Wool Wash  1l",
        "price": 2,
        "unitPrice": "$2.00 / 1L"
    },
    {
        "category": "specials",
        "href": "https://www.woolworths.com.au/shop/productdetails/3734/cottons-tampons-super",
        "imgName": "003734.jpg",
        "imgSrc": "https://cdn0.woolworths.media/content/wowproductimages/medium/003734.jpg",
        "name": "Cottons Tampons Super 16pk",
        "price": 5.4,
        "special": 4.5,
        "unitPrice": "$0.28 / 1EA"
    },
    {
        "category": "specials",
        "href": "https://www.woolworths.com.au/shop/productdetails/12343/eveready-super-heavy-duty-aa-batteries",
        "imgName": "012343.jpg",
        "imgSrc": "https://cdn0.woolworths.media/content/wowproductimages/medium/012343.jpg",
        "name": "Eveready Super Heavy Duty Aa Batteries  4pk",
        "price": 3.5,
        "unitPrice": "$0.88 / 1EA"
    },
    {
        "category": "specials",
        "href": "https://www.woolworths.com.au/shop/productdetails/94250/edgell-peas-carrots-peas-carrots",
        "imgName": "094250.jpg",
        "imgSrc": "https://cdn0.woolworths.media/content/wowproductimages/medium/094250.jpg",
        "name": "Edgell Peas & Carrots Peas & Carrots 420g",
        "price": 2,
        "special": 1.65,
        "unitPrice": "$3.93 / 1KG"
    },
    {
        "category": "specials",
        "href": "https://www.woolworths.com.au/shop/productdetails/494154/praise-deli-style-whole-egg-mayonnaise-caramelised-onion",
        "imgName": "494154.jpg",
        "imgSrc": "https://cdn0.woolworths.media/content/wowproductimages/medium/494154.jpg",
        "name": "Praise Deli Style Whole Egg Mayonnaise Caramelised Onion 250ml",
        "price": 3,
        "special": 2.5,
        "unitPrice": "$1.00 / 100ML"
    },
    {
        "category": "specials",
        "href": "https://www.woolworths.com.au/shop/productdetails/36023/arnott-s-chocolate-creams",
        "imgName": "036023.jpg",
        "imgSrc": "https://cdn0.woolworths.media/content/wowproductimages/medium/036023.jpg",
        "name": "Arnott's Chocolate Creams  250g",
        "price": 2.85,
        "special": 2,
        "unitPrice": "$0.80 / 100G"
    },
    {
        "category": "specials",
        "href": "https://www.woolworths.com.au/shop/productdetails/36033/arnott-s-biscuits-shortbread-cream",
        "imgName": "036033.jpg",
        "imgSrc": "https://cdn0.woolworths.media/content/wowproductimages/medium/036033.jpg",
        "name": "Arnott's Biscuits Shortbread Cream 250g",
        "price": 2.85,
        "special": 2,
        "unitPrice": "$0.80 / 100G"
    },
    {
        "category": "specials",
        "href": "https://www.woolworths.com.au/shop/productdetails/70252/l-oreal-excellence-cr-me-6-1-light-ash-brown",
        "imgName": "070252.jpg",
        "imgSrc": "https://cdn0.woolworths.media/content/wowproductimages/medium/070252.jpg",
        "name": "L'oreal Excellence Cr\u00e8me 6.1 Light Ash Brown 1pk",
        "price": 17.5,
        "special": 12
    },
    {
        "category": "specials",
        "href": "https://www.woolworths.com.au/shop/productdetails/348649/kurrajong-kitchen-lavosh-bites-sharp-cheddar",
        "imgName": "348649.jpg",
        "imgSrc": "https://cdn0.woolworths.media/content/wowproductimages/medium/348649.jpg",
        "name": "Kurrajong Kitchen Lavosh Bites Sharp Cheddar 110g",
        "price": 3.7,
        "special": 3,
        "unitPrice": "$2.73 / 100G"
    },
    {
        "category": "specials",
        "href": "https://www.woolworths.com.au/shop/productdetails/67192/easiyo-unsweetened-yoghurt-base",
        "imgName": "067192.jpg",
        "imgSrc": "https://cdn0.woolworths.media/content/wowproductimages/medium/067192.jpg",
        "name": "Easiyo Unsweetened Yoghurt Base 140g",
        "price": 4,
        "unitPrice": "$2.86 / 100G"
    },
    {
        "category": "specials",
        "href": "https://www.woolworths.com.au/shop/productdetails/936475/spirax-reporter-notebook-203x127mm-assorted-colours",
        "imgName": "936475.jpg",
        "imgSrc": "https://cdn0.woolworths.media/content/wowproductimages/medium/936475.jpg",
        "name": "Spirax Reporter Notebook 203x127mm Assorted Colours 200pg each",
        "price": 3,
        "special": 2.1
    },
    {
        "category": "specials",
        "href": "https://www.woolworths.com.au/shop/productdetails/740036/tasti-nut-bar-value-pack-mega-nuts-peanut-butter",
        "imgName": "740036.jpg",
        "imgSrc": "https://cdn0.woolworths.media/content/wowproductimages/medium/740036.jpg",
        "name": "Tasti Nut Bar Value Pack Mega Nuts Peanut Butter 480g",
        "price": 5,
        "unitPrice": "$1.04 / 100G"
    },
    {
        "category": "specials",
        "href": "https://www.woolworths.com.au/shop/productdetails/853622/inspire-silicone-spatula",
        "imgName": "853622.jpg",
        "imgSrc": "https://cdn0.woolworths.media/content/wowproductimages/medium/853622.jpg",
        "name": "Inspire Silicone Spatula  each",
        "price": 3
    },
    {
        "category": "specials",
        "href": "https://www.woolworths.com.au/shop/productdetails/429267/bell-farms-frozen-mash-potato",
        "imgName": "429267.jpg",
        "imgSrc": "https://cdn0.woolworths.media/content/wowproductimages/medium/429267.jpg",
        "name": "Bell Farms Frozen Mash Potato  1kg",
        "price": 3.5,
        "unitPrice": "$3.50 / 1KG"
    },
    {
        "category": "specials",
        "href": "https://www.woolworths.com.au/shop/productdetails/574339/arnott-s-tim-tam-messina-black-forrest",
        "imgName": "574339.jpg",
        "imgSrc": "https://cdn0.woolworths.media/content/wowproductimages/medium/574339.jpg",
        "name": "Arnott's Tim Tam Messina Black Forrest 175g",
        "price": 3.65,
        "special": 2.5,
        "unitPrice": "$1.43 / 100G"
    },
    {
        "category": "specials",
        "href": "https://www.woolworths.com.au/shop/productdetails/32011/chux-original-superwipes",
        "imgName": "032011.jpg",
        "imgSrc": "https://cdn0.woolworths.media/content/wowproductimages/medium/032011.jpg",
        "name": "Chux Original Superwipes  10pk",
        "price": 3.99,
        "special": 3.1,
        "unitPrice": "$0.31 / 1EA"
    },
    {
        "category": "specials",
        "href": "https://www.woolworths.com.au/shop/productdetails/135903/wrigley-s-extra-white-sugarfree-gum-peppermint",
        "imgName": "135903.jpg",
        "imgSrc": "https://cdn0.woolworths.media/content/wowproductimages/medium/135903.jpg",
        "name": "Wrigley's Extra White Sugarfree Gum Peppermint 40pce 56g",
        "price": 3.5,
        "special": 3,
        "unitPrice": "$5.36 / 100G"
    },
    {
        "category": "specials",
        "href": "https://www.woolworths.com.au/shop/productdetails/264716/holeproof-explorer-socks-light-for-women-size-3-8",
        "imgName": "264716.jpg",
        "imgSrc": "https://cdn0.woolworths.media/content/wowproductimages/medium/264716.jpg",
        "name": "Holeproof Explorer Socks Light For Women Size 3-8 1pk",
        "price": 14,
        "special": 7
    },
    {
        "category": "specials",
        "href": "https://www.woolworths.com.au/shop/productdetails/463192/sunsilk-shampoo-defeat-damage",
        "imgName": "463192.jpg",
        "imgSrc": "https://cdn0.woolworths.media/content/wowproductimages/medium/463192.jpg",
        "name": "Sunsilk Shampoo Defeat Damage 700ml",
        "price": 10,
        "special": 7,
        "unitPrice": "$1.00 / 100ML"
    },
    {
        "category": "specials",
        "href": "https://www.woolworths.com.au/shop/productdetails/767252/red-bull-energy-drink-zero",
        "imgName": "767252.jpg",
        "imgSrc": "https://cdn0.woolworths.media/content/wowproductimages/medium/767252.jpg",
        "name": "Red Bull Energy Drink Zero 4x250ml",
        "price": 10.75,
        "special": 6,
        "unitPrice": "$6.00 / 1L"
    },
    {
        "category": "specials",
        "href": "https://www.woolworths.com.au/shop/productdetails/784407/whiskas-adult-cat-food-tuna-flavours",
        "imgName": "784407.jpg",
        "imgSrc": "https://cdn0.woolworths.media/content/wowproductimages/medium/784407.jpg",
        "name": "Whiskas Adult Cat Food Tuna Flavours 12pk",
        "price": 7,
        "unitPrice": "$0.69 / 100G"
    },
    {
        "category": "specials",
        "href": "https://www.woolworths.com.au/shop/productdetails/336803/heinz-chicken-shredded-sweet-chilli",
        "imgName": "336803.jpg",
        "imgSrc": "https://cdn0.woolworths.media/content/wowproductimages/medium/336803.jpg",
        "name": "Heinz Chicken Shredded Sweet Chilli 85g",
        "price": 1.5,
        "unitPrice": "$17.65 / 1KG"
    },
    {
        "category": "specials",
        "href": "https://www.woolworths.com.au/shop/productdetails/345414/edgell-peas-corn-carrots-corn-carrots",
        "imgName": "345414.jpg",
        "imgSrc": "https://cdn0.woolworths.media/content/wowproductimages/medium/345414.jpg",
        "name": "Edgell Peas Corn & Carrots Corn & Carrots 420g",
        "price": 2,
        "special": 1.75,
        "unitPrice": "$4.17 / 1KG"
    },
    {
        "category": "specials",
        "href": "https://www.woolworths.com.au/shop/productdetails/354203/maybelline-great-lash-big-mascara-blackest-black",
        "imgName": "354203.jpg",
        "imgSrc": "https://cdn0.woolworths.media/content/wowproductimages/medium/354203.jpg",
        "name": "Maybelline Great Lash Big Mascara Blackest Black 10ml",
        "price": 12.95,
        "special": 9.05,
        "unitPrice": "$9.05 / 10ML"
    },
    {
        "category": "specials",
        "href": "https://www.woolworths.com.au/shop/productdetails/377097/tom-organic-tampons-regular",
        "imgName": "377097.jpg",
        "imgSrc": "https://cdn0.woolworths.media/content/wowproductimages/medium/377097.jpg",
        "name": "Tom Organic Tampons Regular 16pk",
        "price": 6,
        "unitPrice": "$0.38 / 1EA"
    },
    {
        "category": "specials",
        "href": "https://www.woolworths.com.au/shop/productdetails/567593/nivea-creme-care-facial-cleansing-wipes",
        "imgName": "567593.jpg",
        "imgSrc": "https://cdn0.woolworths.media/content/wowproductimages/medium/567593.jpg",
        "name": "Nivea Creme Care Facial Cleansing Wipes 25pk",
        "price": 7.5,
        "special": 5,
        "unitPrice": "$0.20 / 1EA"
    },
    {
        "category": "specials",
        "href": "https://www.woolworths.com.au/shop/productdetails/793238/lynx-hair-styling-wax-clean-cut-look",
        "imgName": "793238.jpg",
        "imgSrc": "https://cdn0.woolworths.media/content/wowproductimages/medium/793238.jpg",
        "name": "Lynx Hair Styling Wax Clean Cut Look 75ml",
        "price": 10,
        "special": 7,
        "unitPrice": "$9.33 / 100ML"
    },
    {
        "category": "specials",
        "href": "https://www.woolworths.com.au/shop/productdetails/969729/majans-bhuja-mix-ancient-grains",
        "imgName": "969729.jpg",
        "imgSrc": "https://cdn0.woolworths.media/content/wowproductimages/medium/969729.jpg",
        "name": "Majans Bhuja Mix Ancient Grains 140g",
        "price": 3.85,
        "special": 2.5,
        "unitPrice": "$1.79 / 100G"
    },
    {
        "category": "specials",
        "href": "https://www.woolworths.com.au/shop/productdetails/114111/johnson-s-baby-hair-care-conditioning-shampoo",
        "imgName": "114111.jpg",
        "imgSrc": "https://cdn0.woolworths.media/content/wowproductimages/medium/114111.jpg",
        "name": "Johnson's Baby Hair Care Conditioning Shampoo 500ml",
        "price": 8,
        "unitPrice": "$1.60 / 100ML"
    },
    {
        "category": "specials",
        "href": "https://www.woolworths.com.au/shop/productdetails/257605/i-j-light-crispy-lightly-seasoned-crumbed-fish-portions",
        "imgName": "257605.jpg",
        "imgSrc": "https://cdn0.woolworths.media/content/wowproductimages/medium/257605.jpg",
        "name": "I&j Light & Crispy Lightly Seasoned Crumbed Fish Portions 570g",
        "price": 6.5,
        "unitPrice": "$11.40 / 1KG"
    },
    {
        "category": "specials",
        "href": "https://www.woolworths.com.au/shop/productdetails/258868/pantene-pro-v-classic-care-conditioner",
        "imgName": "258868.jpg",
        "imgSrc": "https://cdn0.woolworths.media/content/wowproductimages/medium/258868.jpg",
        "name": "Pantene Pro-v Classic Care Conditioner 350ml",
        "price": 4.5,
        "unitPrice": "$1.29 / 100ML"
    },
    {
        "category": "specials",
        "href": "https://www.woolworths.com.au/shop/productdetails/297016/tasty-bite-kashmir-spinach",
        "imgName": "297016.jpg",
        "imgSrc": "https://cdn0.woolworths.media/content/wowproductimages/medium/297016.jpg",
        "name": "Tasty Bite Kashmir Spinach  285g",
        "price": 3,
        "unitPrice": "$1.05 / 100G"
    },
    {
        "category": "specials",
        "href": "https://www.woolworths.com.au/shop/productdetails/298114/biore-combo-deep-cleansing-pore-strips",
        "imgName": "298114.jpg",
        "imgSrc": "https://cdn0.woolworths.media/content/wowproductimages/medium/298114.jpg",
        "name": "Biore Combo Deep Cleansing Pore Strips 14pk",
        "price": 10.7,
        "special": 7.45,
        "unitPrice": "$0.53 / 1EA"
    },
    {
        "category": "specials",
        "href": "https://www.woolworths.com.au/shop/productdetails/331590/macro-organic-corn-chips-spicy-bbq",
        "imgName": "331590.jpg",
        "imgSrc": "https://cdn0.woolworths.media/content/wowproductimages/medium/331590.jpg",
        "name": "Macro Organic Corn Chips Spicy Bbq 200g",
        "price": 2.5,
        "unitPrice": "$1.25 / 100G"
    },
    {
        "category": "specials",
        "href": "https://www.woolworths.com.au/shop/productdetails/334727/woolworths-raspberry-jam",
        "imgName": "334727.jpg",
        "imgSrc": "https://cdn0.woolworths.media/content/wowproductimages/medium/334727.jpg",
        "name": "Woolworths Raspberry Jam 500g",
        "price": 2.5,
        "unitPrice": "$0.50 / 100G"
    },
    {
        "category": "specials",
        "href": "https://www.woolworths.com.au/shop/productdetails/432379/hot-topic-mug-captain-america-and-iron-man",
        "imgName": "432379.jpg",
        "imgSrc": "https://cdn0.woolworths.media/content/wowproductimages/medium/432379.jpg",
        "name": "Hot Topic Mug Captain America And Iron Man each",
        "price": 5,
        "special": 3
    },
    {
        "category": "specials",
        "href": "https://www.woolworths.com.au/shop/productdetails/708918/on-the-menu-lasagne-vegetable",
        "imgName": "708918.jpg",
        "imgSrc": "https://cdn0.woolworths.media/content/wowproductimages/medium/708918.jpg",
        "name": "On The Menu Lasagne Vegetable  260g",
        "price": 3,
        "special": 2.7,
        "unitPrice": "$1.04 / 100G"
    },
    {
        "category": "specials",
        "href": "https://www.woolworths.com.au/shop/productdetails/759044/woolworths-frozen-fish-fillets-battered",
        "imgName": "759044.jpg",
        "imgSrc": "https://cdn0.woolworths.media/content/wowproductimages/medium/759044.jpg",
        "name": "Woolworths Frozen Fish Fillets Battered 1kg",
        "price": 7.6,
        "unitPrice": "$7.60 / 1KG"
    },
    {
        "category": "specials",
        "href": "https://www.woolworths.com.au/shop/productdetails/758535/dominate-wax-matte",
        "imgName": "758535.jpg",
        "imgSrc": "https://cdn0.woolworths.media/content/wowproductimages/medium/758535.jpg",
        "name": "Dominate Wax Matte 85g",
        "price": 10,
        "special": 8,
        "unitPrice": "$9.41 / 100G"
    },
    {
        "category": "specials",
        "href": "https://www.woolworths.com.au/shop/productdetails/801548/allowrie-mixed-blossom-upside-down-honey",
        "imgName": "801548.jpg",
        "imgSrc": "https://cdn0.woolworths.media/content/wowproductimages/medium/801548.jpg",
        "name": "Allowrie Mixed Blossom Upside Down Honey 400g",
        "price": 5,
        "unitPrice": "$1.25 / 100G"
    },
    {
        "category": "specials",
        "href": "https://www.woolworths.com.au/shop/productdetails/801784/golden-circle-cordial-apple-crush",
        "imgName": "801784.jpg",
        "imgSrc": "https://cdn0.woolworths.media/content/wowproductimages/medium/801784.jpg",
        "name": "Golden Circle Cordial Apple Crush 2l",
        "price": 3,
        "unitPrice": "$1.50 / 1L"
    },
    {
        "category": "specials",
        "href": "https://www.woolworths.com.au/shop/productdetails/2037/old-el-paso-soft-taco-dinner-kit",
        "imgName": "002037.jpg",
        "imgSrc": "https://cdn0.woolworths.media/content/wowproductimages/medium/002037.jpg",
        "name": "Old El Paso Soft Taco Dinner Kit 405g",
        "price": 4.75,
        "unitPrice": "$1.17 / 100G"
    },
    {
        "category": "specials",
        "href": "https://www.woolworths.com.au/shop/productdetails/262872/uncle-tobys-oatbrits",
        "imgName": "262872.jpg",
        "imgSrc": "https://cdn0.woolworths.media/content/wowproductimages/medium/262872.jpg",
        "name": "Uncle Tobys Oatbrits  1kg",
        "price": 5,
        "unitPrice": "$0.50 / 100G"
    },
    {
        "category": "specials",
        "href": "https://www.woolworths.com.au/shop/productdetails/312312/stayfree-ultra-thins-pads-wings-super",
        "imgName": "312312.jpg",
        "imgSrc": "https://cdn0.woolworths.media/content/wowproductimages/medium/312312.jpg",
        "name": "Stayfree Ultra Thins Pads Wings Super 24pk",
        "price": 8,
        "unitPrice": "$0.33 / 1EA"
    },
    {
        "category": "specials",
        "href": "https://www.woolworths.com.au/shop/productdetails/480252/your-majesty-cat-food-shredded-chicken-fillet",
        "imgName": "480252.jpg",
        "imgSrc": "https://cdn0.woolworths.media/content/wowproductimages/medium/480252.jpg",
        "name": "Your Majesty Cat Food Shredded Chicken Fillet 85g",
        "price": 0.7,
        "unitPrice": "$0.82 / 100G"
    },
    {
        "category": "specials",
        "href": "https://www.woolworths.com.au/shop/productdetails/724632/huggies-ultra-dry-nappies-toddler-10-15kg-girl",
        "imgName": "724632.jpg",
        "imgSrc": "https://cdn0.woolworths.media/content/wowproductimages/medium/724632.jpg",
        "name": "Huggies Ultra Dry Nappies Toddler 10-15kg Girl 72pk jumbo",
        "price": 33,
        "special": 28,
        "unitPrice": "$0.39 / 1EA"
    },
    {
        "category": "specials",
        "href": "https://www.woolworths.com.au/shop/productdetails/726603/woolworths-select-pads-super-wings-ultra-thin",
        "imgName": "726603.jpg",
        "imgSrc": "https://cdn0.woolworths.media/content/wowproductimages/medium/726603.jpg",
        "name": "Woolworths Select Pads Super Wings Ultra Thin 12pk",
        "price": 2.25,
        "unitPrice": "$0.19 / 1EA"
    },
    {
        "category": "specials",
        "href": "https://www.woolworths.com.au/shop/productdetails/769265/voost-vitamin-c-effervescent-tablets",
        "imgName": "769265.jpg",
        "imgSrc": "https://cdn0.woolworths.media/content/wowproductimages/medium/769265.jpg",
        "name": "Voost Vitamin C Effervescent Tablets 10pk",
        "price": 3.5,
        "unitPrice": "$35.00 / 100EA"
    },
    {
        "category": "specials",
        "href": "https://www.woolworths.com.au/shop/productdetails/773042/biozet-attack-rapid-top-front-loader-laundry-liquid",
        "imgName": "773042.jpg",
        "imgSrc": "https://cdn0.woolworths.media/content/wowproductimages/medium/773042.jpg",
        "name": "Biozet Attack Rapid Top & Front Loader Laundry Liquid 1l",
        "price": 17.99,
        "special": 10,
        "unitPrice": "$10.00 / 1L"
    },
    {
        "category": "specials",
        "href": "https://www.woolworths.com.au/shop/productdetails/828969/pascall-pineapple-lumps",
        "imgName": "828969.jpg",
        "imgSrc": "https://cdn0.woolworths.media/content/wowproductimages/medium/828969.jpg",
        "name": "Pascall Pineapple Lumps  185g bag",
        "price": 4,
        "special": 3,
        "unitPrice": "$1.62 / 100G"
    },
    {
        "category": "specials",
        "href": "https://www.woolworths.com.au/shop/productdetails/840898/continental-pasta-creamy-tomato-parmesan-basil",
        "imgName": "840898.jpg",
        "imgSrc": "https://cdn0.woolworths.media/content/wowproductimages/medium/840898.jpg",
        "name": "Continental Pasta Creamy Tomato Parmesan & Basil 98g",
        "price": 2.75,
        "special": 2,
        "unitPrice": "$2.04 / 100G"
    },
    {
        "category": "specials",
        "href": "https://www.woolworths.com.au/shop/productdetails/828465/continental-cup-a-soup-pumpkin-with-sour-cream-chives",
        "imgName": "828465.jpg",
        "imgSrc": "https://cdn0.woolworths.media/content/wowproductimages/medium/828465.jpg",
        "name": "Continental Cup A Soup Pumpkin With Sour Cream & Chives 100g",
        "price": 3.5,
        "unitPrice": "$3.50 / 100G"
    },
    {
        "category": "specials",
        "href": "https://www.woolworths.com.au/shop/productdetails/294605/quilton-toilet-tissue-aqua-190ss",
        "imgName": "294605.jpg",
        "imgSrc": "https://cdn0.woolworths.media/content/wowproductimages/medium/294605.jpg",
        "name": "Quilton Toilet Tissue Aqua 190ss 24pk",
        "price": 12,
        "unitPrice": "$0.26 / 100SS"
    },
    {
        "category": "specials",
        "href": "https://www.woolworths.com.au/shop/productdetails/310591/maybelline-mineral-foundation-powder-classic-ivory",
        "imgName": "310591.jpg",
        "imgSrc": "https://cdn0.woolworths.media/content/wowproductimages/medium/310591.jpg",
        "name": "Maybelline Mineral Foundation Powder Classic Ivory 8g",
        "price": 24.5,
        "special": 17.15,
        "unitPrice": "$21.44 / 10G"
    },
    {
        "category": "specials",
        "href": "https://www.woolworths.com.au/shop/productdetails/297216/gravox-gravy-liquid-roast-pork",
        "imgName": "297216.jpg",
        "imgSrc": "https://cdn0.woolworths.media/content/wowproductimages/medium/297216.jpg",
        "name": "Gravox Gravy Liquid Roast Pork 165g",
        "price": 2,
        "unitPrice": "$1.21 / 100G"
    },
    {
        "category": "specials",
        "href": "https://www.woolworths.com.au/shop/productdetails/323336/sakata-rice-crackers-seaweed",
        "imgName": "323336.jpg",
        "imgSrc": "https://cdn0.woolworths.media/content/wowproductimages/medium/323336.jpg",
        "name": "Sakata Rice Crackers Seaweed 90g",
        "price": 2.49,
        "special": 2,
        "unitPrice": "$2.22 / 100G"
    },
    {
        "category": "specials",
        "href": "https://www.woolworths.com.au/shop/productdetails/334737/woolworths-english-breakfast-marmalade",
        "imgName": "334737.jpg",
        "imgSrc": "https://cdn0.woolworths.media/content/wowproductimages/medium/334737.jpg",
        "name": "Woolworths English Breakfast Marmalade 500g",
        "price": 2.5,
        "unitPrice": "$0.50 / 100G"
    },
    {
        "category": "specials",
        "href": "https://www.woolworths.com.au/shop/productdetails/324215/vileda-cleaning-cloth-sponge-super-absorbent",
        "imgName": "324215.jpg",
        "imgSrc": "https://cdn0.woolworths.media/content/wowproductimages/medium/324215.jpg",
        "name": "Vileda Cleaning Cloth Sponge Super Absorbent 3pk",
        "price": 3.99,
        "special": 3.55,
        "unitPrice": "$1.18 / 1EA"
    },
    {
        "category": "specials",
        "href": "https://www.woolworths.com.au/shop/productdetails/324234/uncle-tobys-roll-ups-rainbow-berry",
        "imgName": "324234.jpg",
        "imgSrc": "https://cdn0.woolworths.media/content/wowproductimages/medium/324234.jpg",
        "name": "Uncle Tobys Roll-ups Rainbow Berry 6pk 94g",
        "price": 4.1,
        "special": 3,
        "unitPrice": "$3.19 / 100G"
    },
    {
        "category": "specials",
        "href": "https://www.woolworths.com.au/shop/productdetails/482862/philips-avent-cup-no-handles",
        "imgName": "482862.jpg",
        "imgSrc": "https://cdn0.woolworths.media/content/wowproductimages/medium/482862.jpg",
        "name": "Philips Avent Cup No Handles 260ml each",
        "price": 8,
        "special": 5.6
    },
    {
        "category": "specials",
        "href": "https://www.woolworths.com.au/shop/productdetails/549558/perfect-italiano-perfect-pizza",
        "imgName": "549558.jpg",
        "imgSrc": "https://cdn0.woolworths.media/content/wowproductimages/medium/549558.jpg",
        "name": "Perfect Italiano Perfect Pizza  250g",
        "price": 4.8,
        "special": 3.8,
        "unitPrice": "$15.20 / 1KG"
    },
    {
        "category": "specials",
        "href": "https://www.woolworths.com.au/shop/productdetails/781560/heinz-soup-of-the-day-soup-pouch-chicken-with-chilli-lime",
        "imgName": "781560.jpg",
        "imgSrc": "https://cdn0.woolworths.media/content/wowproductimages/medium/781560.jpg",
        "name": "Heinz Soup Of The Day Soup Pouch Chicken With Chilli & Lime 430g",
        "price": 3,
        "unitPrice": "$0.70 / 100G"
    },
    {
        "category": "specials",
        "href": "https://www.woolworths.com.au/shop/productdetails/785118/sorbent-toilet-tissue-white",
        "imgName": "785118.jpg",
        "imgSrc": "https://cdn0.woolworths.media/content/wowproductimages/medium/785118.jpg",
        "name": "Sorbent Toilet Tissue White 20pk",
        "price": 10,
        "unitPrice": "$0.28 / 100SS"
    },
    {
        "category": "specials",
        "href": "https://www.woolworths.com.au/shop/productdetails/885656/cadbury-dairy-milk-assortment",
        "imgName": "885656.jpg",
        "imgSrc": "https://cdn0.woolworths.media/content/wowproductimages/medium/885656.jpg",
        "name": "Cadbury Dairy Milk Assortment  175g gift box",
        "price": 6,
        "unitPrice": "$3.43 / 100G"
    },
    {
        "category": "specials",
        "href": "https://www.woolworths.com.au/shop/productdetails/165750/spirax-notebook-a4",
        "imgName": "165750.jpg",
        "imgSrc": "https://cdn0.woolworths.media/content/wowproductimages/medium/165750.jpg",
        "name": "Spirax Notebook A4 240pg each",
        "price": 5,
        "special": 3.5
    },
    {
        "category": "specials",
        "href": "https://www.woolworths.com.au/shop/productdetails/342669/ainsley-harriot-cous-cous-moroccan-medley",
        "imgName": "342669.jpg",
        "imgSrc": "https://cdn0.woolworths.media/content/wowproductimages/medium/342669.jpg",
        "name": "Ainsley Harriot Cous Cous Moroccan Medley 100g",
        "price": 2.1,
        "unitPrice": "$2.10 / 100G"
    },
    {
        "category": "specials",
        "href": "https://www.woolworths.com.au/shop/productdetails/575197/pre-clean-advanced-performance-laundry-powder",
        "imgName": "575197.jpg",
        "imgSrc": "https://cdn0.woolworths.media/content/wowproductimages/medium/575197.jpg",
        "name": "Pre Clean Advanced Performance Laundry Powder 1kg",
        "price": 4,
        "unitPrice": "$4.00 / 1KG"
    },
    {
        "category": "specials",
        "href": "https://www.woolworths.com.au/shop/productdetails/581041/the-natural-confectionery-co-garden-friends",
        "imgName": "581041.jpg",
        "imgSrc": "https://cdn0.woolworths.media/content/wowproductimages/medium/581041.jpg",
        "name": "The Natural Confectionery Co Garden Friends  480g",
        "price": 5,
        "unitPrice": "$1.04 / 100G"
    },
    {
        "category": "specials",
        "href": "https://www.woolworths.com.au/shop/productdetails/941586/woolworths-yellowfin-tuna-in-chilli-oil",
        "imgName": "941586.jpg",
        "imgSrc": "https://cdn0.woolworths.media/content/wowproductimages/medium/941586.jpg",
        "name": "Woolworths Yellowfin Tuna In Chilli & Oil  95g",
        "price": 1.3,
        "unitPrice": "$13.68 / 1KG"
    },
    {
        "category": "specials",
        "href": "https://www.woolworths.com.au/shop/productdetails/369832/maybelline-ny-lip-gloss-antioxidant-berry",
        "imgName": "369832.jpg",
        "imgSrc": "https://cdn0.woolworths.media/content/wowproductimages/medium/369832.jpg",
        "name": "Maybelline Ny Lip Gloss Antioxidant Berry 4g",
        "price": 3.95,
        "special": 2.75,
        "unitPrice": "$6.88 / 10G"
    },
    {
        "category": "specials",
        "href": "https://www.woolworths.com.au/shop/productdetails/657023/natures-goodness-grain-free-dental-sticks-small",
        "imgName": "657023.jpg",
        "imgSrc": "https://cdn0.woolworths.media/content/wowproductimages/medium/657023.jpg",
        "name": "Natures Goodness Grain Free Dental Sticks Small 5pk 100g",
        "price": 5,
        "special": 3.5,
        "unitPrice": "$0.70 / 1EA"
    },
    {
        "category": "specials",
        "href": "https://www.woolworths.com.au/shop/productdetails/7733/greenseas-tuna-lemon-pepper",
        "imgName": "007733.jpg",
        "imgSrc": "https://cdn0.woolworths.media/content/wowproductimages/medium/007733.jpg",
        "name": "Greenseas Tuna Lemon Pepper 95g",
        "price": 2,
        "special": 1,
        "unitPrice": "$10.53 / 1KG"
    },
    {
        "category": "specials",
        "href": "https://www.woolworths.com.au/shop/productdetails/51654/olay-pro-vital-energising-day-cream",
        "imgName": "051654.jpg",
        "imgSrc": "https://cdn0.woolworths.media/content/wowproductimages/medium/051654.jpg",
        "name": "Olay Pro-vital Energising Day Cream 50ml",
        "price": 17.99,
        "special": 8.99,
        "unitPrice": "$17.98 / 100ML"
    },
    {
        "category": "specials",
        "href": "https://www.woolworths.com.au/shop/productdetails/99696/masterfoods-barbecue-sauce",
        "imgName": "099696.jpg",
        "imgSrc": "https://cdn0.woolworths.media/content/wowproductimages/medium/099696.jpg",
        "name": "Masterfoods Barbecue Sauce  500ml",
        "price": 2.95,
        "special": 1.47,
        "unitPrice": "$0.29 / 100ML"
    },
    {
        "category": "specials",
        "href": "https://www.woolworths.com.au/shop/productdetails/217002/lindt-excellence-dark-chocolate-orange-intense",
        "imgName": "217002.jpg",
        "imgSrc": "https://cdn0.woolworths.media/content/wowproductimages/medium/217002.jpg",
        "name": "Lindt Excellence Dark Chocolate Orange Intense 100g block",
        "price": 4.25,
        "special": 2.12,
        "unitPrice": "$2.12 / 100G"
    },
    {
        "category": "specials",
        "href": "https://www.woolworths.com.au/shop/productdetails/226906/nescafe-coffee-sachets-latte-vanilla",
        "imgName": "226906.jpg",
        "imgSrc": "https://cdn0.woolworths.media/content/wowproductimages/medium/226906.jpg",
        "name": "Nescafe Coffee Sachets Latte Vanilla 10pk",
        "price": 6.59,
        "special": 3.29,
        "unitPrice": "$1.78 / 100G"
    },
    {
        "category": "specials",
        "href": "https://www.woolworths.com.au/shop/productdetails/253582/olay-complete-uv-spf15-lotion-normal-dry",
        "imgName": "253582.jpg",
        "imgSrc": "https://cdn0.woolworths.media/content/wowproductimages/medium/253582.jpg",
        "name": "Olay Complete Uv Spf15+ Lotion Normal Dry 150ml",
        "price": 15.4,
        "special": 7.7,
        "unitPrice": "$5.13 / 100ML"
    },
    {
        "category": "specials",
        "href": "https://www.woolworths.com.au/shop/productdetails/330959/peckish-thins-rice-crackers-original",
        "imgName": "330959.jpg",
        "imgSrc": "https://cdn0.woolworths.media/content/wowproductimages/medium/330959.jpg",
        "name": "Peckish Thins Rice Crackers Original 100g",
        "price": 2.2,
        "special": 1,
        "unitPrice": "$1.00 / 100G"
    },
    {
        "category": "specials",
        "href": "https://www.woolworths.com.au/shop/productdetails/355094/olay-regenerist-micro-sculpting-face-serum",
        "imgName": "355094.jpg",
        "imgSrc": "https://cdn0.woolworths.media/content/wowproductimages/medium/355094.jpg",
        "name": "Olay Regenerist Micro-sculpting Face Serum 50ml",
        "price": 53,
        "special": 26.5,
        "unitPrice": "$53.00 / 100ML"
    },
    {
        "category": "specials",
        "href": "https://www.woolworths.com.au/shop/productdetails/381643/olay-regenerist-wrinkle-revolution-anti-ageing-microsculpt",
        "imgName": "381643.jpg",
        "imgSrc": "https://cdn0.woolworths.media/content/wowproductimages/medium/381643.jpg",
        "name": "Olay Regenerist Wrinkle Revolution Anti Ageing Microsculpt 50ml",
        "price": 48.99,
        "special": 24.49,
        "unitPrice": "$48.98 / 100ML"
    },
    {
        "category": "specials",
        "href": "https://www.woolworths.com.au/shop/productdetails/574482/lindt-excellence-milk-chocolate-seasalt-caramel",
        "imgName": "574482.jpg",
        "imgSrc": "https://cdn0.woolworths.media/content/wowproductimages/medium/574482.jpg",
        "name": "Lindt Excellence Milk Chocolate Seasalt & Caramel 100g block",
        "price": 4.25,
        "special": 2.12,
        "unitPrice": "$2.12 / 100G"
    },
    {
        "category": "specials",
        "href": "https://www.woolworths.com.au/shop/productdetails/574487/lindt-excellence-milk-chocolate-mint",
        "imgName": "574487.jpg",
        "imgSrc": "https://cdn0.woolworths.media/content/wowproductimages/medium/574487.jpg",
        "name": "Lindt Excellence Milk Chocolate Mint 100g block",
        "price": 4.25,
        "special": 2.12,
        "unitPrice": "$2.12 / 100G"
    },
    {
        "category": "specials",
        "href": "https://www.woolworths.com.au/shop/productdetails/602855/nescafe-sachets-coconut-latte",
        "imgName": "602855.jpg",
        "imgSrc": "https://cdn0.woolworths.media/content/wowproductimages/medium/602855.jpg",
        "name": "Nescafe Sachets Coconut Latte 10pk",
        "price": 6.59,
        "special": 3.29,
        "unitPrice": "$1.83 / 100G"
    },
    {
        "category": "specials",
        "href": "https://www.woolworths.com.au/shop/productdetails/608711/masterfoods-reduced-salt-sugar-bbq-sauce",
        "imgName": "608711.jpg",
        "imgSrc": "https://cdn0.woolworths.media/content/wowproductimages/medium/608711.jpg",
        "name": "Masterfoods Reduced Salt & Sugar Bbq Sauce 475ml",
        "price": 2.95,
        "special": 1.47,
        "unitPrice": "$0.31 / 100ML"
    },
    {
        "category": "specials",
        "href": "https://www.woolworths.com.au/shop/productdetails/629526/olay-regen-micro-sculpt-cream-fragrance-free",
        "imgName": "629526.jpg",
        "imgSrc": "https://cdn0.woolworths.media/content/wowproductimages/medium/629526.jpg",
        "name": "Olay Regen Micro Sculpt Cream Fragrance Free 48g",
        "price": 49,
        "special": 24.5,
        "unitPrice": "$51.04 / 100G"
    },
    {
        "category": "specials",
        "href": "https://www.woolworths.com.au/shop/productdetails/637412/lipton-infused-water-watermelon",
        "imgName": "637412.jpg",
        "imgSrc": "https://cdn0.woolworths.media/content/wowproductimages/medium/637412.jpg",
        "name": "Lipton Infused Water Watermelon 1.5l",
        "price": 3.65,
        "special": 1.75,
        "unitPrice": "$1.17 / 1L"
    },
    {
        "category": "specials",
        "href": "https://www.woolworths.com.au/shop/productdetails/662192/lipton-green-mint-line-ice-tea",
        "imgName": "662192.jpg",
        "imgSrc": "https://cdn0.woolworths.media/content/wowproductimages/medium/662192.jpg",
        "name": "Lipton Green Mint Line Ice Tea 1.5l",
        "price": 3.9,
        "special": 1.89,
        "unitPrice": "$1.26 / 1L"
    },
    {
        "category": "specials",
        "href": "https://www.woolworths.com.au/shop/productdetails/662403/loreal-elvive-fibralogy-shampoo",
        "imgName": "662403.jpg",
        "imgSrc": "https://cdn0.woolworths.media/content/wowproductimages/medium/662403.jpg",
        "name": "Loreal Elvive Fibralogy Shampoo 325ml",
        "price": 8,
        "special": 4,
        "unitPrice": "$1.23 / 100ML"
    },
    {
        "category": "specials",
        "href": "https://www.woolworths.com.au/shop/productdetails/662421/loreal-elvive-total-repair-shampoo",
        "imgName": "662421.jpg",
        "imgSrc": "https://cdn0.woolworths.media/content/wowproductimages/medium/662421.jpg",
        "name": "Loreal Elvive Total Repair Shampoo 325ml",
        "price": 8,
        "special": 4,
        "unitPrice": "$1.23 / 100ML"
    },
    {
        "category": "specials",
        "href": "https://www.woolworths.com.au/shop/productdetails/783859/lindt-creation-dark-chocolate-sublime-mint",
        "imgName": "783859.jpg",
        "imgSrc": "https://cdn0.woolworths.media/content/wowproductimages/medium/783859.jpg",
        "name": "Lindt Creation Dark Chocolate Sublime Mint 100g block",
        "price": 4.25,
        "special": 2.12,
        "unitPrice": "$2.12 / 100G"
    },
    {
        "category": "specials",
        "href": "https://www.woolworths.com.au/shop/productdetails/793509/mother-berry-energy-drink",
        "imgName": "793509.jpg",
        "imgSrc": "https://cdn0.woolworths.media/content/wowproductimages/medium/793509.jpg",
        "name": "Mother Berry Energy Drink 4pk 500ml",
        "price": 11.75,
        "special": 6.05,
        "unitPrice": "$3.03 / 1L"
    },
    {
        "category": "specials",
        "href": "https://www.woolworths.com.au/shop/productdetails/793990/cadbury-favourites",
        "imgName": "793990.jpg",
        "imgSrc": "https://cdn0.woolworths.media/content/wowproductimages/medium/793990.jpg",
        "name": "Cadbury Favourites  540g gift box",
        "price": 19,
        "special": 9.5,
        "unitPrice": "$1.76 / 100G"
    },
    {
        "category": "specials",
        "href": "https://www.woolworths.com.au/shop/productdetails/797737/lindt-excellence-dark-chocolate-sea-salt-caramel",
        "imgName": "797737.jpg",
        "imgSrc": "https://cdn0.woolworths.media/content/wowproductimages/medium/797737.jpg",
        "name": "Lindt Excellence Dark Chocolate Sea Salt Caramel 100g block",
        "price": 4.25,
        "special": 2.12,
        "unitPrice": "$2.12 / 100G"
    },
    {
        "category": "specials",
        "href": "https://www.woolworths.com.au/shop/productdetails/7394/bonds-socks-mens-business-plain-size-6-10",
        "imgName": "007394.jpg",
        "imgSrc": "https://cdn0.woolworths.media/content/wowproductimages/medium/007394.jpg",
        "name": "Bonds Socks Mens Business Plain Size 6-10 3pk",
        "price": 14,
        "special": 7,
        "unitPrice": "$2.33 / 1EA"
    },
    {
        "category": "specials",
        "href": "https://www.woolworths.com.au/shop/productdetails/38423/bonds-singlet-mens-chesty-white-size-20",
        "imgName": "038423.jpg",
        "imgSrc": "https://cdn0.woolworths.media/content/wowproductimages/medium/038423.jpg",
        "name": "Bonds Singlet Mens Chesty White Size 20 1pk",
        "price": 14,
        "special": 7
    },
    {
        "category": "specials",
        "href": "https://www.woolworths.com.au/shop/productdetails/345102/decor-match-ups-storer-oblong",
        "imgName": "345102.jpg",
        "imgSrc": "https://cdn0.woolworths.media/content/wowproductimages/medium/345102.jpg",
        "name": "Decor Match-ups Storer Oblong 1l",
        "price": 6.99,
        "special": 3.49
    },
    {
        "category": "specials",
        "href": "https://www.woolworths.com.au/shop/productdetails/431171/biozet-attack-front-top-loader-laundry-powder",
        "imgName": "431171.jpg",
        "imgSrc": "https://cdn0.woolworths.media/content/wowproductimages/medium/431171.jpg",
        "name": "Biozet Attack Front & Top Loader Laundry Powder 2kg",
        "price": 19.99,
        "special": 9.99,
        "unitPrice": "$5.00 / 1KG"
    },
    {
        "category": "specials",
        "href": "https://www.woolworths.com.au/shop/productdetails/545754/cold-power-sensitive-front-top-liquid-capsules",
        "imgName": "545754.jpg",
        "imgSrc": "https://cdn0.woolworths.media/content/wowproductimages/medium/545754.jpg",
        "name": "Cold Power Sensitive Front & Top Liquid Capsules 18pk",
        "price": 12,
        "special": 6,
        "unitPrice": "$0.33 / 1EA"
    },
    {
        "category": "specials",
        "href": "https://www.woolworths.com.au/shop/productdetails/786582/decor-microsafe-segmented-plate",
        "imgName": "786582.jpg",
        "imgSrc": "https://cdn0.woolworths.media/content/wowproductimages/medium/786582.jpg",
        "name": "Decor Microsafe Segmented Plate  each",
        "price": 8.99,
        "special": 4.49,
        "unitPrice": "$4.49 / 1EA"
    },
    {
        "category": "specials",
        "href": "https://www.woolworths.com.au/shop/productdetails/828716/bonds-comfy-tops-sheer-tights-nude-med",
        "imgName": "828716.jpg",
        "imgSrc": "https://cdn0.woolworths.media/content/wowproductimages/medium/828716.jpg",
        "name": "Bonds Comfy Tops Sheer Tights Nude Med each",
        "price": 8,
        "special": 4
    },
    {
        "category": "specials",
        "href": "https://www.woolworths.com.au/shop/productdetails/205684/berocca-performance-original-tablets",
        "imgName": "205684.jpg",
        "imgSrc": "https://cdn0.woolworths.media/content/wowproductimages/medium/205684.jpg",
        "name": "Berocca Performance Original Tablets 30pk",
        "price": 14.8,
        "special": 11,
        "unitPrice": "$36.67 / 100EA"
    },
    {
        "category": "specials",
        "href": "https://www.woolworths.com.au/shop/productdetails/801915/berocca-performance-effervescent-tablets-mango-orange",
        "imgName": "801915.jpg",
        "imgSrc": "https://cdn0.woolworths.media/content/wowproductimages/medium/801915.jpg",
        "name": "Berocca Performance Effervescent Tablets Mango & Orange 30pk",
        "price": 14.8,
        "special": 11,
        "unitPrice": "$36.67 / 100EA"
    },
    {
        "category": "specials",
        "href": "https://www.woolworths.com.au/shop/productdetails/384682/bonds-kids-socks-lowcut-sport-size-3-8",
        "imgName": "384682.jpg",
        "imgSrc": "https://cdn0.woolworths.media/content/wowproductimages/medium/384682.jpg",
        "name": "Bonds Kids Socks Lowcut Sport Size 3-8 3pk",
        "price": 14,
        "special": 7,
        "unitPrice": "$2.33 / 1EA"
    },
    {
        "category": "specials",
        "href": "https://www.woolworths.com.au/shop/productdetails/828726/bonds-comfy-tops-slimming-sheer-tights-black-sml",
        "imgName": "828726.jpg",
        "imgSrc": "https://cdn0.woolworths.media/content/wowproductimages/medium/828726.jpg",
        "name": "Bonds Comfy Tops Slimming Sheer Tights Black Sml each",
        "price": 8,
        "special": 4
    },
    {
        "category": "specials",
        "href": "https://www.woolworths.com.au/shop/productdetails/267561/sunrice-microwave-indian-basmati-rice",
        "imgName": "267561.jpg",
        "imgSrc": "https://cdn0.woolworths.media/content/wowproductimages/medium/267561.jpg",
        "name": "Sunrice Microwave Indian Basmati Rice 250g",
        "price": 2.5,
        "unitPrice": "$1.00 / 100G"
    },
    {
        "category": "specials",
        "href": "https://www.woolworths.com.au/shop/productdetails/724697/lean-cuisine-steam-beef-tortelini-tortelini",
        "imgName": "724697.jpg",
        "imgSrc": "https://cdn0.woolworths.media/content/wowproductimages/medium/724697.jpg",
        "name": "Lean Cuisine Steam Beef Tortelini Tortelini 370g",
        "price": 5,
        "unitPrice": "$1.35 / 100G"
    },
    {
        "category": "specials",
        "href": "https://www.woolworths.com.au/shop/productdetails/942347/lean-cuisine-steam-wholegrain-spanish-spinach-chicken-chorizo",
        "imgName": "942347.jpg",
        "imgSrc": "https://cdn0.woolworths.media/content/wowproductimages/medium/942347.jpg",
        "name": "Lean Cuisine Steam Wholegrain Spanish Spinach Chicken & Chorizo 350g",
        "price": 5,
        "unitPrice": "$1.43 / 100G"
    },
    {
        "category": "specials",
        "href": "https://www.woolworths.com.au/shop/productdetails/725020/johnson-s-body-wash-dreamy-skin",
        "imgName": "725020.jpg",
        "imgSrc": "https://cdn0.woolworths.media/content/wowproductimages/medium/725020.jpg",
        "name": "Johnson's Body Wash Dreamy Skin 1l",
        "price": 8.5,
        "unitPrice": "$0.85 / 100ML"
    },
    {
        "category": "specials",
        "href": "https://www.woolworths.com.au/shop/productdetails/250854/mersey-valley-original-cheddar-cheese",
        "imgName": "250854.jpg",
        "imgSrc": "https://cdn0.woolworths.media/content/wowproductimages/medium/250854.jpg",
        "name": "Mersey Valley Original Cheddar Cheese 235g",
        "price": 7.45,
        "special": 5,
        "unitPrice": "$21.28 / 1KG"
    },
    {
        "category": "specials",
        "href": "https://www.woolworths.com.au/shop/productdetails/312208/cottons-panty-liners-ultra-thin",
        "imgName": "312208.jpg",
        "imgSrc": "https://cdn0.woolworths.media/content/wowproductimages/medium/312208.jpg",
        "name": "Cottons Panty Liners Ultra Thin 24pk",
        "price": 3.41,
        "special": 2.7,
        "unitPrice": "$0.11 / 1EA"
    },
    {
        "category": "specials",
        "href": "https://www.woolworths.com.au/shop/productdetails/414927/heinz-fruity-pear-jar",
        "imgName": "414927.jpg",
        "imgSrc": "https://cdn0.woolworths.media/content/wowproductimages/medium/414927.jpg",
        "name": "Heinz Fruity Pear Jar 110g",
        "price": 1,
        "unitPrice": "$0.91 / 100G"
    },
    {
        "category": "specials",
        "href": "https://www.woolworths.com.au/shop/productdetails/48888/imported-smoked-cod-african-fillets",
        "imgName": "048888.jpg",
        "imgSrc": "https://cdn0.woolworths.media/content/wowproductimages/medium/048888.jpg",
        "name": "Imported Smoked Cod African Fillets per kg",
        "price": 10,
        "unitPrice": "$10.00 / 1KG"
    },
    {
        "category": "specials",
        "href": "https://www.woolworths.com.au/shop/productdetails/95116/paramount-salmon-pink",
        "imgName": "095116.jpg",
        "imgSrc": "https://cdn0.woolworths.media/content/wowproductimages/medium/095116.jpg",
        "name": "Paramount Salmon Pink 210g",
        "price": 3.7,
        "special": 2.9,
        "unitPrice": "$13.81 / 1KG"
    },
    {
        "category": "specials",
        "href": "https://www.woolworths.com.au/shop/productdetails/16578/huggies-ultra-dry-nappies-crawler-6-11kg-girl",
        "imgName": "016578.jpg",
        "imgSrc": "https://cdn0.woolworths.media/content/wowproductimages/medium/016578.jpg",
        "name": "Huggies Ultra Dry Nappies Crawler 6-11kg Girl 44pk bulk",
        "price": 16,
        "unitPrice": "$0.36 / 1EA"
    },
    {
        "category": "specials",
        "href": "https://www.woolworths.com.au/shop/productdetails/17456/gravox-gravy-mix-lamb-rosemary",
        "imgName": "017456.jpg",
        "imgSrc": "https://cdn0.woolworths.media/content/wowproductimages/medium/017456.jpg",
        "name": "Gravox Gravy Mix Lamb & Rosemary 29g",
        "price": 1,
        "special": 0.9,
        "unitPrice": "$0.31 / 10G"
    },
    {
        "category": "specials",
        "href": "https://www.woolworths.com.au/shop/productdetails/15479/raguletto-pasta-sauce-red-wine-garlic",
        "imgName": "015479.jpg",
        "imgSrc": "https://cdn0.woolworths.media/content/wowproductimages/medium/015479.jpg",
        "name": "Raguletto Pasta Sauce Red Wine Garlic 500g",
        "price": 1.7,
        "unitPrice": "$0.34 / 100G"
    },
    {
        "category": "specials",
        "href": "https://www.woolworths.com.au/shop/productdetails/237088/whiskas-adult-cat-food-beef-lamb-liver-vegetable",
        "imgName": "237088.jpg",
        "imgSrc": "https://cdn0.woolworths.media/content/wowproductimages/medium/237088.jpg",
        "name": "Whiskas Adult Cat Food Beef Lamb Liver & Vegetable 1kg",
        "price": 4.7,
        "special": 4,
        "unitPrice": "$0.40 / 100G"
    },
    {
        "category": "specials",
        "href": "https://www.woolworths.com.au/shop/productdetails/446453/maggi-beef-stroganoff-recipe-base",
        "imgName": "446453.jpg",
        "imgSrc": "https://cdn0.woolworths.media/content/wowproductimages/medium/446453.jpg",
        "name": "Maggi Beef Stroganoff Recipe Base 47g",
        "price": 1.75,
        "unitPrice": "$4.27 / 100G"
    },
    {
        "category": "specials",
        "href": "https://www.woolworths.com.au/shop/productdetails/452464/the-spice-tailor-rustic-rogan-josh",
        "imgName": "452464.jpg",
        "imgSrc": "https://cdn0.woolworths.media/content/wowproductimages/medium/452464.jpg",
        "name": "The Spice Tailor Rustic Rogan Josh  300g",
        "price": 5.5,
        "special": 4.4,
        "unitPrice": "$1.47 / 100G"
    },
    {
        "category": "specials",
        "href": "https://www.woolworths.com.au/shop/productdetails/340443/safcol-salmon-atlantic-spring-water",
        "imgName": "340443.jpg",
        "imgSrc": "https://cdn0.woolworths.media/content/wowproductimages/medium/340443.jpg",
        "name": "Safcol Salmon Atlantic Spring Water 95g",
        "price": 1.5,
        "unitPrice": "$15.79 / 1KG"
    },
    {
        "category": "specials",
        "href": "https://www.woolworths.com.au/shop/productdetails/345345/ocean-blue-smoked-salmon-sliced",
        "imgName": "345345.jpg",
        "imgSrc": "https://cdn0.woolworths.media/content/wowproductimages/medium/345345.jpg",
        "name": "Ocean Blue Smoked Salmon Sliced 50g",
        "price": 4.5,
        "special": 4,
        "unitPrice": "$80.00 / 1KG"
    },
    {
        "category": "specials",
        "href": "https://www.woolworths.com.au/shop/productdetails/297047/clio-invisible-band-knee-high-natural-one-size",
        "imgName": "297047.jpg",
        "imgSrc": "https://cdn0.woolworths.media/content/wowproductimages/medium/297047.jpg",
        "name": "Clio Invisible Band Knee High Natural One Size each",
        "price": 5,
        "special": 3.5
    },
    {
        "category": "specials",
        "href": "https://www.woolworths.com.au/shop/productdetails/778271/woolworths-select-mop-flat",
        "imgName": "778271.jpg",
        "imgSrc": "https://cdn0.woolworths.media/content/wowproductimages/medium/778271.jpg",
        "name": "Woolworths Select Mop Flat each",
        "price": 14.99,
        "unitPrice": "$14.99 / 1EA"
    },
    {
        "category": "specials",
        "href": "https://www.woolworths.com.au/shop/productdetails/784855/advanced-hair-treatment-hair-loss-30-day",
        "imgName": "784855.jpg",
        "imgSrc": "https://cdn0.woolworths.media/content/wowproductimages/medium/784855.jpg",
        "name": "Advanced Hair Treatment Hair Loss 30 Day 1pk",
        "price": 50,
        "special": 40,
        "unitPrice": "$40.00 / 1EA"
    },
    {
        "category": "specials",
        "href": "https://www.woolworths.com.au/shop/productdetails/958886/jackson-4-outlet-individually-switched-surge-protected-powerboard-with-1-metre-lead",
        "imgName": "958886.jpg",
        "imgSrc": "https://cdn0.woolworths.media/content/wowproductimages/medium/958886.jpg",
        "name": "Jackson 4 Outlet Individually Switched Surge Protected Powerboard With 1 Metre Lead each",
        "price": 24,
        "special": 19.2
    },
    {
        "category": "specials",
        "href": "https://www.woolworths.com.au/shop/productdetails/21662/zooper-dooper-8-cosmic-flavours",
        "imgName": "021662.jpg",
        "imgSrc": "https://cdn0.woolworths.media/content/wowproductimages/medium/021662.jpg",
        "name": "Zooper Dooper 8 Cosmic Flavours  24x70ml",
        "price": 5.79,
        "special": 5,
        "unitPrice": "$0.30 / 100ML"
    },
    {
        "category": "specials",
        "href": "https://www.woolworths.com.au/shop/productdetails/27350/alca-seltzer-antacids-lemon-tablets",
        "imgName": "027350.jpg",
        "imgSrc": "https://cdn0.woolworths.media/content/wowproductimages/medium/027350.jpg",
        "name": "Alca Seltzer Antacids Lemon Tablets 20pk",
        "price": 8,
        "special": 6.4,
        "unitPrice": "$0.32 / 1EA"
    },
    {
        "category": "specials",
        "href": "https://www.woolworths.com.au/shop/productdetails/212346/praise-dressings-balsamic-italian-fat-free",
        "imgName": "212346.jpg",
        "imgSrc": "https://cdn0.woolworths.media/content/wowproductimages/medium/212346.jpg",
        "name": "Praise Dressings Balsamic Italian Fat Free 330ml",
        "price": 3,
        "special": 1.75,
        "unitPrice": "$0.53 / 100ML"
    },
    {
        "category": "specials",
        "href": "https://www.woolworths.com.au/shop/productdetails/268167/ecostore-manuka-honey-kelp-soap",
        "imgName": "268167.jpg",
        "imgSrc": "https://cdn0.woolworths.media/content/wowproductimages/medium/268167.jpg",
        "name": "Ecostore Manuka Honey Kelp Soap 80g",
        "price": 2.59,
        "special": 2,
        "unitPrice": "$2.50 / 100G"
    },
    {
        "category": "specials",
        "href": "https://www.woolworths.com.au/shop/productdetails/460970/cenovis-garlic-cold-immunity-low-odour",
        "imgName": "460970.jpg",
        "imgSrc": "https://cdn0.woolworths.media/content/wowproductimages/medium/460970.jpg",
        "name": "Cenovis Garlic Cold & Immunity Low Odour 150 capsules",
        "price": 10.5,
        "unitPrice": "$7.00 / 100EA"
    },
    {
        "category": "specials",
        "href": "https://www.woolworths.com.au/shop/productdetails/693781/woolworths-reduce-fat-ice-cream-vanilla",
        "imgName": "693781.jpg",
        "imgSrc": "https://cdn0.woolworths.media/content/wowproductimages/medium/693781.jpg",
        "name": "Woolworths Reduce Fat Ice Cream Vanilla 2l tub",
        "price": 4.5,
        "unitPrice": "$0.23 / 100ML"
    },
    {
        "category": "specials",
        "href": "https://www.woolworths.com.au/shop/productdetails/316953/moosehead-paste-gritty-styling-clay",
        "imgName": "316953.jpg",
        "imgSrc": "https://cdn0.woolworths.media/content/wowproductimages/medium/316953.jpg",
        "name": "Moosehead Paste Gritty Styling Clay 100g",
        "price": 9,
        "unitPrice": "$9.00 / 100G"
    },
    {
        "category": "specials",
        "href": "https://www.woolworths.com.au/shop/productdetails/786378/sargents-pies-chunky-beef-pepper",
        "imgName": "786378.jpg",
        "imgSrc": "https://cdn0.woolworths.media/content/wowproductimages/medium/786378.jpg",
        "name": "Sargents Pies Chunky Beef & Pepper 4pk 700g",
        "price": 8.5,
        "special": 7,
        "unitPrice": "$1.00 / 100G"
    },
    {
        "category": "specials",
        "href": "https://www.woolworths.com.au/shop/productdetails/787616/nivea-deodrant-black-white",
        "imgName": "787616.jpg",
        "imgSrc": "https://cdn0.woolworths.media/content/wowproductimages/medium/787616.jpg",
        "name": "Nivea Deodrant Black & White 35ml",
        "price": 3,
        "unitPrice": "$8.57 / 100ML"
    },
    {
        "category": "specials",
        "href": "https://www.woolworths.com.au/shop/productdetails/847697/friskies-meaty-grills",
        "imgName": "847697.jpg",
        "imgSrc": "https://cdn0.woolworths.media/content/wowproductimages/medium/847697.jpg",
        "name": "Friskies Meaty Grills 1kg",
        "price": 4,
        "unitPrice": "$0.40 / 100G"
    },
    {
        "category": "specials",
        "href": "https://www.woolworths.com.au/shop/productdetails/854097/inspire-pizza-cutter",
        "imgName": "854097.jpg",
        "imgSrc": "https://cdn0.woolworths.media/content/wowproductimages/medium/854097.jpg",
        "name": "Inspire Pizza Cutter  each",
        "price": 6
    },
    {
        "category": "specials",
        "href": "https://www.woolworths.com.au/shop/productdetails/854112/inspire-turner-nylon-head",
        "imgName": "854112.jpg",
        "imgSrc": "https://cdn0.woolworths.media/content/wowproductimages/medium/854112.jpg",
        "name": "Inspire Turner Nylon Head  each",
        "price": 6
    },
    {
        "category": "specials",
        "href": "https://www.woolworths.com.au/shop/productdetails/881417/connoisseur-ice-cream-chocolate-vanilla-almond",
        "imgName": "881417.jpg",
        "imgSrc": "https://cdn0.woolworths.media/content/wowproductimages/medium/881417.jpg",
        "name": "Connoisseur Ice Cream Chocolate Vanilla Almond 4pk 455ml",
        "price": 8.4,
        "special": 6,
        "unitPrice": "$1.32 / 100ML"
    },
    {
        "category": "specials",
        "href": "https://www.woolworths.com.au/shop/productdetails/731314/arnott-s-cruskits-rice",
        "imgName": "731314.jpg",
        "imgSrc": "https://cdn0.woolworths.media/content/wowproductimages/medium/731314.jpg",
        "name": "Arnott's Cruskits Rice 125g",
        "price": 3,
        "unitPrice": "$2.40 / 100G"
    },
    {
        "category": "specials",
        "href": "https://www.woolworths.com.au/shop/productdetails/935591/spirax-3-subject-notebook-a5-assorted-colours",
        "imgName": "935591.jpg",
        "imgSrc": "https://cdn0.woolworths.media/content/wowproductimages/medium/935591.jpg",
        "name": "Spirax 3 Subject Notebook A5 Assorted Colours 200pg each",
        "price": 6,
        "special": 4.2
    },
    {
        "category": "specials",
        "href": "https://www.woolworths.com.au/shop/productdetails/30949/arnott-s-delta-creams",
        "imgName": "030949.jpg",
        "imgSrc": "https://cdn0.woolworths.media/content/wowproductimages/medium/030949.jpg",
        "name": "Arnott's Delta Creams  250g",
        "price": 2.85,
        "special": 2,
        "unitPrice": "$0.80 / 100G"
    },
    {
        "category": "specials",
        "href": "https://www.woolworths.com.au/shop/productdetails/31925/just-juice-apple-blackcurrant-juice",
        "imgName": "031925.jpg",
        "imgSrc": "https://cdn0.woolworths.media/content/wowproductimages/medium/031925.jpg",
        "name": "Just Juice Apple & Blackcurrant Juice 1l",
        "price": 2.3,
        "special": 2,
        "unitPrice": "$2.00 / 1L"
    },
    {
        "category": "specials",
        "href": "https://www.woolworths.com.au/shop/productdetails/142081/saxa-natural-sea-salt-grinder",
        "imgName": "142081.jpg",
        "imgSrc": "https://cdn0.woolworths.media/content/wowproductimages/medium/142081.jpg",
        "name": "Saxa Natural Sea Salt Grinder 90g",
        "price": 5,
        "special": 4,
        "unitPrice": "$0.44 / 10G"
    },
    {
        "category": "specials",
        "href": "https://www.woolworths.com.au/shop/productdetails/301842/colgate-toothbrush-360-soft",
        "imgName": "301842.jpg",
        "imgSrc": "https://cdn0.woolworths.media/content/wowproductimages/medium/301842.jpg",
        "name": "Colgate Toothbrush 360 Soft 2pk",
        "price": 8,
        "special": 7,
        "unitPrice": "$3.50 / 1EA"
    },
    {
        "category": "specials",
        "href": "https://www.woolworths.com.au/shop/productdetails/260429/l-oreal-casting-cr-me-gloss-550-mahogany",
        "imgName": "260429.jpg",
        "imgSrc": "https://cdn0.woolworths.media/content/wowproductimages/medium/260429.jpg",
        "name": "L'oreal Casting Cr\u00e8me Gloss 550 Mahogany 1pk",
        "price": 16,
        "special": 11
    },
    {
        "category": "specials",
        "href": "https://www.woolworths.com.au/shop/productdetails/499381/la-clinica-organic-for-baby-soap-free-wash-gel",
        "imgName": "499381.jpg",
        "imgSrc": "https://cdn0.woolworths.media/content/wowproductimages/medium/499381.jpg",
        "name": "La Clinica Organic For Baby Soap Free Wash Gel  250ml",
        "price": 9,
        "special": 6,
        "unitPrice": "$2.40 / 100ML"
    },
    {
        "category": "specials",
        "href": "https://www.woolworths.com.au/shop/productdetails/503032/biore-self-heating-mask-charcoal",
        "imgName": "503032.jpg",
        "imgSrc": "https://cdn0.woolworths.media/content/wowproductimages/medium/503032.jpg",
        "name": "Biore Self Heating Mask Charcoal 4pk",
        "price": 8,
        "special": 5.6,
        "unitPrice": "$1.40 / 1EA"
    },
    {
        "category": "specials",
        "href": "https://www.woolworths.com.au/shop/productdetails/503115/woolworths-frozen-pizza-four-cheeses",
        "imgName": "503115.jpg",
        "imgSrc": "https://cdn0.woolworths.media/content/wowproductimages/medium/503115.jpg",
        "name": "Woolworths Frozen Pizza Four Cheeses 360g",
        "price": 4,
        "unitPrice": "$1.11 / 100G"
    },
    {
        "category": "specials",
        "href": "https://www.woolworths.com.au/shop/productdetails/703717/maldon-sea-salt-flakes",
        "imgName": "703717.jpg",
        "imgSrc": "https://cdn0.woolworths.media/content/wowproductimages/medium/703717.jpg",
        "name": "Maldon Sea Salt Flakes  125g",
        "price": 4.65,
        "special": 3.5,
        "unitPrice": "$0.28 / 10G"
    },
    {
        "category": "specials",
        "href": "https://www.woolworths.com.au/shop/productdetails/322356/santa-margherita-prosecco-brut-di-valdobbiadene",
        "imgName": "322356.jpg",
        "imgSrc": "https://cdn0.woolworths.media/content/wowproductimages/medium/322356.jpg",
        "name": "Santa Margherita Prosecco Brut Di Valdobbiadene 750ml",
        "price": 22,
        "special": 18
    },
    {
        "category": "specials",
        "href": "https://www.woolworths.com.au/shop/productdetails/894502/australia-s-own-organic-vegetable-style-stock",
        "imgName": "894502.jpg",
        "imgSrc": "https://cdn0.woolworths.media/content/wowproductimages/medium/894502.jpg",
        "name": "Australia's Own Organic Vegetable Style Stock 1l",
        "price": 3,
        "unitPrice": "$0.30 / 100ML"
    },
    {
        "category": "specials",
        "href": "https://www.woolworths.com.au/shop/productdetails/772004/garnier-bb-cream-anti-age-light",
        "imgName": "772004.jpg",
        "imgSrc": "https://cdn0.woolworths.media/content/wowproductimages/medium/772004.jpg",
        "name": "Garnier Bb Cream Anti Age Light 50ml",
        "price": 14.99,
        "special": 10.49,
        "unitPrice": "$20.98 / 100ML"
    },
    {
        "category": "specials",
        "href": "https://www.woolworths.com.au/shop/productdetails/54769/gravox-gravy-mix-supreme-roast-meat",
        "imgName": "054769.jpg",
        "imgSrc": "https://cdn0.woolworths.media/content/wowproductimages/medium/054769.jpg",
        "name": "Gravox Gravy Mix Supreme Roast Meat 29g",
        "price": 1,
        "special": 0.9,
        "unitPrice": "$0.31 / 10G"
    },
    {
        "category": "specials",
        "href": "https://www.woolworths.com.au/shop/productdetails/107449/garnier-nutrisse-7-0-almond-cr-me",
        "imgName": "107449.jpg",
        "imgSrc": "https://cdn0.woolworths.media/content/wowproductimages/medium/107449.jpg",
        "name": "Garnier Nutrisse 7.0 Almond Cr\u00e8me 1pk",
        "price": 12
    },
    {
        "category": "specials",
        "href": "https://www.woolworths.com.au/shop/productdetails/315710/licorice-lovers-choc-coated-licorice",
        "imgName": "315710.jpg",
        "imgSrc": "https://cdn0.woolworths.media/content/wowproductimages/medium/315710.jpg",
        "name": "Licorice Lovers Choc Coated Licorice  200g",
        "price": 2,
        "unitPrice": "$1.00 / 100G"
    },
    {
        "category": "specials",
        "href": "https://www.woolworths.com.au/shop/productdetails/557946/platinum-contour-eye-brush",
        "imgName": "557946.jpg",
        "imgSrc": "https://cdn0.woolworths.media/content/wowproductimages/medium/557946.jpg",
        "name": "Platinum Contour Eye Brush each",
        "price": 10,
        "special": 7,
        "unitPrice": "$7.00 / 1EA"
    },
    {
        "category": "specials",
        "href": "https://www.woolworths.com.au/shop/productdetails/558918/mud-colour-correcting-concealer",
        "imgName": "558918.jpg",
        "imgSrc": "https://cdn0.woolworths.media/content/wowproductimages/medium/558918.jpg",
        "name": "Mud Colour Correcting Concealer 6g",
        "price": 7.5,
        "unitPrice": "$12.50 / 10G"
    },
    {
        "category": "specials",
        "href": "https://www.woolworths.com.au/shop/productdetails/717112/finish-powerball-quantum-tablets-original",
        "imgName": "717112.jpg",
        "imgSrc": "https://cdn0.woolworths.media/content/wowproductimages/medium/717112.jpg",
        "name": "Finish Powerball Quantum Tablets Original 20pk",
        "price": 12,
        "unitPrice": "$0.60 / 1EA"
    },
    {
        "category": "specials",
        "href": "https://www.woolworths.com.au/shop/productdetails/786911/sunrice-thai-massaman-chicken-curry-with-jasmine-rice",
        "imgName": "786911.jpg",
        "imgSrc": "https://cdn0.woolworths.media/content/wowproductimages/medium/786911.jpg",
        "name": "Sunrice Thai Massaman Chicken Curry With Jasmine Rice 350g",
        "price": 4.5,
        "unitPrice": "$1.29 / 100G"
    },
    {
        "category": "specials",
        "href": "https://www.woolworths.com.au/shop/productdetails/420506/philips-light-globe-led-13w-1400-lumen-cool-bc",
        "imgName": "420506.jpg",
        "imgSrc": "https://cdn0.woolworths.media/content/wowproductimages/medium/420506.jpg",
        "name": "Philips Light Globe Led 13w 1400 Lumen Cool Bc each",
        "price": 15,
        "unitPrice": "$15.00 / 1EA"
    },
    {
        "category": "specials",
        "href": "https://www.woolworths.com.au/shop/productdetails/425218/olsent-light-globe-led-gls-bc-5w-470lum",
        "imgName": "425218.jpg",
        "imgSrc": "https://cdn0.woolworths.media/content/wowproductimages/medium/425218.jpg",
        "name": "Olsent Light Globe Led Gls Bc 5w 470lum 2pk",
        "price": 10,
        "unitPrice": "$5.00 / 1EA"
    },
    {
        "category": "specials",
        "href": "https://www.woolworths.com.au/shop/productdetails/558977/maybelline-colossal-big-shot-mascara-blackest-black",
        "imgName": "558977.jpg",
        "imgSrc": "https://cdn0.woolworths.media/content/wowproductimages/medium/558977.jpg",
        "name": "Maybelline Colossal Big Shot Mascara Blackest Black 9.5ml",
        "price": 20,
        "special": 14,
        "unitPrice": "$14.74 / 10ML"
    },
    {
        "category": "specials",
        "href": "https://www.woolworths.com.au/shop/productdetails/841568/equal-spoonful-sweetener-powder",
        "imgName": "841568.jpg",
        "imgSrc": "https://cdn0.woolworths.media/content/wowproductimages/medium/841568.jpg",
        "name": "Equal Spoonful Sweetener Powder  113g",
        "price": 6,
        "special": 5,
        "unitPrice": "$4.42 / 100G"
    },
    {
        "category": "specials",
        "href": "https://www.woolworths.com.au/shop/productdetails/11059/country-cup-instant-soup-cream-of-pumpkin-with-croutons",
        "imgName": "011059.jpg",
        "imgSrc": "https://cdn0.woolworths.media/content/wowproductimages/medium/011059.jpg",
        "name": "Country Cup Instant Soup Cream Of Pumpkin With Croutons 2pk 50g",
        "price": 1.5,
        "unitPrice": "$3.00 / 100G"
    },
    {
        "category": "specials",
        "href": "https://www.woolworths.com.au/shop/productdetails/73999/nair-hair-removal-wax-easiwax-mini-strips",
        "imgName": "073999.jpg",
        "imgSrc": "https://cdn0.woolworths.media/content/wowproductimages/medium/073999.jpg",
        "name": "Nair Hair Removal Wax Easiwax Mini Strips 20pk",
        "price": 9,
        "special": 7,
        "unitPrice": "$0.35 / 1EA"
    },
    {
        "category": "specials",
        "href": "https://www.woolworths.com.au/shop/productdetails/175025/elastoplast-strappings-ridged-tape",
        "imgName": "175025.jpg",
        "imgSrc": "https://cdn0.woolworths.media/content/wowproductimages/medium/175025.jpg",
        "name": "Elastoplast Strappings Ridged Tape 38mmx10m",
        "price": 10,
        "special": 9,
        "unitPrice": "$9.00 / 1EA"
    },
    {
        "category": "specials",
        "href": "https://www.woolworths.com.au/shop/productdetails/201809/uncle-tobys-shredded-wheat",
        "imgName": "201809.jpg",
        "imgSrc": "https://cdn0.woolworths.media/content/wowproductimages/medium/201809.jpg",
        "name": "Uncle Tobys Shredded Wheat  280g",
        "price": 5,
        "unitPrice": "$1.79 / 100G"
    },
    {
        "category": "specials",
        "href": "https://www.woolworths.com.au/shop/productdetails/258869/pantene-pro-v-classic-clean-shampoo",
        "imgName": "258869.jpg",
        "imgSrc": "https://cdn0.woolworths.media/content/wowproductimages/medium/258869.jpg",
        "name": "Pantene Pro-v Classic Clean Shampoo 350ml",
        "price": 4.5,
        "unitPrice": "$1.29 / 100ML"
    },
    {
        "category": "specials",
        "href": "https://www.woolworths.com.au/shop/productdetails/320786/nurofen-tablets-zavance-256mg",
        "imgName": "320786.jpg",
        "imgSrc": "https://cdn0.woolworths.media/content/wowproductimages/medium/320786.jpg",
        "name": "Nurofen Tablets Zavance 256mg 24pk",
        "price": 6.5,
        "special": 6,
        "unitPrice": "$0.25 / 1EA"
    },
    {
        "category": "specials",
        "href": "https://www.woolworths.com.au/shop/productdetails/441148/7th-heaven-cucumber-peel-off-tube",
        "imgName": "441148.jpg",
        "imgSrc": "https://cdn0.woolworths.media/content/wowproductimages/medium/441148.jpg",
        "name": "7th Heaven Cucumber Peel Off Tube 175ml",
        "price": 14.99,
        "special": 10.49,
        "unitPrice": "$5.99 / 100ML"
    },
    {
        "category": "specials",
        "href": "https://www.woolworths.com.au/shop/productdetails/579719/maggi-side-dishes-creamy-cheese-garlic-potato-bake",
        "imgName": "579719.jpg",
        "imgSrc": "https://cdn0.woolworths.media/content/wowproductimages/medium/579719.jpg",
        "name": "Maggi Side Dishes Creamy Cheese Garlic Potato Bake 24g",
        "price": 1.75,
        "unitPrice": "$7.29 / 100G"
    },
    {
        "category": "specials",
        "href": "https://www.woolworths.com.au/shop/productdetails/313021/coca-cola-zero-mini-cans",
        "imgName": "313021.jpg",
        "imgSrc": "https://cdn0.woolworths.media/content/wowproductimages/medium/313021.jpg",
        "name": "Coca-cola Zero Mini Cans 8x200ml pack",
        "price": 9.5,
        "unitPrice": "$5.94 / 1L"
    },
    {
        "category": "specials",
        "href": "https://www.woolworths.com.au/shop/productdetails/724892/palmolive-foaming-handwash-lime-mint-pump",
        "imgName": "724892.jpg",
        "imgSrc": "https://cdn0.woolworths.media/content/wowproductimages/medium/724892.jpg",
        "name": "Palmolive Foaming Handwash Lime & Mint Pump 250ml",
        "price": 3.5,
        "special": 2.9,
        "unitPrice": "$1.16 / 100ML"
    },
    {
        "category": "specials",
        "href": "https://www.woolworths.com.au/shop/productdetails/795163/select-vitamin-b-c-effervescent-tropical",
        "imgName": "795163.jpg",
        "imgSrc": "https://cdn0.woolworths.media/content/wowproductimages/medium/795163.jpg",
        "name": "Select Vitamin B+c Effervescent Tropical 15 tablets",
        "price": 5,
        "special": 4,
        "unitPrice": "$26.67 / 100EA"
    },
    {
        "category": "specials",
        "href": "https://www.woolworths.com.au/shop/productdetails/476719/mud-nail-polish-celestial",
        "imgName": "476719.jpg",
        "imgSrc": "https://cdn0.woolworths.media/content/wowproductimages/medium/476719.jpg",
        "name": "Mud Nail Polish Celestial 13ml",
        "price": 2.5,
        "unitPrice": "$2.50 / 1EA"
    },
    {
        "category": "specials",
        "href": "https://www.woolworths.com.au/shop/productdetails/741293/1000-hour-eyelashes-brow-dye-kit-dark-brown",
        "imgName": "741293.jpg",
        "imgSrc": "https://cdn0.woolworths.media/content/wowproductimages/medium/741293.jpg",
        "name": "1000 Hour Eyelashes & Brow Dye Kit Dark Brown each",
        "price": 18.99,
        "special": 14,
        "unitPrice": "$14.00 / 1EA"
    },
    {
        "category": "specials",
        "href": "https://www.woolworths.com.au/shop/productdetails/23281/armor-all-car-care-wash-heavy-duty",
        "imgName": "023281.jpg",
        "imgSrc": "https://cdn0.woolworths.media/content/wowproductimages/medium/023281.jpg",
        "name": "Armor All Car Care Wash Heavy Duty 1l",
        "price": 8,
        "special": 6.4,
        "unitPrice": "$0.64 / 100ML"
    },
    {
        "category": "specials",
        "href": "https://www.woolworths.com.au/shop/productdetails/47682/homebrand-baked-beans-tomato-sauce",
        "imgName": "047682.jpg",
        "imgSrc": "https://cdn0.woolworths.media/content/wowproductimages/medium/047682.jpg",
        "name": "Homebrand Baked Beans Tomato Sauce 420g",
        "price": 0.65,
        "unitPrice": "$0.15 / 100G"
    },
    {
        "category": "specials",
        "href": "https://www.woolworths.com.au/shop/productdetails/88702/heinz-strained-food-4-months-100-pear-banana",
        "imgName": "088702.jpg",
        "imgSrc": "https://cdn0.woolworths.media/content/wowproductimages/medium/088702.jpg",
        "name": "Heinz Strained Food 4 Months 100% Pear & Banana 110g",
        "price": 1,
        "unitPrice": "$0.91 / 100G"
    },
    {
        "category": "specials",
        "href": "https://www.woolworths.com.au/shop/productdetails/380418/maybelline-ny-lip-colour-renovation-perpetual-plum",
        "imgName": "380418.jpg",
        "imgSrc": "https://cdn0.woolworths.media/content/wowproductimages/medium/380418.jpg",
        "name": "Maybelline Ny Lip Colour Renovation Perpetual Plum 1.8ml",
        "price": 22.95,
        "special": 16
    },
    {
        "category": "specials",
        "href": "https://www.woolworths.com.au/shop/productdetails/196948/wokka-noodles-singapore-style-shelf-fresh",
        "imgName": "196948.jpg",
        "imgSrc": "https://cdn0.woolworths.media/content/wowproductimages/medium/196948.jpg",
        "name": "Wokka Noodles Singapore Style Shelf Fresh 440g",
        "price": 2.7,
        "unitPrice": "$0.61 / 100G"
    },
    {
        "category": "specials",
        "href": "https://www.woolworths.com.au/shop/productdetails/476728/mud-cosmetics-eyeshadow-palette-nudes",
        "imgName": "476728.jpg",
        "imgSrc": "https://cdn0.woolworths.media/content/wowproductimages/medium/476728.jpg",
        "name": "Mud Cosmetics Eyeshadow Palette Nudes 72",
        "price": 11.5,
        "unitPrice": "$11.50 / 1EA"
    },
    {
        "category": "specials",
        "href": "https://www.woolworths.com.au/shop/productdetails/733630/gravox-gravy-liquid-best-ever-bbq-chook-gravy",
        "imgName": "733630.jpg",
        "imgSrc": "https://cdn0.woolworths.media/content/wowproductimages/medium/733630.jpg",
        "name": "Gravox Gravy Liquid Best Ever Bbq Chook Gravy 165g",
        "price": 2,
        "unitPrice": "$1.21 / 100G"
    },
    {
        "category": "specials",
        "href": "https://www.woolworths.com.au/shop/productdetails/754183/woolworths-australian-baby-peas",
        "imgName": "754183.jpg",
        "imgSrc": "https://cdn0.woolworths.media/content/wowproductimages/medium/754183.jpg",
        "name": "Woolworths Australian Baby Peas 500g",
        "price": 1.7,
        "unitPrice": "$3.40 / 1KG"
    },
    {
        "category": "specials",
        "href": "https://www.woolworths.com.au/shop/productdetails/364294/white-wings-cake-mix-milk-chocolate",
        "imgName": "364294.jpg",
        "imgSrc": "https://cdn0.woolworths.media/content/wowproductimages/medium/364294.jpg",
        "name": "White Wings Cake Mix Milk Chocolate 530g",
        "price": 4,
        "unitPrice": "$0.75 / 100G"
    },
    {
        "category": "specials",
        "href": "https://www.woolworths.com.au/shop/productdetails/490105/greens-cake-mix-caramel-mud",
        "imgName": "490105.jpg",
        "imgSrc": "https://cdn0.woolworths.media/content/wowproductimages/medium/490105.jpg",
        "name": "Greens Cake Mix Caramel Mud 600g",
        "price": 4,
        "special": 3,
        "unitPrice": "$0.50 / 100G"
    },
    {
        "category": "specials",
        "href": "https://www.woolworths.com.au/shop/productdetails/794843/cadbury-dairy-milk-freddo-faces-bites",
        "imgName": "794843.jpg",
        "imgSrc": "https://cdn0.woolworths.media/content/wowproductimages/medium/794843.jpg",
        "name": "Cadbury Dairy Milk Freddo Faces Bites 150g bag",
        "price": 3,
        "unitPrice": "$2.00 / 100G"
    },
    {
        "category": "specials",
        "href": "https://www.woolworths.com.au/shop/productdetails/775721/san-marino-outdoor-bred-leg-ham",
        "imgName": "775721.jpg",
        "imgSrc": "https://cdn0.woolworths.media/content/wowproductimages/medium/775721.jpg",
        "name": "San Marino Outdoor Bred Leg Ham 100g",
        "price": 5.99,
        "special": 5,
        "unitPrice": "$50.00 / 1KG"
    },
    {
        "category": "specials",
        "href": "https://www.woolworths.com.au/shop/productdetails/888619/woolworths-kids-sunscreen-spf-50-spray",
        "imgName": "888619.jpg",
        "imgSrc": "https://cdn0.woolworths.media/content/wowproductimages/medium/888619.jpg",
        "name": "Woolworths Kids Sunscreen Spf 50+ Spray 175g",
        "price": 7.5,
        "unitPrice": "$4.29 / 100G"
    },
    {
        "category": "specials",
        "href": "https://www.woolworths.com.au/shop/productdetails/95319/woolworths-grill-tray",
        "imgName": "095319.jpg",
        "imgSrc": "https://cdn0.woolworths.media/content/wowproductimages/medium/095319.jpg",
        "name": "Woolworths Grill Tray 2pk",
        "price": 4,
        "special": 3,
        "unitPrice": "$1.50 / 1EA"
    },
    {
        "category": "specials",
        "href": "https://www.woolworths.com.au/shop/productdetails/96235/golden-circle-beetroot-baby-whole",
        "imgName": "096235.jpg",
        "imgSrc": "https://cdn0.woolworths.media/content/wowproductimages/medium/096235.jpg",
        "name": "Golden Circle Beetroot Baby Whole 450g",
        "price": 2,
        "unitPrice": "$4.44 / 1KG"
    },
    {
        "category": "specials",
        "href": "https://www.woolworths.com.au/shop/productdetails/197463/arnott-s-cruskits-rye",
        "imgName": "197463.jpg",
        "imgSrc": "https://cdn0.woolworths.media/content/wowproductimages/medium/197463.jpg",
        "name": "Arnott's Cruskits Rye 125g",
        "price": 3,
        "unitPrice": "$2.40 / 100G"
    },
    {
        "category": "specials",
        "href": "https://www.woolworths.com.au/shop/productdetails/225304/saxbys-diet-ginger-beer",
        "imgName": "225304.jpg",
        "imgSrc": "https://cdn0.woolworths.media/content/wowproductimages/medium/225304.jpg",
        "name": "Saxbys Diet Ginger Beer  4x375ml",
        "price": 5.5,
        "special": 4.6,
        "unitPrice": "$3.07 / 1L"
    },
    {
        "category": "specials",
        "href": "https://www.woolworths.com.au/shop/productdetails/524417/energizer-micro-usb-1-2m-cable-premium-nylon-braiding",
        "imgName": "524417.jpg",
        "imgSrc": "https://cdn0.woolworths.media/content/wowproductimages/medium/524417.jpg",
        "name": "Energizer Micro Usb 1.2m Cable Premium Nylon Braiding each",
        "price": 15,
        "special": 13.5
    },
    {
        "category": "specials",
        "href": "https://www.woolworths.com.au/shop/productdetails/766002/mess-hair-styling-fibre",
        "imgName": "766002.jpg",
        "imgSrc": "https://cdn0.woolworths.media/content/wowproductimages/medium/766002.jpg",
        "name": "Mess Hair Styling Fibre 85g",
        "price": 8,
        "special": 6.8,
        "unitPrice": "$8.00 / 100G"
    },
    {
        "category": "specials",
        "href": "https://www.woolworths.com.au/shop/productdetails/939336/smooze-simply-coconut",
        "imgName": "939336.jpg",
        "imgSrc": "https://cdn0.woolworths.media/content/wowproductimages/medium/939336.jpg",
        "name": "Smooze Simply Coconut  8x65ml",
        "price": 6,
        "unitPrice": "$1.15 / 100ML"
    },
    {
        "category": "specials",
        "href": "https://www.woolworths.com.au/shop/productdetails/567559/garnier-bb-cream-sheer",
        "imgName": "567559.jpg",
        "imgSrc": "https://cdn0.woolworths.media/content/wowproductimages/medium/567559.jpg",
        "name": "Garnier Bb Cream Sheer 50ml",
        "price": 16,
        "special": 11.2,
        "unitPrice": "$22.40 / 100ML"
    },
    {
        "category": "specials",
        "href": "https://www.woolworths.com.au/shop/productdetails/30433/stingose-antiseptic-gel-tube",
        "imgName": "030433.jpg",
        "imgSrc": "https://cdn0.woolworths.media/content/wowproductimages/medium/030433.jpg",
        "name": "Stingose Antiseptic Gel Tube 25g"
    },
    {
        "category": "specials",
        "href": "https://www.woolworths.com.au/shop/productdetails/95243/scotts-pies-meat",
        "imgName": "095243.jpg",
        "imgSrc": "https://cdn0.woolworths.media/content/wowproductimages/medium/095243.jpg",
        "name": "Scotts Pies Meat 6pk 900g",
        "price": 6,
        "unitPrice": "$0.67 / 100G"
    },
    {
        "category": "specials",
        "href": "https://www.woolworths.com.au/shop/productdetails/229794/multix-kitchen-tidy-bags",
        "imgName": "229794.jpg",
        "imgSrc": "https://cdn0.woolworths.media/content/wowproductimages/medium/229794.jpg",
        "name": "Multix Kitchen Tidy Bags  30pk",
        "price": 3.8,
        "unitPrice": "$0.13 / 1EA"
    },
    {
        "category": "specials",
        "href": "https://www.woolworths.com.au/shop/productdetails/231545/jols-sugar-free-pastilles-three-fruits",
        "imgName": "231545.jpg",
        "imgSrc": "https://cdn0.woolworths.media/content/wowproductimages/medium/231545.jpg",
        "name": "Jols Sugar Free Pastilles Three Fruits 25g",
        "price": 1.5,
        "unitPrice": "$6.00 / 100G"
    },
    {
        "category": "specials",
        "href": "https://www.woolworths.com.au/shop/productdetails/757294/bed-head-wax-leave-in-ego-boost",
        "imgName": "757294.jpg",
        "imgSrc": "https://cdn0.woolworths.media/content/wowproductimages/medium/757294.jpg",
        "name": "Bed Head Wax Leave In Ego Boost 200ml",
        "price": 21,
        "unitPrice": "$10.50 / 100ML"
    },
    {
        "category": "specials",
        "href": "https://www.woolworths.com.au/shop/productdetails/757283/bed-head-gel-afterparty",
        "imgName": "757283.jpg",
        "imgSrc": "https://cdn0.woolworths.media/content/wowproductimages/medium/757283.jpg",
        "name": "Bed Head Gel Afterparty 100ml",
        "price": 22,
        "unitPrice": "$22.00 / 100ML"
    },
    {
        "category": "specials",
        "href": "https://www.woolworths.com.au/shop/productdetails/757912/cadbury-dairy-milk-chocolate-fruit-nut",
        "imgName": "757912.jpg",
        "imgSrc": "https://cdn0.woolworths.media/content/wowproductimages/medium/757912.jpg",
        "name": "Cadbury Dairy Milk Chocolate Fruit & Nut 350g block",
        "price": 5,
        "unitPrice": "$1.43 / 100G"
    },
    {
        "category": "specials",
        "href": "https://www.woolworths.com.au/shop/productdetails/513370/d-orsogna-tasty-sticks-peri-peri",
        "imgName": "513370.jpg",
        "imgSrc": "https://cdn0.woolworths.media/content/wowproductimages/medium/513370.jpg",
        "name": "D'orsogna Tasty Sticks Peri Peri per kg",
        "price": 20,
        "special": 15,
        "unitPrice": "$15.00 / 1KG"
    },
    {
        "category": "specials",
        "href": "https://www.woolworths.com.au/shop/productdetails/380444/maybelline-fit-me-foundation-liquid-classic-ivory",
        "imgName": "380444.jpg",
        "imgSrc": "https://cdn0.woolworths.media/content/wowproductimages/medium/380444.jpg",
        "name": "Maybelline Fit Me Foundation Liquid Classic Ivory 30ml",
        "price": 19.95,
        "special": 13.95,
        "unitPrice": "$4.65 / 10ML"
    },
    {
        "category": "specials",
        "href": "https://www.woolworths.com.au/shop/productdetails/694762/woolworths-swiss-light-cheese-slices",
        "imgName": "694762.jpg",
        "imgSrc": "https://cdn0.woolworths.media/content/wowproductimages/medium/694762.jpg",
        "name": "Woolworths Swiss Light Cheese Slices 200g",
        "price": 4.5,
        "unitPrice": "$22.50 / 1KG"
    },
    {
        "category": "specials",
        "href": "https://www.woolworths.com.au/shop/productdetails/732197/always-fresh-artichoke-hearts",
        "imgName": "732197.jpg",
        "imgSrc": "https://cdn0.woolworths.media/content/wowproductimages/medium/732197.jpg",
        "name": "Always Fresh Artichoke Hearts 400g",
        "price": 4,
        "special": 3.5,
        "unitPrice": "$8.75 / 1KG"
    },
    {
        "category": "specials",
        "href": "https://www.woolworths.com.au/shop/productdetails/757526/gravox-finishing-sauce-white-sauce-smooth-creamy",
        "imgName": "757526.jpg",
        "imgSrc": "https://cdn0.woolworths.media/content/wowproductimages/medium/757526.jpg",
        "name": "Gravox Finishing Sauce White Sauce Smooth & Creamy 29g",
        "price": 1,
        "special": 0.9,
        "unitPrice": "$0.31 / 10G"
    },
    {
        "category": "specials",
        "href": "https://www.woolworths.com.au/shop/productdetails/784857/maggi-best-ever-beef-burgers-recipe-base",
        "imgName": "784857.jpg",
        "imgSrc": "https://cdn0.woolworths.media/content/wowproductimages/medium/784857.jpg",
        "name": "Maggi Best Ever Beef Burgers Recipe Base 30g",
        "price": 1.75,
        "special": 1.5,
        "unitPrice": "$5.00 / 100G"
    },
    {
        "category": "specials",
        "href": "https://www.woolworths.com.au/shop/productdetails/20747/lindt-lindor-chocolate-block-milk",
        "imgName": "020747.jpg",
        "imgSrc": "https://cdn0.woolworths.media/content/wowproductimages/medium/020747.jpg",
        "name": "Lindt Lindor Chocolate Block Milk 100g block",
        "price": 4.25,
        "special": 2.12,
        "unitPrice": "$2.12 / 100G"
    },
    {
        "category": "specials",
        "href": "https://www.woolworths.com.au/shop/productdetails/780717/woolworths-creamed-cottage-cheese",
        "imgName": "780717.jpg",
        "imgSrc": "https://cdn0.woolworths.media/content/wowproductimages/medium/780717.jpg",
        "name": "Woolworths Creamed Cottage Cheese 500g",
        "price": 2.9,
        "unitPrice": "$5.80 / 1KG"
    },
    {
        "category": "specials",
        "href": "https://www.woolworths.com.au/shop/productdetails/3625/cadbury-curly-wurly",
        "imgName": "003625.jpg",
        "imgSrc": "https://cdn0.woolworths.media/content/wowproductimages/medium/003625.jpg",
        "name": "Cadbury Curly Wurly  26g bar",
        "price": 0.75,
        "unitPrice": "$2.88 / 100G"
    },
    {
        "category": "specials",
        "href": "https://www.woolworths.com.au/shop/productdetails/23625/my-dog-adult-dog-food-country-lamb-liver",
        "imgName": "023625.jpg",
        "imgSrc": "https://cdn0.woolworths.media/content/wowproductimages/medium/023625.jpg",
        "name": "My Dog Adult Dog Food Country Lamb & Liver 400g",
        "price": 2.1,
        "special": 1.8,
        "unitPrice": "$0.45 / 100G"
    },
    {
        "category": "specials",
        "href": "https://www.woolworths.com.au/shop/productdetails/48084/bega-tasty-cheese",
        "imgName": "048084.jpg",
        "imgSrc": "https://cdn0.woolworths.media/content/wowproductimages/medium/048084.jpg",
        "name": "Bega Tasty Cheese 1kg",
        "price": 11,
        "unitPrice": "$11.00 / 1KG"
    },
    {
        "category": "specials",
        "href": "https://www.woolworths.com.au/shop/productdetails/2108/vittoria-coffee-italian-ground-coffee-italian-blend",
        "imgName": "002108.jpg",
        "imgSrc": "https://cdn0.woolworths.media/content/wowproductimages/medium/002108.jpg",
        "name": "Vittoria Coffee Italian Ground Coffee Italian Blend 1kg",
        "price": 19,
        "special": 15,
        "unitPrice": "$1.50 / 100G"
    },
    {
        "category": "specials",
        "href": "https://www.woolworths.com.au/shop/productdetails/46238/palmolive-naturals-merry-strawberry-3-in-1-kids-shampoo-conditioner-body-wash",
        "imgName": "046238.jpg",
        "imgSrc": "https://cdn0.woolworths.media/content/wowproductimages/medium/046238.jpg",
        "name": "Palmolive Naturals Merry Strawberry 3 In 1 Kids Shampoo Conditioner & Body Wash 700ml",
        "price": 7,
        "unitPrice": "$1.00 / 100ML"
    },
    {
        "category": "specials",
        "href": "https://www.woolworths.com.au/shop/productdetails/29734/oasis-ground-coffee-greek-style",
        "imgName": "029734.jpg",
        "imgSrc": "https://cdn0.woolworths.media/content/wowproductimages/medium/029734.jpg",
        "name": "Oasis Ground Coffee Greek Style 200g",
        "price": 4.5,
        "special": 3.75,
        "unitPrice": "$1.88 / 100G"
    },
    {
        "category": "specials",
        "href": "https://www.woolworths.com.au/shop/productdetails/31203/amolin-nappy-cream",
        "imgName": "031203.jpg",
        "imgSrc": "https://cdn0.woolworths.media/content/wowproductimages/medium/031203.jpg",
        "name": "Amolin Nappy Cream  100g",
        "price": 5.8,
        "unitPrice": "$5.80 / 100G"
    },
    {
        "category": "specials",
        "href": "https://www.woolworths.com.au/shop/productdetails/36010/arnott-s-milk-coffee",
        "imgName": "036010.jpg",
        "imgSrc": "https://cdn0.woolworths.media/content/wowproductimages/medium/036010.jpg",
        "name": "Arnott's Milk Coffee  250g",
        "price": 2,
        "special": 1.8,
        "unitPrice": "$0.72 / 100G"
    },
    {
        "category": "specials",
        "href": "https://www.woolworths.com.au/shop/productdetails/32749/golden-circle-pine-orange-fruit-drink",
        "imgName": "032749.jpg",
        "imgSrc": "https://cdn0.woolworths.media/content/wowproductimages/medium/032749.jpg",
        "name": "Golden Circle Pine Orange Fruit Drink 1l",
        "price": 2.25,
        "special": 1.1,
        "unitPrice": "$1.10 / 1L"
    },
    {
        "category": "specials",
        "href": "https://www.woolworths.com.au/shop/productdetails/36653/sellotape-sticky-tape-abs-dispenser-18mmx25m",
        "imgName": "036653.jpg",
        "imgSrc": "https://cdn0.woolworths.media/content/wowproductimages/medium/036653.jpg",
        "name": "Sellotape Sticky Tape Abs Dispenser 18mmx25m each",
        "price": 3.5,
        "special": 3
    },
    {
        "category": "specials",
        "href": "https://www.woolworths.com.au/shop/productdetails/53869/fountain-hot-chilli-sauce",
        "imgName": "053869.jpg",
        "imgSrc": "https://cdn0.woolworths.media/content/wowproductimages/medium/053869.jpg",
        "name": "Fountain Hot Chilli Sauce  250ml",
        "price": 2.7,
        "special": 2.2,
        "unitPrice": "$0.88 / 100ML"
    },
    {
        "category": "specials",
        "href": "https://www.woolworths.com.au/shop/productdetails/73629/energizer-max-aaa-batteries",
        "imgName": "073629.jpg",
        "imgSrc": "https://cdn0.woolworths.media/content/wowproductimages/medium/073629.jpg",
        "name": "Energizer Max Aaa Batteries  4pk",
        "price": 5.5,
        "unitPrice": "$1.38 / 1EA"
    },
    {
        "category": "specials",
        "href": "https://www.woolworths.com.au/shop/productdetails/70273/l-oreal-excellence-cr-me-5-0-brown",
        "imgName": "070273.jpg",
        "imgSrc": "https://cdn0.woolworths.media/content/wowproductimages/medium/070273.jpg",
        "name": "L'oreal Excellence Cr\u00e8me 5.0 Brown 1pk",
        "price": 17.5,
        "special": 12
    },
    {
        "category": "specials",
        "href": "https://www.woolworths.com.au/shop/productdetails/121516/sunrice-rice-cakes-original-rice-cakes",
        "imgName": "121516.jpg",
        "imgSrc": "https://cdn0.woolworths.media/content/wowproductimages/medium/121516.jpg",
        "name": "Sunrice Rice Cakes Original Rice Cakes 150g",
        "price": 2,
        "special": 1.9,
        "unitPrice": "$1.27 / 100G"
    },
    {
        "category": "specials",
        "href": "https://www.woolworths.com.au/shop/productdetails/66106/primo-bacon-short-cut-rindless",
        "imgName": "066106.jpg",
        "imgSrc": "https://cdn0.woolworths.media/content/wowproductimages/medium/066106.jpg",
        "name": "Primo Bacon Short Cut Rindless 175g",
        "price": 5,
        "unitPrice": "$28.57 / 1KG"
    },
    {
        "category": "specials",
        "href": "https://www.woolworths.com.au/shop/productdetails/97828/arnott-s-rice-cookies",
        "imgName": "097828.jpg",
        "imgSrc": "https://cdn0.woolworths.media/content/wowproductimages/medium/097828.jpg",
        "name": "Arnott's Rice Cookies  200g",
        "price": 2.85,
        "special": 2.5,
        "unitPrice": "$1.25 / 100G"
    },
    {
        "category": "specials",
        "href": "https://www.woolworths.com.au/shop/productdetails/94348/san-remo-penne-pasta-no-18",
        "imgName": "094348.jpg",
        "imgSrc": "https://cdn0.woolworths.media/content/wowproductimages/medium/094348.jpg",
        "name": "San Remo Penne Pasta No 18 750g",
        "price": 2.9,
        "unitPrice": "$0.39 / 100G"
    },
    {
        "category": "specials",
        "href": "https://www.woolworths.com.au/shop/productdetails/245394/woolworths-peach-in-mango-flavoured-jelly",
        "imgName": "245394.jpg",
        "imgSrc": "https://cdn0.woolworths.media/content/wowproductimages/medium/245394.jpg",
        "name": "Woolworths Peach In Mango Flavoured Jelly 4x120g",
        "price": 2.5,
        "unitPrice": "$5.21 / 1KG"
    },
    {
        "category": "specials",
        "href": "https://www.woolworths.com.au/shop/productdetails/175901/fountain-tomato-sauce",
        "imgName": "175901.jpg",
        "imgSrc": "https://cdn0.woolworths.media/content/wowproductimages/medium/175901.jpg",
        "name": "Fountain Tomato Sauce  2l",
        "price": 6,
        "special": 5.4,
        "unitPrice": "$0.27 / 100ML"
    },
    {
        "category": "specials",
        "href": "https://www.woolworths.com.au/shop/productdetails/261618/sakata-rice-crackers-wholegrain-original",
        "imgName": "261618.jpg",
        "imgSrc": "https://cdn0.woolworths.media/content/wowproductimages/medium/261618.jpg",
        "name": "Sakata Rice Crackers Wholegrain Original 90g",
        "price": 2.3,
        "special": 2,
        "unitPrice": "$2.22 / 100G"
    },
    {
        "category": "specials",
        "href": "https://www.woolworths.com.au/shop/productdetails/233147/cenovis-mega-b",
        "imgName": "233147.jpg",
        "imgSrc": "https://cdn0.woolworths.media/content/wowproductimages/medium/233147.jpg",
        "name": "Cenovis Mega B  200",
        "price": 15,
        "unitPrice": "$7.50 / 100EA"
    },
    {
        "category": "specials",
        "href": "https://www.woolworths.com.au/shop/productdetails/194854/jols-sugar-free-pastilles-forest-berries",
        "imgName": "194854.jpg",
        "imgSrc": "https://cdn0.woolworths.media/content/wowproductimages/medium/194854.jpg",
        "name": "Jols Sugar Free Pastilles Forest Berries 25g",
        "price": 1.5,
        "unitPrice": "$6.00 / 100G"
    },
    {
        "category": "specials",
        "href": "https://www.woolworths.com.au/shop/productdetails/205897/olay-regenerist-face-cream-day-uv-protection",
        "imgName": "205897.jpg",
        "imgSrc": "https://cdn0.woolworths.media/content/wowproductimages/medium/205897.jpg",
        "name": "Olay Regenerist Face Cream Day Uv Protection 75ml",
        "price": 33.5,
        "special": 16.75,
        "unitPrice": "$22.33 / 100ML"
    },
    {
        "category": "specials",
        "href": "https://www.woolworths.com.au/shop/productdetails/201876/dominate-hair-wax-super-hold",
        "imgName": "201876.jpg",
        "imgSrc": "https://cdn0.woolworths.media/content/wowproductimages/medium/201876.jpg",
        "name": "Dominate Hair Wax Super Hold 85g",
        "price": 10,
        "special": 8,
        "unitPrice": "$9.41 / 100G"
    },
    {
        "category": "specials",
        "href": "https://www.woolworths.com.au/shop/productdetails/329161/maybelline-colossal-volume-mascara-express-classic-black",
        "imgName": "329161.jpg",
        "imgSrc": "https://cdn0.woolworths.media/content/wowproductimages/medium/329161.jpg",
        "name": "Maybelline Colossal Volume Mascara Express Classic Black 9.2ml",
        "price": 20,
        "special": 14,
        "unitPrice": "$15.22 / 10ML"
    },
    {
        "category": "specials",
        "href": "https://www.woolworths.com.au/shop/productdetails/283174/bonds-womens-socks-logo-low-cut-size-8-11",
        "imgName": "283174.jpg",
        "imgSrc": "https://cdn0.woolworths.media/content/wowproductimages/medium/283174.jpg",
        "name": "Bonds Womens Socks Logo Low Cut Size 8-11 3pk",
        "price": 14,
        "special": 7,
        "unitPrice": "$2.33 / 1EA"
    },
    {
        "category": "specials",
        "href": "https://www.woolworths.com.au/shop/productdetails/262841/gatorade-fierce-grape-sports-drink",
        "imgName": "262841.jpg",
        "imgSrc": "https://cdn0.woolworths.media/content/wowproductimages/medium/262841.jpg",
        "name": "Gatorade Fierce Grape Sports Drink 600ml",
        "price": 3.65,
        "special": 2.15,
        "unitPrice": "$3.58 / 1L"
    },
    {
        "category": "specials",
        "href": "https://www.woolworths.com.au/shop/productdetails/308940/edenvale-non-alcoholic-wine-shiraz",
        "imgName": "308940.jpg",
        "imgSrc": "https://cdn0.woolworths.media/content/wowproductimages/medium/308940.jpg",
        "name": "Edenvale Non Alcoholic Wine Shiraz 750ml",
        "price": 9.5,
        "special": 8,
        "unitPrice": "$10.67 / 1L"
    },
    {
        "category": "specials",
        "href": "https://www.woolworths.com.au/shop/productdetails/257302/woolworths-select-vinegar-balsamic-1-leaf",
        "imgName": "257302.jpg",
        "imgSrc": "https://cdn0.woolworths.media/content/wowproductimages/medium/257302.jpg",
        "name": "Woolworths Select Vinegar Balsamic 1 Leaf 250ml",
        "price": 2.4,
        "special": 2,
        "unitPrice": "$0.80 / 100ML"
    },
    {
        "category": "specials",
        "href": "https://www.woolworths.com.au/shop/productdetails/258877/pantene-pro-v-always-smooth-shampoo",
        "imgName": "258877.jpg",
        "imgSrc": "https://cdn0.woolworths.media/content/wowproductimages/medium/258877.jpg",
        "name": "Pantene Pro-v Always Smooth Shampoo 350ml",
        "price": 4.5,
        "unitPrice": "$1.29 / 100ML"
    },
    {
        "category": "specials",
        "href": "https://www.woolworths.com.au/shop/productdetails/295648/woolworths-select-regular-whipped-cream",
        "imgName": "295648.jpg",
        "imgSrc": "https://cdn0.woolworths.media/content/wowproductimages/medium/295648.jpg",
        "name": "Woolworths Select Regular Whipped Cream 250g",
        "price": 4,
        "unitPrice": "$1.60 / 100G"
    },
    {
        "category": "specials",
        "href": "https://www.woolworths.com.au/shop/productdetails/297046/clio-invisible-band-knee-high-black-one-size",
        "imgName": "297046.jpg",
        "imgSrc": "https://cdn0.woolworths.media/content/wowproductimages/medium/297046.jpg",
        "name": "Clio Invisible Band Knee High Black One Size each",
        "price": 5,
        "special": 3.5
    },
    {
        "category": "specials",
        "href": "https://www.woolworths.com.au/shop/productdetails/312179/yoplait-petit-miam-fruit-salad",
        "imgName": "312179.jpg",
        "imgSrc": "https://cdn0.woolworths.media/content/wowproductimages/medium/312179.jpg",
        "name": "Yoplait Petit Miam Fruit Salad 70g",
        "price": 1,
        "unitPrice": "$1.43 / 100G"
    },
    {
        "category": "specials",
        "href": "https://www.woolworths.com.au/shop/productdetails/371482/home-collection-cutlery-steak-knife-set",
        "imgName": "371482.jpg",
        "imgSrc": "https://cdn0.woolworths.media/content/wowproductimages/medium/371482.jpg",
        "name": "Home Collection Cutlery Steak Knife Set 6pk",
        "price": 10
    },
    {
        "category": "specials",
        "href": "https://www.woolworths.com.au/shop/productdetails/247189/moxie-tampons-regular",
        "imgName": "247189.jpg",
        "imgSrc": "https://cdn0.woolworths.media/content/wowproductimages/medium/247189.jpg",
        "name": "Moxie Tampons Regular 16pk",
        "price": 4.5,
        "unitPrice": "$0.28 / 1EA"
    },
    {
        "category": "specials",
        "href": "https://www.woolworths.com.au/shop/productdetails/188643/nestle-plaistowe-cooking-chocolate-extra-creamy-premium-white",
        "imgName": "188643.jpg",
        "imgSrc": "https://cdn0.woolworths.media/content/wowproductimages/medium/188643.jpg",
        "name": "Nestle Plaistowe Cooking Chocolate Extra Creamy Premium White 180g",
        "price": 4,
        "special": 3,
        "unitPrice": "$1.67 / 100G"
    },
    {
        "category": "specials",
        "href": "https://www.woolworths.com.au/shop/productdetails/283364/bonds-womens-underwear-hipster-bikini-size-8",
        "imgName": "283364.jpg",
        "imgSrc": "https://cdn0.woolworths.media/content/wowproductimages/medium/283364.jpg",
        "name": "Bonds Womens Underwear Hipster Bikini Size 8 2pk",
        "price": 18,
        "special": 9
    },
    {
        "category": "specials",
        "href": "https://www.woolworths.com.au/shop/productdetails/272697/republica-organic-coffee-ground-timor-espresso",
        "imgName": "272697.jpg",
        "imgSrc": "https://cdn0.woolworths.media/content/wowproductimages/medium/272697.jpg",
        "name": "Republica Organic Coffee Ground Timor Espresso 200g",
        "price": 9,
        "special": 7,
        "unitPrice": "$3.50 / 100G"
    },
    {
        "category": "specials",
        "href": "https://www.woolworths.com.au/shop/productdetails/305390/woolworths-select-cling-wrap",
        "imgName": "305390.jpg",
        "imgSrc": "https://cdn0.woolworths.media/content/wowproductimages/medium/305390.jpg",
        "name": "Woolworths Select Cling Wrap  33cmx60m",
        "price": 3,
        "unitPrice": "$0.05 / 1M"
    },
    {
        "category": "specials",
        "href": "https://www.woolworths.com.au/shop/productdetails/322001/huggies-baby-wipes-fragrance-free",
        "imgName": "322001.jpg",
        "imgSrc": "https://cdn0.woolworths.media/content/wowproductimages/medium/322001.jpg",
        "name": "Huggies Baby Wipes Fragrance Free 384pk",
        "price": 16,
        "unitPrice": "$4.17 / 100EA"
    },
    {
        "category": "specials",
        "href": "https://www.woolworths.com.au/shop/productdetails/251928/fancy-feast-adult-cat-food-beef-salmon-cheese",
        "imgName": "251928.jpg",
        "imgSrc": "https://cdn0.woolworths.media/content/wowproductimages/medium/251928.jpg",
        "name": "Fancy Feast Adult Cat Food Beef Salmon & Cheese 450g",
        "price": 5,
        "special": 4.5,
        "unitPrice": "$1.00 / 100G"
    },
    {
        "category": "specials",
        "href": "https://www.woolworths.com.au/shop/productdetails/247444/weight-watchers-bowl-cottage-pie",
        "imgName": "247444.jpg",
        "imgSrc": "https://cdn0.woolworths.media/content/wowproductimages/medium/247444.jpg",
        "name": "Weight Watchers Bowl Cottage Pie 320g",
        "price": 4,
        "unitPrice": "$1.25 / 100G"
    },
    {
        "category": "specials",
        "href": "https://www.woolworths.com.au/shop/productdetails/330839/peters-light-creamy-french-vanilla-ice-cream",
        "imgName": "330839.jpg",
        "imgSrc": "https://cdn0.woolworths.media/content/wowproductimages/medium/330839.jpg",
        "name": "Peters Light & Creamy French Vanilla Ice Cream 1.8l",
        "price": 5,
        "unitPrice": "$0.28 / 100ML"
    },
    {
        "category": "specials",
        "href": "https://www.woolworths.com.au/shop/productdetails/460972/cenovis-celery-2500",
        "imgName": "460972.jpg",
        "imgSrc": "https://cdn0.woolworths.media/content/wowproductimages/medium/460972.jpg",
        "name": "Cenovis Celery 2500  80 capsules",
        "price": 13.5,
        "unitPrice": "$16.88 / 100EA"
    },
    {
        "category": "specials",
        "href": "https://www.woolworths.com.au/shop/productdetails/346695/me-men-little-miss-air-freshener-assorted-fragrances",
        "imgName": "346695.jpg",
        "imgSrc": "https://cdn0.woolworths.media/content/wowproductimages/medium/346695.jpg",
        "name": "Me Men & Little Miss Air Freshener Assorted Fragrances each",
        "price": 2.99,
        "special": 2.7
    },
    {
        "category": "specials",
        "href": "https://www.woolworths.com.au/shop/productdetails/582827/lindt-lindor-mango-cream",
        "imgName": "582827.jpg",
        "imgSrc": "https://cdn0.woolworths.media/content/wowproductimages/medium/582827.jpg",
        "name": "Lindt Lindor Mango & Cream  123g",
        "price": 7,
        "special": 6,
        "unitPrice": "$4.88 / 100G"
    },
    {
        "category": "specials",
        "href": "https://www.woolworths.com.au/shop/productdetails/452191/maggi-beef-bourguignon-recipe-base",
        "imgName": "452191.jpg",
        "imgSrc": "https://cdn0.woolworths.media/content/wowproductimages/medium/452191.jpg",
        "name": "Maggi Beef Bourguignon Recipe Base 33g",
        "price": 1.75,
        "unitPrice": "$5.30 / 100G"
    },
    {
        "category": "specials",
        "href": "https://www.woolworths.com.au/shop/productdetails/629525/olay-regen-mirco-sculpt-cream",
        "imgName": "629525.jpg",
        "imgSrc": "https://cdn0.woolworths.media/content/wowproductimages/medium/629525.jpg",
        "name": "Olay Regen Mirco Sculpt Cream 50g",
        "price": 49,
        "special": 24.5,
        "unitPrice": "$49.00 / 100G"
    },
    {
        "category": "specials",
        "href": "https://www.woolworths.com.au/shop/productdetails/447240/the-food-company-crushed-roast-garlic",
        "imgName": "447240.jpg",
        "imgSrc": "https://cdn0.woolworths.media/content/wowproductimages/medium/447240.jpg",
        "name": "The Food Company Crushed Roast Garlic  250g",
        "price": 4.99,
        "special": 4,
        "unitPrice": "$0.16 / 10G"
    },
    {
        "category": "specials",
        "href": "https://www.woolworths.com.au/shop/productdetails/450822/leggo-s-pasta-sauce-napoletana",
        "imgName": "450822.jpg",
        "imgSrc": "https://cdn0.woolworths.media/content/wowproductimages/medium/450822.jpg",
        "name": "Leggo's Pasta Sauce Napoletana 500g",
        "price": 3,
        "special": 2.7,
        "unitPrice": "$0.54 / 100G"
    },
    {
        "category": "specials",
        "href": "https://www.woolworths.com.au/shop/productdetails/446476/maggi-devilled-sausages-recipe-base",
        "imgName": "446476.jpg",
        "imgSrc": "https://cdn0.woolworths.media/content/wowproductimages/medium/446476.jpg",
        "name": "Maggi Devilled Sausages Recipe Base 37g",
        "price": 1.75,
        "unitPrice": "$4.73 / 100G"
    },
    {
        "category": "specials",
        "href": "https://www.woolworths.com.au/shop/productdetails/483609/grinders-caffitaly-coffee-capsules-double-espresso",
        "imgName": "483609.jpg",
        "imgSrc": "https://cdn0.woolworths.media/content/wowproductimages/medium/483609.jpg",
        "name": "Grinders Caffitaly Coffee Capsules Double Espresso 10pk",
        "price": 5.5,
        "unitPrice": "$6.88 / 100G"
    },
    {
        "category": "specials",
        "href": "https://www.woolworths.com.au/shop/productdetails/485731/essano-conditioner-soothing-keratin-complex",
        "imgName": "485731.jpg",
        "imgSrc": "https://cdn0.woolworths.media/content/wowproductimages/medium/485731.jpg",
        "name": "Essano Conditioner Soothing Keratin Complex 300ml",
        "price": 16,
        "special": 13,
        "unitPrice": "$4.33 / 100ML"
    },
    {
        "category": "specials",
        "href": "https://www.woolworths.com.au/shop/productdetails/369455/mccain-healthy-choice-chinese-chicken-cashew",
        "imgName": "369455.jpg",
        "imgSrc": "https://cdn0.woolworths.media/content/wowproductimages/medium/369455.jpg",
        "name": "Mccain Healthy Choice Chinese Chicken Cashew 280g",
        "price": 4,
        "unitPrice": "$1.43 / 100G"
    },
    {
        "category": "specials",
        "href": "https://www.woolworths.com.au/shop/productdetails/370532/colgate-360-optic-white-sonic-power-toothbrush-medium",
        "imgName": "370532.jpg",
        "imgSrc": "https://cdn0.woolworths.media/content/wowproductimages/medium/370532.jpg",
        "name": "Colgate 360 Optic White Sonic Power Toothbrush Medium each",
        "price": 9,
        "special": 7,
        "unitPrice": "$7.00 / 1EA"
    },
    {
        "category": "specials",
        "href": "https://www.woolworths.com.au/shop/productdetails/321467/nicabate-minis-quit-smoking-lozenges-4mg",
        "imgName": "321467.jpg",
        "imgSrc": "https://cdn0.woolworths.media/content/wowproductimages/medium/321467.jpg",
        "name": "Nicabate Minis Quit Smoking Lozenges 4mg 60pk",
        "price": 33.2,
        "special": 28,
        "unitPrice": "$46.67 / 100EA"
    },
    {
        "category": "specials",
        "href": "https://www.woolworths.com.au/shop/productdetails/340034/san-remo-orechiette-pasta-no-43",
        "imgName": "340034.jpg",
        "imgSrc": "https://cdn0.woolworths.media/content/wowproductimages/medium/340034.jpg",
        "name": "San Remo Orechiette Pasta No. 43 500g",
        "price": 1.95,
        "unitPrice": "$0.39 / 100G"
    },
    {
        "category": "specials",
        "href": "https://www.woolworths.com.au/shop/productdetails/335073/macro-organic-quinoa",
        "imgName": "335073.jpg",
        "imgSrc": "https://cdn0.woolworths.media/content/wowproductimages/medium/335073.jpg",
        "name": "Macro Organic Quinoa  500g",
        "price": 7,
        "unitPrice": "$1.40 / 100G"
    },
    {
        "category": "specials",
        "href": "https://www.woolworths.com.au/shop/productdetails/279712/olay-total-effects-7-in-1-spf15-day-cream-normal",
        "imgName": "279712.jpg",
        "imgSrc": "https://cdn0.woolworths.media/content/wowproductimages/medium/279712.jpg",
        "name": "Olay Total Effects 7-in-1 Spf15 Day Cream Normal 50g",
        "price": 33.5,
        "special": 16.75,
        "unitPrice": "$33.50 / 100G"
    },
    {
        "category": "specials",
        "href": "https://www.woolworths.com.au/shop/productdetails/365139/bonds-womens-socks-no-show-trainers-size-2-8",
        "imgName": "365139.jpg",
        "imgSrc": "https://cdn0.woolworths.media/content/wowproductimages/medium/365139.jpg",
        "name": "Bonds Womens Socks No Show Trainers Size 2-8 3pk",
        "price": 14,
        "special": 7,
        "unitPrice": "$2.33 / 1EA"
    },
    {
        "category": "specials",
        "href": "https://www.woolworths.com.au/shop/productdetails/360586/dodoni-fetta-goats-cheese",
        "imgName": "360586.jpg",
        "imgSrc": "https://cdn0.woolworths.media/content/wowproductimages/medium/360586.jpg",
        "name": "Dodoni Fetta Goats Cheese 200g",
        "price": 6,
        "unitPrice": "$30.00 / 1KG"
    },
    {
        "category": "specials",
        "href": "https://www.woolworths.com.au/shop/productdetails/423466/maybelline-new-york-colossal-go-extreme-leather-black-mascara-washable",
        "imgName": "423466.jpg",
        "imgSrc": "https://cdn0.woolworths.media/content/wowproductimages/medium/423466.jpg",
        "name": "Maybelline New York Colossal Go Extreme Leather Black Mascara Washable 9.5ml",
        "price": 19.95,
        "special": 13.95,
        "unitPrice": "$14.68 / 10ML"
    },
    {
        "category": "specials",
        "href": "https://www.woolworths.com.au/shop/productdetails/481170/smitten-cat-food-beef-variety",
        "imgName": "481170.jpg",
        "imgSrc": "https://cdn0.woolworths.media/content/wowproductimages/medium/481170.jpg",
        "name": "Smitten Cat Food Beef Variety 100g 12pk",
        "price": 6,
        "unitPrice": "$0.50 / 100G"
    },
    {
        "category": "specials",
        "href": "https://www.woolworths.com.au/shop/productdetails/295212/air-wick-plug-in-air-freshener-vanilla",
        "imgName": "295212.jpg",
        "imgSrc": "https://cdn0.woolworths.media/content/wowproductimages/medium/295212.jpg",
        "name": "Air Wick Plug-in Air Freshener Vanilla each",
        "price": 7.99
    },
    {
        "category": "specials",
        "href": "https://www.woolworths.com.au/shop/productdetails/503230/nivea-firming-body-oil-4-in-1",
        "imgName": "503230.jpg",
        "imgSrc": "https://cdn0.woolworths.media/content/wowproductimages/medium/503230.jpg",
        "name": "Nivea Firming Body Oil 4 In 1 200ml",
        "price": 15,
        "special": 10.5,
        "unitPrice": "$5.25 / 100ML"
    },
    {
        "category": "specials",
        "href": "https://www.woolworths.com.au/shop/productdetails/460997/de-bortoli-non-vintage-prosecco",
        "imgName": "460997.jpg",
        "imgSrc": "https://cdn0.woolworths.media/content/wowproductimages/medium/460997.jpg",
        "name": "De Bortoli Non Vintage Prosecco 750ml",
        "price": 20,
        "special": 16
    },
    {
        "category": "specials",
        "href": "https://www.woolworths.com.au/shop/productdetails/512297/decor-thermostone-realseal-oblong-baking-dish",
        "imgName": "512297.jpg",
        "imgSrc": "https://cdn0.woolworths.media/content/wowproductimages/medium/512297.jpg",
        "name": "Decor Thermostone Realseal Oblong Baking Dish 500ml",
        "price": 11.99,
        "special": 5.99
    },
    {
        "category": "specials",
        "href": "https://www.woolworths.com.au/shop/productdetails/445817/partners-recipe-base-broccoli-cauliflower-bake",
        "imgName": "445817.jpg",
        "imgSrc": "https://cdn0.woolworths.media/content/wowproductimages/medium/445817.jpg",
        "name": "Partners Recipe Base Broccoli & Cauliflower Bake 40g",
        "price": 1.69,
        "special": 1.5,
        "unitPrice": "$3.75 / 100G"
    },
    {
        "category": "specials",
        "href": "https://www.woolworths.com.au/shop/productdetails/703844/vitarium-du-chocolat-drinking-cocoa",
        "imgName": "703844.jpg",
        "imgSrc": "https://cdn0.woolworths.media/content/wowproductimages/medium/703844.jpg",
        "name": "Vitarium Du Chocolat Drinking Cocoa 200g",
        "price": 4.8,
        "special": 3.9,
        "unitPrice": "$1.95 / 100G"
    },
    {
        "category": "specials",
        "href": "https://www.woolworths.com.au/shop/productdetails/622360/maybelline-color-sensational-shaping-lip-liner-magnetic-mauve",
        "imgName": "622360.jpg",
        "imgSrc": "https://cdn0.woolworths.media/content/wowproductimages/medium/622360.jpg",
        "name": "Maybelline Color Sensational Shaping Lip Liner Magnetic Mauve 0.5g",
        "price": 13.95,
        "special": 9.75,
        "unitPrice": "$195.00 / 10G"
    },
    {
        "category": "specials",
        "href": "https://www.woolworths.com.au/shop/productdetails/541315/truvee-rose",
        "imgName": "541315.jpg",
        "imgSrc": "https://cdn0.woolworths.media/content/wowproductimages/medium/541315.jpg",
        "name": "Truvee Rose  750ml",
        "price": 20,
        "special": 16
    },
    {
        "category": "specials",
        "href": "https://www.woolworths.com.au/shop/productdetails/566493/nature-s-way-joint-restore-7-day-formula",
        "imgName": "566493.jpg",
        "imgSrc": "https://cdn0.woolworths.media/content/wowproductimages/medium/566493.jpg",
        "name": "Nature's Way Joint Restore 7 Day Formula 60pk",
        "price": 40,
        "special": 30,
        "unitPrice": "$50.00 / 100EA"
    },
    {
        "category": "specials",
        "href": "https://www.woolworths.com.au/shop/productdetails/598224/head-shoulders-men-anti-dandruff-shampoo-conditioner-deep-clean",
        "imgName": "598224.jpg",
        "imgSrc": "https://cdn0.woolworths.media/content/wowproductimages/medium/598224.jpg",
        "name": "Head & Shoulders Men Anti-dandruff Shampoo & Conditioner Deep Clean 620ml",
        "price": 16,
        "special": 11,
        "unitPrice": "$1.77 / 100ML"
    },
    {
        "category": "specials",
        "href": "https://www.woolworths.com.au/shop/productdetails/423404/maybelline-new-york-super-stay-24-hour-foundation-true-ivory",
        "imgName": "423404.jpg",
        "imgSrc": "https://cdn0.woolworths.media/content/wowproductimages/medium/423404.jpg",
        "name": "Maybelline New York Super Stay 24 Hour Foundation True Ivory 30ml",
        "price": 24.95,
        "special": 17.45,
        "unitPrice": "$5.82 / 10ML"
    },
    {
        "category": "specials",
        "href": "https://www.woolworths.com.au/shop/productdetails/504765/air-wick-life-scents-garden-escape",
        "imgName": "504765.jpg",
        "imgSrc": "https://cdn0.woolworths.media/content/wowproductimages/medium/504765.jpg",
        "name": "Air Wick Life Scents Garden Escape 208g",
        "price": 5,
        "special": 4,
        "unitPrice": "$1.92 / 100G"
    },
    {
        "category": "specials",
        "href": "https://www.woolworths.com.au/shop/productdetails/630642/absolut-vodka-lime",
        "imgName": "630642.jpg",
        "imgSrc": "https://cdn0.woolworths.media/content/wowproductimages/medium/630642.jpg",
        "name": "Absolut Vodka Lime 700ml",
        "price": 51,
        "special": 40
    },
    {
        "category": "specials",
        "href": "https://www.woolworths.com.au/shop/productdetails/425282/olsent-light-globe-led-gu5-3-6w-450lm",
        "imgName": "425282.jpg",
        "imgSrc": "https://cdn0.woolworths.media/content/wowproductimages/medium/425282.jpg",
        "name": "Olsent Light Globe Led Gu5.3 6w 450lm 2pk",
        "price": 10,
        "unitPrice": "$5.00 / 1EA"
    },
    {
        "category": "specials",
        "href": "https://www.woolworths.com.au/shop/productdetails/446637/scharzkopf-live-salon-hair-colour-5-6-auburn-brown",
        "imgName": "446637.jpg",
        "imgSrc": "https://cdn0.woolworths.media/content/wowproductimages/medium/446637.jpg",
        "name": "Scharzkopf Live Salon Hair Colour 5.6 Auburn Brown each",
        "price": 14,
        "special": 8.4,
        "unitPrice": "$5.89 / 100ML"
    },
    {
        "category": "specials",
        "href": "https://www.woolworths.com.au/shop/productdetails/661262/glade-candle-vanilla",
        "imgName": "661262.jpg",
        "imgSrc": "https://cdn0.woolworths.media/content/wowproductimages/medium/661262.jpg",
        "name": "Glade Candle Vanilla 96g",
        "price": 6,
        "unitPrice": "$6.25 / 100G"
    },
    {
        "category": "specials",
        "href": "https://www.woolworths.com.au/shop/productdetails/435309/garnier-pure-active-miracle-water-strip",
        "imgName": "435309.jpg",
        "imgSrc": "https://cdn0.woolworths.media/content/wowproductimages/medium/435309.jpg",
        "name": "Garnier Pure Active Miracle Water Strip 400ml",
        "price": 12.95,
        "special": 9,
        "unitPrice": "$2.25 / 100ML"
    },
    {
        "category": "specials",
        "href": "https://www.woolworths.com.au/shop/productdetails/761604/almond-breeze-unsweetened-almond-milk",
        "imgName": "761604.jpg",
        "imgSrc": "https://cdn0.woolworths.media/content/wowproductimages/medium/761604.jpg",
        "name": "Almond Breeze Unsweetened Almond Milk 1l",
        "price": 2.5,
        "unitPrice": "$2.50 / 1L"
    },
    {
        "category": "specials",
        "href": "https://www.woolworths.com.au/shop/productdetails/763881/continental-alfredo-garlic-herb-pasta-sauce-value-pack",
        "imgName": "763881.jpg",
        "imgSrc": "https://cdn0.woolworths.media/content/wowproductimages/medium/763881.jpg",
        "name": "Continental Alfredo Garlic & Herb Pasta & Sauce Value Pack 145g",
        "price": 2.99,
        "unitPrice": "$2.06 / 100G"
    },
    {
        "category": "specials",
        "href": "https://www.woolworths.com.au/shop/productdetails/779405/australian-pure-moisturiser-sensitive-sorbolene",
        "imgName": "779405.jpg",
        "imgSrc": "https://cdn0.woolworths.media/content/wowproductimages/medium/779405.jpg",
        "name": "Australian Pure Moisturiser Sensitive Sorbolene 1l",
        "price": 6,
        "special": 4.2,
        "unitPrice": "$0.42 / 100ML"
    },
    {
        "category": "specials",
        "href": "https://www.woolworths.com.au/shop/productdetails/790094/little-bellies-baby-puffs-bursting-blueberry",
        "imgName": "790094.jpg",
        "imgSrc": "https://cdn0.woolworths.media/content/wowproductimages/medium/790094.jpg",
        "name": "Little Bellies Baby Puffs Bursting Blueberry 12g",
        "price": 2,
        "special": 1.7,
        "unitPrice": "$14.17 / 100G"
    },
    {
        "category": "specials",
        "href": "https://www.woolworths.com.au/shop/productdetails/786204/lux-velvety-skin-bar-soap-soft-caress",
        "imgName": "786204.jpg",
        "imgSrc": "https://cdn0.woolworths.media/content/wowproductimages/medium/786204.jpg",
        "name": "Lux Velvety Skin Bar Soap Soft Caress 680g",
        "price": 4.8,
        "unitPrice": "$0.71 / 100G"
    },
    {
        "category": "specials",
        "href": "https://www.woolworths.com.au/shop/productdetails/758271/dettol-liquid-handwash-pump-raspberry-pomegranate",
        "imgName": "758271.jpg",
        "imgSrc": "https://cdn0.woolworths.media/content/wowproductimages/medium/758271.jpg",
        "name": "Dettol Liquid Handwash Pump Raspberry & Pomegranate 250ml",
        "price": 2,
        "unitPrice": "$0.80 / 100ML"
    },
    {
        "category": "specials",
        "href": "https://www.woolworths.com.au/shop/productdetails/693785/woolworths-ice-cream-vanilla-bean",
        "imgName": "693785.jpg",
        "imgSrc": "https://cdn0.woolworths.media/content/wowproductimages/medium/693785.jpg",
        "name": "Woolworths Ice Cream Vanilla Bean 1l tub",
        "price": 4.7,
        "unitPrice": "$0.47 / 100ML"
    },
    {
        "category": "specials",
        "href": "https://www.woolworths.com.au/shop/productdetails/694761/woolworths-danish-havarti-cheese",
        "imgName": "694761.jpg",
        "imgSrc": "https://cdn0.woolworths.media/content/wowproductimages/medium/694761.jpg",
        "name": "Woolworths Danish Havarti Cheese 200g",
        "price": 4,
        "unitPrice": "$20.00 / 1KG"
    },
    {
        "category": "specials",
        "href": "https://www.woolworths.com.au/shop/productdetails/701826/cadbury-chocolate-bar-wispa",
        "imgName": "701826.jpg",
        "imgSrc": "https://cdn0.woolworths.media/content/wowproductimages/medium/701826.jpg",
        "name": "Cadbury Chocolate Bar Wispa 36g",
        "price": 2.2,
        "special": 1.95,
        "unitPrice": "$5.42 / 100G"
    },
    {
        "category": "specials",
        "href": "https://www.woolworths.com.au/shop/productdetails/740204/mud-nail-polish-030-glitterazzi",
        "imgName": "740204.jpg",
        "imgSrc": "https://cdn0.woolworths.media/content/wowproductimages/medium/740204.jpg",
        "name": "Mud Nail Polish 030 Glitterazzi 13ml",
        "price": 2.5,
        "unitPrice": "$1.92 / 10ML"
    },
    {
        "category": "specials",
        "href": "https://www.woolworths.com.au/shop/productdetails/757709/st-john-first-aid-kit",
        "imgName": "757709.jpg",
        "imgSrc": "https://cdn0.woolworths.media/content/wowproductimages/medium/757709.jpg",
        "name": "St. John First Aid Kit  each",
        "price": 20,
        "special": 16,
        "unitPrice": "$16.00 / 1EA"
    },
    {
        "category": "specials",
        "href": "https://www.woolworths.com.au/shop/productdetails/506816/linda-mccartney-vegetarian-country-pie",
        "imgName": "506816.jpg",
        "imgSrc": "https://cdn0.woolworths.media/content/wowproductimages/medium/506816.jpg",
        "name": "Linda Mccartney Vegetarian Country Pie 380g",
        "price": 5,
        "unitPrice": "$1.32 / 100G"
    },
    {
        "category": "specials",
        "href": "https://www.woolworths.com.au/shop/productdetails/949437/authentic-asia-prawn-wonton-with-vegetable-soup",
        "imgName": "949437.jpg",
        "imgSrc": "https://cdn0.woolworths.media/content/wowproductimages/medium/949437.jpg",
        "name": "Authentic Asia Prawn Wonton With Vegetable Soup 145g",
        "price": 4,
        "unitPrice": "$2.76 / 100G"
    },
    {
        "category": "specials",
        "href": "https://www.woolworths.com.au/shop/productdetails/659997/organix-goodies-strawberry-apple-gummies",
        "imgName": "659997.jpg",
        "imgSrc": "https://cdn0.woolworths.media/content/wowproductimages/medium/659997.jpg",
        "name": "Organix Goodies Strawberry & Apple Gummies 12g",
        "price": 2,
        "special": 1.5,
        "unitPrice": "$12.50 / 100G"
    },
    {
        "category": "specials",
        "href": "https://www.woolworths.com.au/shop/productdetails/782424/l-oreal-preference-mango-74",
        "imgName": "782424.jpg",
        "imgSrc": "https://cdn0.woolworths.media/content/wowproductimages/medium/782424.jpg",
        "name": "L'oreal Preference Mango 74 each",
        "price": 19,
        "special": 13
    },
    {
        "category": "specials",
        "href": "https://www.woolworths.com.au/shop/productdetails/768768/bonds-explorer-socks-ladies-extreme-sport-low-2-8",
        "imgName": "768768.jpg",
        "imgSrc": "https://cdn0.woolworths.media/content/wowproductimages/medium/768768.jpg",
        "name": "Bonds Explorer Socks Ladies Extreme Sport Low 2-8 each",
        "price": 9,
        "special": 4.5,
        "unitPrice": "$4.50 / 1EA"
    },
    {
        "category": "specials",
        "href": "https://www.woolworths.com.au/shop/productdetails/726227/toni-guy-prep-leave-in-conditioner",
        "imgName": "726227.jpg",
        "imgSrc": "https://cdn0.woolworths.media/content/wowproductimages/medium/726227.jpg",
        "name": "Toni & Guy Prep Leave-in Conditioner  100ml",
        "price": 16,
        "unitPrice": "$16.00 / 100ML"
    },
    {
        "category": "specials",
        "href": "https://www.woolworths.com.au/shop/productdetails/792236/woolworths-ice-cream-cones-choc-mint",
        "imgName": "792236.jpg",
        "imgSrc": "https://cdn0.woolworths.media/content/wowproductimages/medium/792236.jpg",
        "name": "Woolworths Ice Cream Cones Choc Mint 475ml",
        "price": 3.7,
        "unitPrice": "$0.78 / 100ML"
    },
    {
        "category": "specials",
        "href": "https://www.woolworths.com.au/shop/productdetails/765407/sunrice-brown-rice-steamed-organic",
        "imgName": "765407.jpg",
        "imgSrc": "https://cdn0.woolworths.media/content/wowproductimages/medium/765407.jpg",
        "name": "Sunrice Brown Rice Steamed Organic 250g",
        "price": 2.8,
        "unitPrice": "$1.12 / 100G"
    },
    {
        "category": "specials",
        "href": "https://www.woolworths.com.au/shop/productdetails/765472/olsent-spiral-cfl-warm-white-bc-14w",
        "imgName": "765472.jpg",
        "imgSrc": "https://cdn0.woolworths.media/content/wowproductimages/medium/765472.jpg",
        "name": "Olsent Spiral Cfl Warm White Bc 14w 2pk",
        "price": 10,
        "unitPrice": "$5.00 / 1EA"
    },
    {
        "category": "specials",
        "href": "https://www.woolworths.com.au/shop/productdetails/828724/bonds-comfy-tops-slimming-sheer-tights-black-med",
        "imgName": "828724.jpg",
        "imgSrc": "https://cdn0.woolworths.media/content/wowproductimages/medium/828724.jpg",
        "name": "Bonds Comfy Tops Slimming Sheer Tights Black Med each",
        "price": 8,
        "special": 4
    },
    {
        "category": "specials",
        "href": "https://www.woolworths.com.au/shop/productdetails/842808/pantene-pro-v-ultimate-10-shampoo",
        "imgName": "842808.jpg",
        "imgSrc": "https://cdn0.woolworths.media/content/wowproductimages/medium/842808.jpg",
        "name": "Pantene Pro-v Ultimate 10 Shampoo 900ml",
        "price": 15.7,
        "special": 10,
        "unitPrice": "$1.11 / 100ML"
    },
    {
        "category": "specials",
        "href": "https://www.woolworths.com.au/shop/productdetails/800151/president-camembert-cheese",
        "imgName": "800151.jpg",
        "imgSrc": "https://cdn0.woolworths.media/content/wowproductimages/medium/800151.jpg",
        "name": "President Camembert Cheese 200g",
        "price": 10,
        "special": 7,
        "unitPrice": "$35.00 / 1KG"
    },
    {
        "category": "specials",
        "href": "https://www.woolworths.com.au/shop/productdetails/830383/woolworths-essentials-washing-bag",
        "imgName": "830383.jpg",
        "imgSrc": "https://cdn0.woolworths.media/content/wowproductimages/medium/830383.jpg",
        "name": "Woolworths Essentials Washing Bag  each",
        "price": 3,
        "unitPrice": "$3.00 / 1EA"
    },
    {
        "category": "specials",
        "href": "https://www.woolworths.com.au/shop/productdetails/841310/surf-front-top-loader-laundry-liquid-detergent-herbal-extracts",
        "imgName": "841310.jpg",
        "imgSrc": "https://cdn0.woolworths.media/content/wowproductimages/medium/841310.jpg",
        "name": "Surf Front & Top Loader Laundry Liquid Detergent Herbal Extracts 2l",
        "price": 8,
        "unitPrice": "$4.00 / 1L"
    },
    {
        "category": "specials",
        "href": "https://www.woolworths.com.au/shop/productdetails/841315/surf-2-in-1-laundry-liquid-detergent-tropical-lily",
        "imgName": "841315.jpg",
        "imgSrc": "https://cdn0.woolworths.media/content/wowproductimages/medium/841315.jpg",
        "name": "Surf 2 In 1 Laundry Liquid Detergent Tropical Lily 1l",
        "price": 4.99,
        "unitPrice": "$4.99 / 1L"
    },
    {
        "category": "specials",
        "href": "https://www.woolworths.com.au/shop/productdetails/847916/whiskas-kitten-chicken-flavour-loaf",
        "imgName": "847916.jpg",
        "imgSrc": "https://cdn0.woolworths.media/content/wowproductimages/medium/847916.jpg",
        "name": "Whiskas Kitten Chicken Flavour Loaf  3x85g",
        "price": 2,
        "unitPrice": "$0.78 / 100G"
    },
    {
        "category": "specials",
        "href": "https://www.woolworths.com.au/shop/productdetails/856427/safcol-italian-herb-tomato-salmon-meal",
        "imgName": "856427.jpg",
        "imgSrc": "https://cdn0.woolworths.media/content/wowproductimages/medium/856427.jpg",
        "name": "Safcol Italian Herb & Tomato Salmon Meal 110g",
        "price": 2,
        "unitPrice": "$18.18 / 1KG"
    },
    {
        "category": "specials",
        "href": "https://www.woolworths.com.au/shop/productdetails/767722/first-force-coils-fly-insect",
        "imgName": "767722.jpg",
        "imgSrc": "https://cdn0.woolworths.media/content/wowproductimages/medium/767722.jpg",
        "name": "First Force Coils Fly & Insect 10pk",
        "price": 1.5,
        "unitPrice": "$0.15 / 1EA"
    },
    {
        "category": "specials",
        "href": "https://www.woolworths.com.au/shop/productdetails/785151/masterfood-gravy-liquid-roast-chicken",
        "imgName": "785151.jpg",
        "imgSrc": "https://cdn0.woolworths.media/content/wowproductimages/medium/785151.jpg",
        "name": "Masterfood Gravy Liquid Roast Chicken 160g",
        "price": 2.65,
        "unitPrice": "$1.66 / 100G"
    },
    {
        "category": "specials",
        "href": "https://www.woolworths.com.au/shop/productdetails/829007/the-natural-confectionery-co-sour-squirms",
        "imgName": "829007.jpg",
        "imgSrc": "https://cdn0.woolworths.media/content/wowproductimages/medium/829007.jpg",
        "name": "The Natural Confectionery Co Sour Squirms  240g bag",
        "price": 4,
        "special": 3,
        "unitPrice": "$1.25 / 100G"
    },
    {
        "category": "specials",
        "href": "https://www.woolworths.com.au/shop/productdetails/868216/san-marino-cheese-italian-provolone",
        "imgName": "868216.jpg",
        "imgSrc": "https://cdn0.woolworths.media/content/wowproductimages/medium/868216.jpg",
        "name": "San Marino Cheese Italian Provolone 100g",
        "price": 5.99,
        "special": 5,
        "unitPrice": "$50.00 / 1KG"
    },
    {
        "category": "specials",
        "href": "https://www.woolworths.com.au/shop/productdetails/892287/woolworths-zinc-sticks-spf-50-",
        "imgName": "892287.jpg",
        "imgSrc": "https://cdn0.woolworths.media/content/wowproductimages/medium/892287.jpg",
        "name": "Woolworths Zinc Sticks Spf 50+ 2pk",
        "price": 5.5,
        "unitPrice": "$55.00 / 100G"
    },
    {
        "category": "specials",
        "href": "https://www.woolworths.com.au/shop/productdetails/716191/maybelline-instant-age-rewind-eraser-dark-circles-concealer-medium",
        "imgName": "716191.jpg",
        "imgSrc": "https://cdn0.woolworths.media/content/wowproductimages/medium/716191.jpg",
        "name": "Maybelline Instant Age Rewind Eraser Dark Circles Concealer Medium 6ml",
        "price": 18.95,
        "special": 13,
        "unitPrice": "$21.67 / 10ML"
    },
    {
        "category": "specials",
        "href": "https://www.woolworths.com.au/shop/productdetails/716749/schmackos-treat-chomp-n-chew-large-with-beef",
        "imgName": "716749.jpg",
        "imgSrc": "https://cdn0.woolworths.media/content/wowproductimages/medium/716749.jpg",
        "name": "Schmackos Treat Chomp 'n' Chew Large With Beef 60g",
        "price": 3.9,
        "unitPrice": "$6.50 / 100G"
    },
    {
        "category": "specials",
        "href": "https://www.woolworths.com.au/shop/productdetails/926640/mamee-noodle-snacks-bbq-8pk",
        "imgName": "926640.jpg",
        "imgSrc": "https://cdn0.woolworths.media/content/wowproductimages/medium/926640.jpg",
        "name": "Mamee Noodle Snacks Bbq 8pk 200g",
        "price": 3.15,
        "unitPrice": "$1.58 / 100G"
    },
    {
        "category": "specials",
        "href": "https://www.woolworths.com.au/shop/productdetails/868513/mud-liquid-foundation-003-cream-beige",
        "imgName": "868513.jpg",
        "imgSrc": "https://cdn0.woolworths.media/content/wowproductimages/medium/868513.jpg",
        "name": "Mud Liquid Foundation 003 Cream Beige 30ml",
        "price": 5.5,
        "unitPrice": "$1.83 / 10ML"
    },
    {
        "category": "specials",
        "href": "https://www.woolworths.com.au/shop/productdetails/884314/maltesers-teasers",
        "imgName": "884314.jpg",
        "imgSrc": "https://cdn0.woolworths.media/content/wowproductimages/medium/884314.jpg",
        "name": "Maltesers Teasers  35g bar",
        "price": 2,
        "special": 1,
        "unitPrice": "$2.86 / 100G"
    },
    {
        "category": "specials",
        "href": "https://www.woolworths.com.au/shop/productdetails/852609/purina-one-adult-cat-formula-with-salmon-tuna",
        "imgName": "852609.jpg",
        "imgSrc": "https://cdn0.woolworths.media/content/wowproductimages/medium/852609.jpg",
        "name": "Purina One Adult Cat Formula With Salmon & Tuna 1.5kg",
        "price": 12,
        "unitPrice": "$0.80 / 100G"
    },
    {
        "category": "specials",
        "href": "https://www.woolworths.com.au/shop/productdetails/852610/purina-one-indoor-cat-formula-with-chicken",
        "imgName": "852610.jpg",
        "imgSrc": "https://cdn0.woolworths.media/content/wowproductimages/medium/852610.jpg",
        "name": "Purina One Indoor Cat Formula With Chicken 1.5kg",
        "price": 12,
        "unitPrice": "$0.80 / 100G"
    },
    {
        "category": "specials",
        "href": "https://www.woolworths.com.au/shop/productdetails/761509/continental-creamy-bacon-carbonara-pasta-sauce-value-pack",
        "imgName": "761509.jpg",
        "imgSrc": "https://cdn0.woolworths.media/content/wowproductimages/medium/761509.jpg",
        "name": "Continental Creamy Bacon Carbonara Pasta & Sauce Value Pack 145g",
        "price": 2.99,
        "unitPrice": "$2.06 / 100G"
    },
    {
        "category": "specials",
        "href": "https://www.woolworths.com.au/shop/productdetails/930103/bic-ball-point-pen-shine-4-colour",
        "imgName": "930103.jpg",
        "imgSrc": "https://cdn0.woolworths.media/content/wowproductimages/medium/930103.jpg",
        "name": "Bic Ball Point Pen Shine 4 Colour each",
        "price": 3.7,
        "special": 2.55
    },
    {
        "category": "specials",
        "href": "https://www.woolworths.com.au/shop/productdetails/139812/yumi-s-creamed-spinach-dip",
        "imgName": "139812.jpg",
        "imgSrc": "https://cdn0.woolworths.media/content/wowproductimages/medium/139812.jpg",
        "name": "Yumi's Creamed Spinach Dip 200g",
        "price": 4,
        "special": 3,
        "unitPrice": "$1.50 / 100G"
    },
    {
        "category": "specials",
        "href": "https://www.woolworths.com.au/shop/productdetails/25281/colgate-plax-mouthwash-peppermint",
        "imgName": "025281.jpg",
        "imgSrc": "https://cdn0.woolworths.media/content/wowproductimages/medium/025281.jpg",
        "name": "Colgate Plax Mouthwash Peppermint 500ml",
        "price": 5.99,
        "special": 2.99,
        "unitPrice": "$0.60 / 100ML"
    },
    {
        "category": "specials",
        "href": "https://www.woolworths.com.au/shop/productdetails/291187/rafferty-s-garden-food-4-months-sweet-potato-carrot-apple",
        "imgName": "291187.jpg",
        "imgSrc": "https://cdn0.woolworths.media/content/wowproductimages/medium/291187.jpg",
        "name": "Rafferty's Garden Food 4 Months+ Sweet Potato, Carrot & Apple 120g",
        "price": 1.65,
        "unitPrice": "$1.38 / 100G"
    },
    {
        "category": "specials",
        "href": "https://www.woolworths.com.au/shop/productdetails/315934/aussie-bodies-protein-revival-coffee-99-fat-free",
        "imgName": "315934.jpg",
        "imgSrc": "https://cdn0.woolworths.media/content/wowproductimages/medium/315934.jpg",
        "name": "Aussie Bodies Protein Revival Coffee 99% Fat Free 375ml",
        "price": 3.85,
        "special": 3,
        "unitPrice": "$8.00 / 1L"
    },
    {
        "category": "specials",
        "href": "https://www.woolworths.com.au/shop/productdetails/321236/gelativo-mango-sorbet",
        "imgName": "321236.jpg",
        "imgSrc": "https://cdn0.woolworths.media/content/wowproductimages/medium/321236.jpg",
        "name": "Gelativo Mango Sorbet 1l",
        "price": 6,
        "special": 5,
        "unitPrice": "$0.50 / 100ML"
    },
    {
        "category": "specials",
        "href": "https://www.woolworths.com.au/shop/productdetails/360092/gelativo-gelato-chocolate",
        "imgName": "360092.jpg",
        "imgSrc": "https://cdn0.woolworths.media/content/wowproductimages/medium/360092.jpg",
        "name": "Gelativo Gelato Chocolate 1l tub",
        "price": 6,
        "special": 5,
        "unitPrice": "$0.50 / 100ML"
    },
    {
        "category": "specials",
        "href": "https://www.woolworths.com.au/shop/productdetails/415470/optus-4g-wifi-modem-e5573-",
        "imgName": "415470.jpg",
        "imgSrc": "https://cdn0.woolworths.media/content/wowproductimages/medium/415470.jpg",
        "name": "Optus 4g Wifi Modem (e5573) 1ea",
        "price": 59,
        "special": 29.5
    },
    {
        "category": "specials",
        "href": "https://www.woolworths.com.au/shop/productdetails/44499/vaalia-low-fat-yoghurt",
        "imgName": "044499.jpg",
        "imgSrc": "https://cdn0.woolworths.media/content/wowproductimages/medium/044499.jpg",
        "name": "Vaalia Low Fat Yoghurt 900g",
        "price": 5.5,
        "unitPrice": "$0.61 / 100G"
    },
    {
        "category": "specials",
        "href": "https://www.woolworths.com.au/shop/productdetails/64013/don-famous-football-hot-dogs-skinless",
        "imgName": "064013.jpg",
        "imgSrc": "https://cdn0.woolworths.media/content/wowproductimages/medium/064013.jpg",
        "name": "Don Famous Football Hot Dogs Skinless 375g",
        "price": 5.6,
        "special": 5,
        "unitPrice": "$13.33 / 1KG"
    },
    {
        "category": "specials",
        "href": "https://www.woolworths.com.au/shop/productdetails/756907/sunbites-multipack-salted-popcorn",
        "imgName": "756907.jpg",
        "imgSrc": "https://cdn0.woolworths.media/content/wowproductimages/medium/756907.jpg",
        "name": "Sunbites Multipack Salted Popcorn 6pk 78g",
        "price": 3.18,
        "unitPrice": "$4.08 / 100G"
    },
    {
        "category": "specials",
        "href": "https://www.woolworths.com.au/shop/productdetails/762970/tontine-pillow-im-an-aussie-favourite",
        "imgName": "762970.jpg",
        "imgSrc": "https://cdn0.woolworths.media/content/wowproductimages/medium/762970.jpg",
        "name": "Tontine Pillow Im An Aussie Favourite 2 pack",
        "price": 15,
        "special": 10,
        "unitPrice": "$5.00 / 1EA"
    },
    {
        "category": "specials",
        "href": "https://www.woolworths.com.au/shop/productdetails/765953/mess-hair-pliable-putty",
        "imgName": "765953.jpg",
        "imgSrc": "https://cdn0.woolworths.media/content/wowproductimages/medium/765953.jpg",
        "name": "Mess Hair Pliable Putty 85g",
        "price": 8,
        "special": 6.8,
        "unitPrice": "$8.00 / 100G"
    },
    {
        "category": "specials",
        "href": "https://www.woolworths.com.au/shop/productdetails/775760/san-marino-hungarian-mild-salami",
        "imgName": "775760.jpg",
        "imgSrc": "https://cdn0.woolworths.media/content/wowproductimages/medium/775760.jpg",
        "name": "San Marino Hungarian Mild Salami 100g",
        "price": 5.99,
        "special": 5,
        "unitPrice": "$50.00 / 1KG"
    },
    {
        "category": "specials",
        "href": "https://www.woolworths.com.au/shop/productdetails/924245/australia-s-own-unsweetened-almond-milk",
        "imgName": "924245.jpg",
        "imgSrc": "https://cdn0.woolworths.media/content/wowproductimages/medium/924245.jpg",
        "name": "Australia's Own Unsweetened Almond Milk 1l",
        "price": 2.8,
        "unitPrice": "$2.80 / 1L"
    },
    {
        "category": "specials",
        "href": "https://www.woolworths.com.au/shop/productdetails/15359/deeko-entertainer-serving-plastic-steak-plate-oval",
        "imgName": "015359.jpg",
        "imgSrc": "https://cdn0.woolworths.media/content/wowproductimages/medium/015359.jpg",
        "name": "Deeko Entertainer Serving Plastic Steak Plate Oval 8pk",
        "price": 4,
        "special": 3.2,
        "unitPrice": "$0.40 / 1EA"
    },
    {
        "category": "specials",
        "href": "https://www.woolworths.com.au/shop/productdetails/32010/chux-original-superwipes-giant",
        "imgName": "032010.jpg",
        "imgSrc": "https://cdn0.woolworths.media/content/wowproductimages/medium/032010.jpg",
        "name": "Chux Original Superwipes Giant 5pk",
        "price": 3.99,
        "special": 3.1,
        "unitPrice": "$0.62 / 1EA"
    },
    {
        "category": "specials",
        "href": "https://www.woolworths.com.au/shop/productdetails/31060/schwarzkopf-live-colour-rich-burgundy",
        "imgName": "031060.jpg",
        "imgSrc": "https://cdn0.woolworths.media/content/wowproductimages/medium/031060.jpg",
        "name": "Schwarzkopf Live Colour Rich Burgundy 1pk",
        "price": 5,
        "special": 4
    },
    {
        "category": "specials",
        "href": "https://www.woolworths.com.au/shop/productdetails/16627/huggies-ultra-dry-nappies-toddler-10-15kg-girl",
        "imgName": "016627.jpg",
        "imgSrc": "https://cdn0.woolworths.media/content/wowproductimages/medium/016627.jpg",
        "name": "Huggies Ultra Dry Nappies Toddler 10-15kg Girl 36pk bulk",
        "price": 16,
        "unitPrice": "$0.44 / 1EA"
    },
    {
        "category": "specials",
        "href": "https://www.woolworths.com.au/shop/productdetails/30495/brut-aftershave-splash-on",
        "imgName": "030495.jpg",
        "imgSrc": "https://cdn0.woolworths.media/content/wowproductimages/medium/030495.jpg",
        "name": "Brut Aftershave Splash On 200ml",
        "price": 10,
        "special": 8,
        "unitPrice": "$4.00 / 100ML"
    },
    {
        "category": "specials",
        "href": "https://www.woolworths.com.au/shop/productdetails/34090/edgell-sliced-green-beans-green-sliced",
        "imgName": "034090.jpg",
        "imgSrc": "https://cdn0.woolworths.media/content/wowproductimages/medium/034090.jpg",
        "name": "Edgell Sliced Green Beans Green Sliced 410g",
        "price": 1.45,
        "special": 1.2,
        "unitPrice": "$2.93 / 1KG"
    },
    {
        "category": "specials",
        "href": "https://www.woolworths.com.au/shop/productdetails/38911/gravox-gravy-mix-traditional",
        "imgName": "038911.jpg",
        "imgSrc": "https://cdn0.woolworths.media/content/wowproductimages/medium/038911.jpg",
        "name": "Gravox Gravy Mix Traditional 120g",
        "price": 3.3,
        "special": 2.5,
        "unitPrice": "$0.21 / 10G"
    },
    {
        "category": "specials",
        "href": "https://www.woolworths.com.au/shop/productdetails/14627/bertocchi-salami-sopressa-hot",
        "imgName": "014627.jpg",
        "imgSrc": "https://cdn0.woolworths.media/content/wowproductimages/medium/014627.jpg",
        "name": "Bertocchi Salami Sopressa Hot per kg",
        "price": 29,
        "special": 23,
        "unitPrice": "$23.00 / 1KG"
    },
    {
        "category": "specials",
        "href": "https://www.woolworths.com.au/shop/productdetails/22033/libra-ultra-thins-pads-wings-regular",
        "imgName": "022033.jpg",
        "imgSrc": "https://cdn0.woolworths.media/content/wowproductimages/medium/022033.jpg",
        "name": "Libra Ultra Thins Pads Wings Regular 14pk",
        "price": 4.65,
        "unitPrice": "$0.33 / 1EA"
    },
    {
        "category": "specials",
        "href": "https://www.woolworths.com.au/shop/productdetails/2690/armor-all-car-care-tyre-foam",
        "imgName": "002690.jpg",
        "imgSrc": "https://cdn0.woolworths.media/content/wowproductimages/medium/002690.jpg",
        "name": "Armor All Car Care Tyre Foam 500g",
        "price": 10,
        "special": 8,
        "unitPrice": "$1.60 / 100G"
    },
    {
        "category": "specials",
        "href": "https://www.woolworths.com.au/shop/productdetails/9772/bulla-crunch-double-choc",
        "imgName": "009772.jpg",
        "imgSrc": "https://cdn0.woolworths.media/content/wowproductimages/medium/009772.jpg",
        "name": "Bulla Crunch Double Choc 8pk 631ml",
        "price": 6.8,
        "special": 4.5,
        "unitPrice": "$0.71 / 100ML"
    },
    {
        "category": "specials",
        "href": "https://www.woolworths.com.au/shop/productdetails/9902/l-oreal-paris-elvive-colour-protect-shampoo",
        "imgName": "009902.jpg",
        "imgSrc": "https://cdn0.woolworths.media/content/wowproductimages/medium/009902.jpg",
        "name": "L'oreal Paris Elvive Colour Protect Shampoo 700ml",
        "price": 10,
        "unitPrice": "$1.43 / 100ML"
    },
    {
        "category": "specials",
        "href": "https://www.woolworths.com.au/shop/productdetails/35623/deeko-print-serviettes-1ply",
        "imgName": "035623.jpg",
        "imgSrc": "https://cdn0.woolworths.media/content/wowproductimages/medium/035623.jpg",
        "name": "Deeko Print Serviettes 1ply 80pk",
        "price": 2.95,
        "special": 2.36,
        "unitPrice": "$0.03 / 1EA"
    },
    {
        "category": "specials",
        "href": "https://www.woolworths.com.au/shop/productdetails/39488/plumrose-ham-leg",
        "imgName": "039488.jpg",
        "imgSrc": "https://cdn0.woolworths.media/content/wowproductimages/medium/039488.jpg",
        "name": "Plumrose Ham Leg 200g",
        "price": 4.9,
        "special": 3.8,
        "unitPrice": "$19.00 / 1KG"
    },
    {
        "category": "specials",
        "href": "https://www.woolworths.com.au/shop/productdetails/22546/wild-turkey-honey-liqueur",
        "imgName": "022546.jpg",
        "imgSrc": "https://cdn0.woolworths.media/content/wowproductimages/medium/022546.jpg",
        "name": "Wild Turkey Honey Liqueur  700ml",
        "price": 50,
        "special": 40
    },
    {
        "category": "specials",
        "href": "https://www.woolworths.com.au/shop/productdetails/25207/san-remo-cous-cous-medium-grain",
        "imgName": "025207.jpg",
        "imgSrc": "https://cdn0.woolworths.media/content/wowproductimages/medium/025207.jpg",
        "name": "San Remo Cous Cous Medium Grain 500g",
        "price": 2.75,
        "special": 2.2,
        "unitPrice": "$0.44 / 100G"
    },
    {
        "category": "specials",
        "href": "https://www.woolworths.com.au/shop/productdetails/25726/sargents-pies-meat",
        "imgName": "025726.jpg",
        "imgSrc": "https://cdn0.woolworths.media/content/wowproductimages/medium/025726.jpg",
        "name": "Sargents Pies Meat 4pk 700g",
        "price": 4.5,
        "unitPrice": "$0.64 / 100G"
    },
    {
        "category": "specials",
        "href": "https://www.woolworths.com.au/shop/productdetails/45938/pedigree-adult-dog-food-can-casserole-chicken-gravy",
        "imgName": "045938.jpg",
        "imgSrc": "https://cdn0.woolworths.media/content/wowproductimages/medium/045938.jpg",
        "name": "Pedigree Adult Dog Food Can Casserole Chicken Gravy 1.2kg",
        "price": 3.8,
        "special": 2.5,
        "unitPrice": "$0.21 / 100G"
    },
    {
        "category": "specials",
        "href": "https://www.woolworths.com.au/shop/productdetails/90838/mccain-corn-kernels",
        "imgName": "090838.jpg",
        "imgSrc": "https://cdn0.woolworths.media/content/wowproductimages/medium/090838.jpg",
        "name": "Mccain Corn Kernels 500g",
        "price": 2.9,
        "special": 2.54,
        "unitPrice": "$5.08 / 1KG"
    },
    {
        "category": "specials",
        "href": "https://www.woolworths.com.au/shop/productdetails/91195/bundaberg-underproof-rum",
        "imgName": "091195.jpg",
        "imgSrc": "https://cdn0.woolworths.media/content/wowproductimages/medium/091195.jpg",
        "name": "Bundaberg Underproof Rum  700ml",
        "price": 43,
        "special": 38
    },
    {
        "category": "specials",
        "href": "https://www.woolworths.com.au/shop/productdetails/56134/bonds-explorer-socks-mens-black-size-6-10",
        "imgName": "056134.jpg",
        "imgSrc": "https://cdn0.woolworths.media/content/wowproductimages/medium/056134.jpg",
        "name": "Bonds Explorer Socks Mens Black Size 6-10 each",
        "price": 14,
        "special": 7
    },
    {
        "category": "specials",
        "href": "https://www.woolworths.com.au/shop/productdetails/87997/continental-recipe-base-creamy-chicken-curry",
        "imgName": "087997.jpg",
        "imgSrc": "https://cdn0.woolworths.media/content/wowproductimages/medium/087997.jpg",
        "name": "Continental Recipe Base Creamy Chicken Curry 30g",
        "price": 1.6,
        "unitPrice": "$5.33 / 100G"
    },
    {
        "category": "specials",
        "href": "https://www.woolworths.com.au/shop/productdetails/70272/l-oreal-excellence-cr-me-6-light-brown",
        "imgName": "070272.jpg",
        "imgSrc": "https://cdn0.woolworths.media/content/wowproductimages/medium/070272.jpg",
        "name": "L'oreal Excellence Cr\u00e8me 6 Light Brown 1pk",
        "price": 17.5,
        "special": 12
    },
    {
        "category": "specials",
        "href": "https://www.woolworths.com.au/shop/productdetails/70321/l-oreal-excellence-cr-me-4-0-dark-brown",
        "imgName": "070321.jpg",
        "imgSrc": "https://cdn0.woolworths.media/content/wowproductimages/medium/070321.jpg",
        "name": "L'oreal Excellence Cr\u00e8me 4.0 Dark Brown 1pk",
        "price": 17.5,
        "special": 12
    },
    {
        "category": "specials",
        "href": "https://www.woolworths.com.au/shop/productdetails/36215/arnott-s-mint-slice",
        "imgName": "036215.jpg",
        "imgSrc": "https://cdn0.woolworths.media/content/wowproductimages/medium/036215.jpg",
        "name": "Arnott's Mint Slice  200g",
        "price": 2.5,
        "unitPrice": "$1.25 / 100G"
    },
    {
        "category": "specials",
        "href": "https://www.woolworths.com.au/shop/productdetails/70768/sharwoods-paste-tandoori-medium",
        "imgName": "070768.jpg",
        "imgSrc": "https://cdn0.woolworths.media/content/wowproductimages/medium/070768.jpg",
        "name": "Sharwoods Paste Tandoori Medium 290g",
        "price": 5.15,
        "special": 4.5,
        "unitPrice": "$1.55 / 100G"
    },
    {
        "category": "specials",
        "href": "https://www.woolworths.com.au/shop/productdetails/86072/stonier-pinot-noir",
        "imgName": "086072.jpg",
        "imgSrc": "https://cdn0.woolworths.media/content/wowproductimages/medium/086072.jpg",
        "name": "Stonier Pinot Noir  750ml",
        "price": 35,
        "special": 24
    },
    {
        "category": "specials",
        "href": "https://www.woolworths.com.au/shop/productdetails/53222/whiskas-adult-cat-food-sardine-tuna-loaf",
        "imgName": "053222.jpg",
        "imgSrc": "https://cdn0.woolworths.media/content/wowproductimages/medium/053222.jpg",
        "name": "Whiskas Adult Cat Food Sardine & Tuna Loaf 400g",
        "price": 1.5,
        "unitPrice": "$0.38 / 100G"
    },
    {
        "category": "specials",
        "href": "https://www.woolworths.com.au/shop/productdetails/57697/ansell-lifestyles-condoms-regular",
        "imgName": "057697.jpg",
        "imgSrc": "https://cdn0.woolworths.media/content/wowproductimages/medium/057697.jpg",
        "name": "Ansell Lifestyles Condoms Regular 12pk",
        "price": 6,
        "unitPrice": "$0.50 / 1EA"
    },
    {
        "category": "specials",
        "href": "https://www.woolworths.com.au/shop/productdetails/70265/l-oreal-excellence-cr-me-9-light-blonde",
        "imgName": "070265.jpg",
        "imgSrc": "https://cdn0.woolworths.media/content/wowproductimages/medium/070265.jpg",
        "name": "L'oreal Excellence Cr\u00e8me 9 Light Blonde 1pk",
        "price": 17.5,
        "special": 12
    },
    {
        "category": "specials",
        "href": "https://www.woolworths.com.au/shop/productdetails/159800/kirks-old-stoney-ginger-beer-cans",
        "imgName": "159800.jpg",
        "imgSrc": "https://cdn0.woolworths.media/content/wowproductimages/medium/159800.jpg",
        "name": "Kirks Old Stoney Ginger Beer Cans 10x375ml pack",
        "price": 10.55,
        "special": 5.95,
        "unitPrice": "$1.59 / 1L"
    },
    {
        "category": "specials",
        "href": "https://www.woolworths.com.au/shop/productdetails/162604/bega-light-peanut-butter-crunchy",
        "imgName": "162604.jpg",
        "imgSrc": "https://cdn0.woolworths.media/content/wowproductimages/medium/162604.jpg",
        "name": "Bega Light Peanut Butter Crunchy 500g",
        "price": 5.7,
        "special": 5,
        "unitPrice": "$1.00 / 100G"
    },
    {
        "category": "specials",
        "href": "https://www.woolworths.com.au/shop/productdetails/95405/cenovis-sugarless-c-500mg-orange-flavour-tablets",
        "imgName": "095405.jpg",
        "imgSrc": "https://cdn0.woolworths.media/content/wowproductimages/medium/095405.jpg",
        "name": "Cenovis Sugarless C 500mg Orange Flavour Tablets 100",
        "price": 5.5,
        "unitPrice": "$5.50 / 100EA"
    },
    {
        "category": "specials",
        "href": "https://www.woolworths.com.au/shop/productdetails/95871/mccain-mixed-vegetables-peas-super-sweet-corn",
        "imgName": "095871.jpg",
        "imgSrc": "https://cdn0.woolworths.media/content/wowproductimages/medium/095871.jpg",
        "name": "Mccain Mixed Vegetables Peas & Super Sweet Corn 1kg",
        "price": 5,
        "special": 4.5,
        "unitPrice": "$4.50 / 1KG"
    },
    {
        "category": "specials",
        "href": "https://www.woolworths.com.au/shop/productdetails/117833/arnott-s-tim-tam-chewy-caramel",
        "imgName": "117833.jpg",
        "imgSrc": "https://cdn0.woolworths.media/content/wowproductimages/medium/117833.jpg",
        "name": "Arnott's Tim Tam Chewy Caramel 175g",
        "price": 3.65,
        "special": 2.5,
        "unitPrice": "$1.43 / 100G"
    },
    {
        "category": "specials",
        "href": "https://www.woolworths.com.au/shop/productdetails/164508/buderim-ginger-glace",
        "imgName": "164508.jpg",
        "imgSrc": "https://cdn0.woolworths.media/content/wowproductimages/medium/164508.jpg",
        "name": "Buderim Ginger Glace 125g",
        "price": 4.3,
        "special": 3.35,
        "unitPrice": "$26.80 / 1KG"
    },
    {
        "category": "specials",
        "href": "https://www.woolworths.com.au/shop/productdetails/199420/western-star-supersoft-spreadable",
        "imgName": "199420.jpg",
        "imgSrc": "https://cdn0.woolworths.media/content/wowproductimages/medium/199420.jpg",
        "name": "Western Star Supersoft Spreadable 500g",
        "price": 5.8,
        "special": 4.5,
        "unitPrice": "$0.90 / 100G"
    },
    {
        "category": "specials",
        "href": "https://www.woolworths.com.au/shop/productdetails/201057/preen-vanish-oxiaction-stain-remover-refill",
        "imgName": "201057.jpg",
        "imgSrc": "https://cdn0.woolworths.media/content/wowproductimages/medium/201057.jpg",
        "name": "Preen Vanish Oxiaction Stain Remover Refill 375ml",
        "price": 4,
        "unitPrice": "$10.67 / 1L"
    },
    {
        "category": "specials",
        "href": "https://www.woolworths.com.au/shop/productdetails/195479/essentials-choc-chip-cookies",
        "imgName": "195479.jpg",
        "imgSrc": "https://cdn0.woolworths.media/content/wowproductimages/medium/195479.jpg",
        "name": "Essentials Choc Chip Cookies 500g",
        "price": 1.99,
        "unitPrice": "$0.40 / 100G"
    },
    {
        "category": "specials",
        "href": "https://www.woolworths.com.au/shop/productdetails/197354/listerine-pocket-paks-breath-freshners-fresh-burst",
        "imgName": "197354.jpg",
        "imgSrc": "https://cdn0.woolworths.media/content/wowproductimages/medium/197354.jpg",
        "name": "Listerine Pocket Paks Breath Freshners Fresh Burst 72pk",
        "price": 6.5,
        "unitPrice": "$0.09 / 1EA"
    },
    {
        "category": "specials",
        "href": "https://www.woolworths.com.au/shop/productdetails/248657/band-aid-tough-strips-waterproof",
        "imgName": "248657.jpg",
        "imgSrc": "https://cdn0.woolworths.media/content/wowproductimages/medium/248657.jpg",
        "name": "Band-aid Tough Strips Waterproof 20pk",
        "price": 4,
        "special": 3.5,
        "unitPrice": "$0.18 / 1EA"
    },
    {
        "category": "specials",
        "href": "https://www.woolworths.com.au/shop/productdetails/185191/pyrex-cookware-rectangle-bowl-with-lid-11-cup",
        "imgName": "185191.jpg",
        "imgSrc": "https://cdn0.woolworths.media/content/wowproductimages/medium/185191.jpg",
        "name": "Pyrex Cookware Rectangle Bowl With Lid 11 Cup each",
        "price": 20,
        "special": 14
    },
    {
        "category": "specials",
        "href": "https://www.woolworths.com.au/shop/productdetails/205300/nature-s-own-high-strength-b12-1000mcg-tablets",
        "imgName": "205300.jpg",
        "imgSrc": "https://cdn0.woolworths.media/content/wowproductimages/medium/205300.jpg",
        "name": "Nature's Own High Strength B12 1000mcg Tablets 60",
        "price": 11,
        "unitPrice": "$18.33 / 100EA"
    },
    {
        "category": "specials",
        "href": "https://www.woolworths.com.au/shop/productdetails/192217/vanish-napisan-inwash-soaker-oxiaction-intelligence",
        "imgName": "192217.jpg",
        "imgSrc": "https://cdn0.woolworths.media/content/wowproductimages/medium/192217.jpg",
        "name": "Vanish Napisan Inwash & Soaker Oxiaction Intelligence 2kg",
        "price": 11,
        "unitPrice": "$5.50 / 1KG"
    },
    {
        "category": "specials",
        "href": "https://www.woolworths.com.au/shop/productdetails/226645/olay-total-effects-7-in-1-anti-ageing-serum",
        "imgName": "226645.jpg",
        "imgSrc": "https://cdn0.woolworths.media/content/wowproductimages/medium/226645.jpg",
        "name": "Olay Total Effects 7-in-1 Anti-ageing Serum 50ml",
        "price": 33.99,
        "special": 16.99,
        "unitPrice": "$33.98 / 100ML"
    },
    {
        "category": "specials",
        "href": "https://www.woolworths.com.au/shop/productdetails/205584/bonds-mens-underwear-guy-front-trunk-size-medium",
        "imgName": "205584.jpg",
        "imgSrc": "https://cdn0.woolworths.media/content/wowproductimages/medium/205584.jpg",
        "name": "Bonds Mens Underwear Guy Front Trunk Size Medium each",
        "price": 22,
        "special": 11
    },
    {
        "category": "specials",
        "href": "https://www.woolworths.com.au/shop/productdetails/206232/weight-watchers-meal-chicken-risotto",
        "imgName": "206232.jpg",
        "imgSrc": "https://cdn0.woolworths.media/content/wowproductimages/medium/206232.jpg",
        "name": "Weight Watchers Meal Chicken Risotto 320g",
        "price": 4,
        "unitPrice": "$1.25 / 100G"
    },
    {
        "category": "specials",
        "href": "https://www.woolworths.com.au/shop/productdetails/194278/gillette-blue-ii-disposable-shaving-razor-plus",
        "imgName": "194278.jpg",
        "imgSrc": "https://cdn0.woolworths.media/content/wowproductimages/medium/194278.jpg",
        "name": "Gillette Blue Ii Disposable Shaving Razor Plus 20pk",
        "price": 14.5,
        "unitPrice": "$0.73 / 1EA"
    },
    {
        "category": "specials",
        "href": "https://www.woolworths.com.au/shop/productdetails/205326/nature-s-own-odourless-fish-oil-1000mg-capsules",
        "imgName": "205326.jpg",
        "imgSrc": "https://cdn0.woolworths.media/content/wowproductimages/medium/205326.jpg",
        "name": "Nature's Own Odourless Fish Oil 1000mg Capsules 200",
        "price": 9.5,
        "unitPrice": "$4.75 / 100EA"
    },
    {
        "category": "specials",
        "href": "https://www.woolworths.com.au/shop/productdetails/246149/rinoldi-lasagne-pasta-instant-sheets",
        "imgName": "246149.jpg",
        "imgSrc": "https://cdn0.woolworths.media/content/wowproductimages/medium/246149.jpg",
        "name": "Rinoldi Lasagne Pasta Instant Sheets 250g",
        "price": 2.29,
        "special": 1.9,
        "unitPrice": "$0.76 / 100G"
    },
    {
        "category": "specials",
        "href": "https://www.woolworths.com.au/shop/productdetails/246190/woolworths-select-disinfectant-hospital-grade-lavender",
        "imgName": "246190.jpg",
        "imgSrc": "https://cdn0.woolworths.media/content/wowproductimages/medium/246190.jpg",
        "name": "Woolworths Select Disinfectant Hospital Grade Lavender 1.25l",
        "price": 2.49,
        "unitPrice": "$1.99 / 1L"
    },
    {
        "category": "specials",
        "href": "https://www.woolworths.com.au/shop/productdetails/176246/safcol-salmon-pouch-mild-red-chili",
        "imgName": "176246.jpg",
        "imgSrc": "https://cdn0.woolworths.media/content/wowproductimages/medium/176246.jpg",
        "name": "Safcol Salmon Pouch Mild Red Chili 100g",
        "price": 2,
        "unitPrice": "$20.00 / 1KG"
    },
    {
        "category": "specials",
        "href": "https://www.woolworths.com.au/shop/productdetails/201281/white-king-stain-remover-for-colours-trigger",
        "imgName": "201281.jpg",
        "imgSrc": "https://cdn0.woolworths.media/content/wowproductimages/medium/201281.jpg",
        "name": "White King Stain Remover For Colours Trigger 500ml",
        "price": 3.6,
        "unitPrice": "$7.20 / 1L"
    },
    {
        "category": "specials",
        "href": "https://www.woolworths.com.au/shop/productdetails/186602/vittoria-coffee-mountain-grown-ground-coffee",
        "imgName": "186602.jpg",
        "imgSrc": "https://cdn0.woolworths.media/content/wowproductimages/medium/186602.jpg",
        "name": "Vittoria Coffee Mountain Grown Ground Coffee 1kg",
        "price": 36.5,
        "special": 20,
        "unitPrice": "$2.00 / 100G"
    },
    {
        "category": "specials",
        "href": "https://www.woolworths.com.au/shop/productdetails/171902/fancy-feast-adult-cat-food-virgin-flaked-tuna",
        "imgName": "171902.jpg",
        "imgSrc": "https://cdn0.woolworths.media/content/wowproductimages/medium/171902.jpg",
        "name": "Fancy Feast Adult Cat Food Virgin Flaked Tuna 85g",
        "price": 1.8,
        "unitPrice": "$2.12 / 100G"
    },
    {
        "category": "specials",
        "href": "https://www.woolworths.com.au/shop/productdetails/210142/paradise-cottage-cookies-triple-chocolate",
        "imgName": "210142.jpg",
        "imgSrc": "https://cdn0.woolworths.media/content/wowproductimages/medium/210142.jpg",
        "name": "Paradise Cottage Cookies Triple Chocolate 250g",
        "price": 2.6,
        "special": 2,
        "unitPrice": "$0.80 / 100G"
    },
    {
        "category": "specials",
        "href": "https://www.woolworths.com.au/shop/productdetails/248347/annalisa-beans-four-mix",
        "imgName": "248347.jpg",
        "imgSrc": "https://cdn0.woolworths.media/content/wowproductimages/medium/248347.jpg",
        "name": "Annalisa Beans Four Mix 400g",
        "price": 1.5,
        "special": 1,
        "unitPrice": "$2.50 / 1KG"
    },
    {
        "category": "specials",
        "href": "https://www.woolworths.com.au/shop/productdetails/273026/palmolive-dishwash-original",
        "imgName": "273026.jpg",
        "imgSrc": "https://cdn0.woolworths.media/content/wowproductimages/medium/273026.jpg",
        "name": "Palmolive Dishwash Original 750ml",
        "price": 3.5,
        "unitPrice": "$0.47 / 100ML"
    },
    {
        "category": "specials",
        "href": "https://www.woolworths.com.au/shop/productdetails/252358/always-fresh-pitted-kalamata-olives",
        "imgName": "252358.jpg",
        "imgSrc": "https://cdn0.woolworths.media/content/wowproductimages/medium/252358.jpg",
        "name": "Always Fresh Pitted Kalamata Olives  670g",
        "price": 7.6,
        "special": 3.8,
        "unitPrice": "$5.67 / 1KG"
    },
    {
        "category": "specials",
        "href": "https://www.woolworths.com.au/shop/productdetails/261150/arnott-s-iced-vovo",
        "imgName": "261150.jpg",
        "imgSrc": "https://cdn0.woolworths.media/content/wowproductimages/medium/261150.jpg",
        "name": "Arnott's Iced Vovo  210g",
        "price": 3.05,
        "special": 2.5,
        "unitPrice": "$1.19 / 100G"
    },
    {
        "category": "specials",
        "href": "https://www.woolworths.com.au/shop/productdetails/211641/multix-kitchen-tidy-bags-large-colour-scents-original",
        "imgName": "211641.jpg",
        "imgSrc": "https://cdn0.woolworths.media/content/wowproductimages/medium/211641.jpg",
        "name": "Multix Kitchen Tidy Bags Large Colour Scents Original 30pk",
        "price": 3.8,
        "unitPrice": "$0.13 / 1EA"
    },
    {
        "category": "specials",
        "href": "https://www.woolworths.com.au/shop/productdetails/250029/essentials-plastic-spoons-dessert",
        "imgName": "250029.jpg",
        "imgSrc": "https://cdn0.woolworths.media/content/wowproductimages/medium/250029.jpg",
        "name": "Essentials Plastic Spoons Dessert 20pk",
        "price": 1,
        "unitPrice": "$0.05 / 1EA"
    },
    {
        "category": "specials",
        "href": "https://www.woolworths.com.au/shop/productdetails/257406/maggi-tasty-cheese-sauce-instant-sauces",
        "imgName": "257406.jpg",
        "imgSrc": "https://cdn0.woolworths.media/content/wowproductimages/medium/257406.jpg",
        "name": "Maggi Tasty Cheese Sauce Instant Sauces 36g",
        "price": 1,
        "special": 0.8,
        "unitPrice": "$0.20 / 10G"
    },
    {
        "category": "specials",
        "href": "https://www.woolworths.com.au/shop/productdetails/260476/garnier-nutrisse-3-0-espresso",
        "imgName": "260476.jpg",
        "imgSrc": "https://cdn0.woolworths.media/content/wowproductimages/medium/260476.jpg",
        "name": "Garnier Nutrisse 3.0 Espresso 1pk",
        "price": 12
    },
    {
        "category": "specials",
        "href": "https://www.woolworths.com.au/shop/productdetails/253553/bulla-creamy-classics-ice-cream-cookies-cream-and-cream-vanilla",
        "imgName": "253553.jpg",
        "imgSrc": "https://cdn0.woolworths.media/content/wowproductimages/medium/253553.jpg",
        "name": "Bulla Creamy Classics Ice Cream Cookies & Cream And Cream Vanilla 6pk 540ml",
        "price": 7.5,
        "special": 5,
        "unitPrice": "$0.93 / 100ML"
    },
    {
        "category": "specials",
        "href": "https://www.woolworths.com.au/shop/productdetails/294604/quilton-classic-toilet-tissue-3ply-white-190sheets",
        "imgName": "294604.jpg",
        "imgSrc": "https://cdn0.woolworths.media/content/wowproductimages/medium/294604.jpg",
        "name": "Quilton Classic Toilet Tissue 3ply White 190sheets 24pk",
        "price": 12,
        "unitPrice": "$0.26 / 100SS"
    },
    {
        "category": "specials",
        "href": "https://www.woolworths.com.au/shop/productdetails/251612/colgate-toothpaste-regular-flavour",
        "imgName": "251612.jpg",
        "imgSrc": "https://cdn0.woolworths.media/content/wowproductimages/medium/251612.jpg",
        "name": "Colgate Toothpaste Regular Flavour 90g",
        "price": 1.79,
        "unitPrice": "$1.99 / 100G"
    },
    {
        "category": "specials",
        "href": "https://www.woolworths.com.au/shop/productdetails/247153/flora-margarine-spread-buttery",
        "imgName": "247153.jpg",
        "imgSrc": "https://cdn0.woolworths.media/content/wowproductimages/medium/247153.jpg",
        "name": "Flora Margarine Spread Buttery 500g",
        "price": 2.99,
        "unitPrice": "$0.60 / 100G"
    },
    {
        "category": "specials",
        "href": "https://www.woolworths.com.au/shop/productdetails/302223/oral-b-powered-toothbrush-heads-precision-clean",
        "imgName": "302223.jpg",
        "imgSrc": "https://cdn0.woolworths.media/content/wowproductimages/medium/302223.jpg",
        "name": "Oral-b Powered Toothbrush Heads Precision Clean 5pk",
        "price": 32.75,
        "unitPrice": "$6.55 / 1EA"
    },
    {
        "category": "specials",
        "href": "https://www.woolworths.com.au/shop/productdetails/233996/mazzetti-vinegar-balsamic-glaze",
        "imgName": "233996.jpg",
        "imgSrc": "https://cdn0.woolworths.media/content/wowproductimages/medium/233996.jpg",
        "name": "Mazzetti Vinegar Balsamic Glaze 215ml",
        "price": 7,
        "special": 6.4,
        "unitPrice": "$2.98 / 100ML"
    },
    {
        "category": "specials",
        "href": "https://www.woolworths.com.au/shop/productdetails/245542/chef-craft-utensil-stainless-steel-tongs-23cm",
        "imgName": "245542.jpg",
        "imgSrc": "https://cdn0.woolworths.media/content/wowproductimages/medium/245542.jpg",
        "name": "Chef Craft Utensil Stainless Steel Tongs 23cm 2pk",
        "price": 3
    },
    {
        "category": "specials",
        "href": "https://www.woolworths.com.au/shop/productdetails/252659/borg-s-shortcrust-pastry-value",
        "imgName": "252659.jpg",
        "imgSrc": "https://cdn0.woolworths.media/content/wowproductimages/medium/252659.jpg",
        "name": "Borg's Shortcrust Pastry Value 1.7kg",
        "price": 5,
        "unitPrice": "$0.29 / 100G"
    },
    {
        "category": "specials",
        "href": "https://www.woolworths.com.au/shop/productdetails/262123/nature-s-own-odourless-fish-oil-1000mg-capsules",
        "imgName": "262123.jpg",
        "imgSrc": "https://cdn0.woolworths.media/content/wowproductimages/medium/262123.jpg",
        "name": "Nature's Own Odourless Fish Oil 1000mg Capsules 400",
        "price": 15,
        "unitPrice": "$3.75 / 100EA"
    },
    {
        "category": "specials",
        "href": "https://www.woolworths.com.au/shop/productdetails/323404/masterfoods-finishing-sauce-creamy-white",
        "imgName": "323404.jpg",
        "imgSrc": "https://cdn0.woolworths.media/content/wowproductimages/medium/323404.jpg",
        "name": "Masterfoods Finishing Sauce Creamy White 160g",
        "price": 2.65,
        "unitPrice": "$1.66 / 100G"
    },
    {
        "category": "specials",
        "href": "https://www.woolworths.com.au/shop/productdetails/246918/bonds-womens-underwear-hipster-boyleg-size-12",
        "imgName": "246918.jpg",
        "imgSrc": "https://cdn0.woolworths.media/content/wowproductimages/medium/246918.jpg",
        "name": "Bonds Womens Underwear Hipster Boyleg Size 12 2pk",
        "price": 18,
        "special": 9
    },
    {
        "category": "specials",
        "href": "https://www.woolworths.com.au/shop/productdetails/233250/tena-active-panty-liners-odour-control",
        "imgName": "233250.jpg",
        "imgSrc": "https://cdn0.woolworths.media/content/wowproductimages/medium/233250.jpg",
        "name": "Tena Active Panty Liners Odour Control 30pk",
        "price": 5,
        "unitPrice": "$0.17 / 1EA"
    },
    {
        "category": "specials",
        "href": "https://www.woolworths.com.au/shop/productdetails/259046/aware-sensitive-top-front-loader-laundry-powder",
        "imgName": "259046.jpg",
        "imgSrc": "https://cdn0.woolworths.media/content/wowproductimages/medium/259046.jpg",
        "name": "Aware Sensitive Top & Front Loader Laundry Powder 1.5kg",
        "price": 6.75,
        "unitPrice": "$4.50 / 1KG"
    },
    {
        "category": "specials",
        "href": "https://www.woolworths.com.au/shop/productdetails/261472/la-casa-del-formaggio-traditional-bocconcini",
        "imgName": "261472.jpg",
        "imgSrc": "https://cdn0.woolworths.media/content/wowproductimages/medium/261472.jpg",
        "name": "La Casa Del Formaggio Traditional Bocconcini  220g",
        "price": 5.5,
        "special": 4.2,
        "unitPrice": "$19.09 / 1KG"
    },
    {
        "category": "specials",
        "href": "https://www.woolworths.com.au/shop/productdetails/333586/nurofen-capsules-liquid-zavance",
        "imgName": "333586.jpg",
        "imgSrc": "https://cdn0.woolworths.media/content/wowproductimages/medium/333586.jpg",
        "name": "Nurofen Capsules Liquid Zavance 20pk",
        "price": 6.5,
        "special": 6,
        "unitPrice": "$0.30 / 1EA"
    },
    {
        "category": "specials",
        "href": "https://www.woolworths.com.au/shop/productdetails/326669/air-wick-plug-in-air-freshener-vanilla-refill",
        "imgName": "326669.jpg",
        "imgSrc": "https://cdn0.woolworths.media/content/wowproductimages/medium/326669.jpg",
        "name": "Air Wick Plug-in Air Freshener Vanilla Refill 2x19ml",
        "price": 9.99,
        "unitPrice": "$2.38 / 10ML"
    },
    {
        "category": "specials",
        "href": "https://www.woolworths.com.au/shop/productdetails/342678/ainsley-harriot-cous-cous-roasted-vegetable",
        "imgName": "342678.jpg",
        "imgSrc": "https://cdn0.woolworths.media/content/wowproductimages/medium/342678.jpg",
        "name": "Ainsley Harriot Cous Cous Roasted Vegetable 100g",
        "price": 2.1,
        "unitPrice": "$2.10 / 100G"
    },
    {
        "category": "specials",
        "href": "https://www.woolworths.com.au/shop/productdetails/359579/my-dog-puppy-food-turkey-loaf-with-rice-carrot",
        "imgName": "359579.jpg",
        "imgSrc": "https://cdn0.woolworths.media/content/wowproductimages/medium/359579.jpg",
        "name": "My Dog Puppy Food Turkey Loaf With Rice & Carrot 400g",
        "price": 2.1,
        "special": 1.8,
        "unitPrice": "$0.45 / 100G"
    },
    {
        "category": "specials",
        "href": "https://www.woolworths.com.au/shop/productdetails/335534/latina-fresh-roast-chicken-garlic-ravioli",
        "imgName": "335534.jpg",
        "imgSrc": "https://cdn0.woolworths.media/content/wowproductimages/medium/335534.jpg",
        "name": "Latina Fresh Roast Chicken & Garlic Ravioli 625g",
        "price": 7,
        "unitPrice": "$1.12 / 100G"
    },
    {
        "category": "specials",
        "href": "https://www.woolworths.com.au/shop/productdetails/336421/dine-desire-adult-cat-food-tuna-fillets-prawns",
        "imgName": "336421.jpg",
        "imgSrc": "https://cdn0.woolworths.media/content/wowproductimages/medium/336421.jpg",
        "name": "Dine Desire Adult Cat Food Tuna Fillets & Prawns 6pk",
        "price": 8,
        "unitPrice": "$1.57 / 100G"
    },
    {
        "category": "specials",
        "href": "https://www.woolworths.com.au/shop/productdetails/431198/comfort-fabric-softener-pure",
        "imgName": "431198.jpg",
        "imgSrc": "https://cdn0.woolworths.media/content/wowproductimages/medium/431198.jpg",
        "name": "Comfort Fabric Softener Pure 2l",
        "price": 12,
        "unitPrice": "$6.00 / 1L"
    },
    {
        "category": "specials",
        "href": "https://www.woolworths.com.au/shop/productdetails/332285/strepsils-lozenges-honey-and-lemon",
        "imgName": "332285.jpg",
        "imgSrc": "https://cdn0.woolworths.media/content/wowproductimages/medium/332285.jpg",
        "name": "Strepsils Lozenges Honey And Lemon 16pk",
        "price": 5.5,
        "unitPrice": "$0.34 / 1EA"
    },
    {
        "category": "specials",
        "href": "https://www.woolworths.com.au/shop/productdetails/347130/macro-organic-turkish-figs",
        "imgName": "347130.jpg",
        "imgSrc": "https://cdn0.woolworths.media/content/wowproductimages/medium/347130.jpg",
        "name": "Macro Organic Turkish Figs 500g",
        "price": 10,
        "special": 9,
        "unitPrice": "$18.00 / 1KG"
    },
    {
        "category": "specials",
        "href": "https://www.woolworths.com.au/shop/productdetails/321211/cow-bombie-cabernet-merlot-margaret-river",
        "imgName": "321211.jpg",
        "imgSrc": "https://cdn0.woolworths.media/content/wowproductimages/medium/321211.jpg",
        "name": "Cow Bombie Cabernet Merlot Margaret River 750ml",
        "price": 17,
        "special": 13
    },
    {
        "category": "specials",
        "href": "https://www.woolworths.com.au/shop/productdetails/323309/willow-farm-dip-tzatziki",
        "imgName": "323309.jpg",
        "imgSrc": "https://cdn0.woolworths.media/content/wowproductimages/medium/323309.jpg",
        "name": "Willow Farm Dip Tzatziki 200g",
        "price": 2,
        "unitPrice": "$1.00 / 100G"
    },
    {
        "category": "specials",
        "href": "https://www.woolworths.com.au/shop/productdetails/346656/ansell-handy-fresh-disposable-gloves-medium",
        "imgName": "346656.jpg",
        "imgSrc": "https://cdn0.woolworths.media/content/wowproductimages/medium/346656.jpg",
        "name": "Ansell Handy Fresh Disposable Gloves Medium 24pk",
        "price": 3.99,
        "special": 3.55,
        "unitPrice": "$0.15 / 1EA"
    },
    {
        "category": "specials",
        "href": "https://www.woolworths.com.au/shop/productdetails/324231/uncle-tobys-roll-ups-strawberry-funprint",
        "imgName": "324231.jpg",
        "imgSrc": "https://cdn0.woolworths.media/content/wowproductimages/medium/324231.jpg",
        "name": "Uncle Tobys Roll-ups Strawberry Funprint 6pk 94g",
        "price": 4.1,
        "special": 3,
        "unitPrice": "$3.19 / 100G"
    },
    {
        "category": "specials",
        "href": "https://www.woolworths.com.au/shop/productdetails/305389/barilla-casarecce-pasta",
        "imgName": "305389.jpg",
        "imgSrc": "https://cdn0.woolworths.media/content/wowproductimages/medium/305389.jpg",
        "name": "Barilla Casarecce Pasta 500g",
        "price": 1.99,
        "unitPrice": "$0.40 / 100G"
    },
    {
        "category": "specials",
        "href": "https://www.woolworths.com.au/shop/productdetails/331445/vaalia-kids-yoghurt-pouch-vanilla",
        "imgName": "331445.jpg",
        "imgSrc": "https://cdn0.woolworths.media/content/wowproductimages/medium/331445.jpg",
        "name": "Vaalia Kids Yoghurt Pouch Vanilla 140g",
        "price": 1.9,
        "unitPrice": "$1.36 / 100G"
    },
    {
        "category": "specials",
        "href": "https://www.woolworths.com.au/shop/productdetails/300441/strepsils-lozenges-sore-throat-blocked-nose",
        "imgName": "300441.jpg",
        "imgSrc": "https://cdn0.woolworths.media/content/wowproductimages/medium/300441.jpg",
        "name": "Strepsils Lozenges Sore Throat & Blocked Nose 16pk",
        "price": 5.5,
        "unitPrice": "$0.34 / 1EA"
    },
    {
        "category": "specials",
        "href": "https://www.woolworths.com.au/shop/productdetails/480198/the-bar-counter-high-protein-bar-raspberry-truffle",
        "imgName": "480198.jpg",
        "imgSrc": "https://cdn0.woolworths.media/content/wowproductimages/medium/480198.jpg",
        "name": "The Bar Counter High Protein Bar Raspberry Truffle 40g",
        "price": 2.59,
        "special": 1.95,
        "unitPrice": "$4.88 / 100G"
    },
    {
        "category": "specials",
        "href": "https://www.woolworths.com.au/shop/productdetails/480258/your-majesty-cat-food-senior-shredded-chicken-fillet",
        "imgName": "480258.jpg",
        "imgSrc": "https://cdn0.woolworths.media/content/wowproductimages/medium/480258.jpg",
        "name": "Your Majesty Cat Food Senior Shredded Chicken Fillet 85g",
        "price": 0.7,
        "unitPrice": "$0.82 / 100G"
    },
    {
        "category": "specials",
        "href": "https://www.woolworths.com.au/shop/productdetails/430627/omo-active-clean-laundry-liquid-detergent-front-top-loader",
        "imgName": "430627.jpg",
        "imgSrc": "https://cdn0.woolworths.media/content/wowproductimages/medium/430627.jpg",
        "name": "Omo Active Clean Laundry Liquid Detergent Front & Top Loader 4l",
        "price": 24,
        "unitPrice": "$6.00 / 1L"
    },
    {
        "category": "specials",
        "href": "https://www.woolworths.com.au/shop/productdetails/407181/sistema-bento-box",
        "imgName": "407181.jpg",
        "imgSrc": "https://cdn0.woolworths.media/content/wowproductimages/medium/407181.jpg",
        "name": "Sistema Bento Box  each",
        "price": 15,
        "special": 7.5
    },
    {
        "category": "specials",
        "href": "https://www.woolworths.com.au/shop/productdetails/504858/thawed-marinated-garlic-prawns",
        "imgName": "504858.jpg",
        "imgSrc": "https://cdn0.woolworths.media/content/wowproductimages/medium/504858.jpg",
        "name": "Thawed Marinated Garlic Prawns  per kg",
        "price": 27,
        "special": 25,
        "unitPrice": "$25.00 / 1KG"
    },
    {
        "category": "specials",
        "href": "https://www.woolworths.com.au/shop/productdetails/505301/bulla-frozen-greek-yoghurt-raspberry-fig",
        "imgName": "505301.jpg",
        "imgSrc": "https://cdn0.woolworths.media/content/wowproductimages/medium/505301.jpg",
        "name": "Bulla Frozen Greek Yoghurt Raspberry & Fig 1l",
        "price": 6,
        "special": 5,
        "unitPrice": "$0.71 / 100G"
    },
    {
        "category": "specials",
        "href": "https://www.woolworths.com.au/shop/productdetails/381692/dine-desire-adult-cat-food-succulent-chicken-breast",
        "imgName": "381692.jpg",
        "imgSrc": "https://cdn0.woolworths.media/content/wowproductimages/medium/381692.jpg",
        "name": "Dine Desire Adult Cat Food Succulent Chicken Breast 6pk",
        "price": 8,
        "unitPrice": "$1.57 / 100G"
    },
    {
        "category": "specials",
        "href": "https://www.woolworths.com.au/shop/productdetails/476733/mud-lipstick-barely-blushing",
        "imgName": "476733.jpg",
        "imgSrc": "https://cdn0.woolworths.media/content/wowproductimages/medium/476733.jpg",
        "name": "Mud Lipstick Barely Blushing 2.1g",
        "price": 4.5,
        "unitPrice": "$4.50 / 1EA"
    },
    {
        "category": "specials",
        "href": "https://www.woolworths.com.au/shop/productdetails/463186/sunsilk-biotin-conditioner-longer-stronger",
        "imgName": "463186.jpg",
        "imgSrc": "https://cdn0.woolworths.media/content/wowproductimages/medium/463186.jpg",
        "name": "Sunsilk Biotin Conditioner Longer & Stronger 700ml",
        "price": 10,
        "special": 7,
        "unitPrice": "$1.00 / 100ML"
    },
    {
        "category": "specials",
        "href": "https://www.woolworths.com.au/shop/productdetails/465070/always-fresh-sundried-tomatos-strips",
        "imgName": "465070.jpg",
        "imgSrc": "https://cdn0.woolworths.media/content/wowproductimages/medium/465070.jpg",
        "name": "Always Fresh Sundried Tomatos Strips 220g",
        "price": 4.2,
        "special": 3.8,
        "unitPrice": "$17.27 / 1KG"
    },
    {
        "category": "specials",
        "href": "https://www.woolworths.com.au/shop/productdetails/362471/cottee-s-cordial-tropical",
        "imgName": "362471.jpg",
        "imgSrc": "https://cdn0.woolworths.media/content/wowproductimages/medium/362471.jpg",
        "name": "Cottee's Cordial Tropical 1l",
        "price": 4.2,
        "special": 3.5,
        "unitPrice": "$3.50 / 1L"
    },
    {
        "category": "specials",
        "href": "https://www.woolworths.com.au/shop/productdetails/363572/schwarzkopf-extra-care-shampoo-push-up-volume-hair-repair",
        "imgName": "363572.jpg",
        "imgSrc": "https://cdn0.woolworths.media/content/wowproductimages/medium/363572.jpg",
        "name": "Schwarzkopf Extra Care Shampoo Push Up Volume Hair Repair 400ml",
        "price": 6.9,
        "special": 3.44,
        "unitPrice": "$0.86 / 100ML"
    },
    {
        "category": "specials",
        "href": "https://www.woolworths.com.au/shop/productdetails/381208/palmolive-naturals-body-wash-pomegranate-mango",
        "imgName": "381208.jpg",
        "imgSrc": "https://cdn0.woolworths.media/content/wowproductimages/medium/381208.jpg",
        "name": "Palmolive Naturals Body Wash Pomegranate & Mango 1l",
        "price": 8.5,
        "special": 7,
        "unitPrice": "$0.70 / 100ML"
    },
    {
        "category": "specials",
        "href": "https://www.woolworths.com.au/shop/productdetails/554677/lavazza-amodo-mio-deliziosamente-coffee-capsules",
        "imgName": "554677.jpg",
        "imgSrc": "https://cdn0.woolworths.media/content/wowproductimages/medium/554677.jpg",
        "name": "Lavazza Amodo Mio Deliziosamente Coffee Capsules 16pk",
        "price": 11,
        "special": 8,
        "unitPrice": "$0.50 / 1EA"
    },
    {
        "category": "specials",
        "href": "https://www.woolworths.com.au/shop/productdetails/345596/byron-bay-cookies-gluten-free-white-choc-mac-nut",
        "imgName": "345596.jpg",
        "imgSrc": "https://cdn0.woolworths.media/content/wowproductimages/medium/345596.jpg",
        "name": "Byron Bay Cookies Gluten Free White Choc Mac Nut 60g",
        "price": 1.5,
        "unitPrice": "$2.50 / 100G"
    },
    {
        "category": "specials",
        "href": "https://www.woolworths.com.au/shop/productdetails/380315/tena-pads-normal-fresh-odour-control",
        "imgName": "380315.jpg",
        "imgSrc": "https://cdn0.woolworths.media/content/wowproductimages/medium/380315.jpg",
        "name": "Tena Pads Normal Fresh Odour Control 24pk",
        "price": 9,
        "unitPrice": "$0.38 / 1EA"
    },
    {
        "category": "specials",
        "href": "https://www.woolworths.com.au/shop/productdetails/500751/schick-hydro-silk-womens-disposable-razor",
        "imgName": "500751.jpg",
        "imgSrc": "https://cdn0.woolworths.media/content/wowproductimages/medium/500751.jpg",
        "name": "Schick Hydro Silk Womens Disposable Razor 2pk",
        "price": 9,
        "special": 6.3,
        "unitPrice": "$3.15 / 1EA"
    },
    {
        "category": "specials",
        "href": "https://www.woolworths.com.au/shop/productdetails/380431/maybelline-fit-me-foundation-powder-classic-ivory",
        "imgName": "380431.jpg",
        "imgSrc": "https://cdn0.woolworths.media/content/wowproductimages/medium/380431.jpg",
        "name": "Maybelline Fit Me Foundation Powder Classic Ivory 9g"
    },
    {
        "category": "specials",
        "href": "https://www.woolworths.com.au/shop/productdetails/442207/brita-fill-enjoy-jug-blue",
        "imgName": "442207.jpg",
        "imgSrc": "https://cdn0.woolworths.media/content/wowproductimages/medium/442207.jpg",
        "name": "Brita Fill & Enjoy Jug Blue 1.5l each",
        "price": 28.95,
        "special": 20.26
    },
    {
        "category": "specials",
        "href": "https://www.woolworths.com.au/shop/productdetails/481191/your-majesty-cat-food-tuna-flakes-chunks-selection",
        "imgName": "481191.jpg",
        "imgSrc": "https://cdn0.woolworths.media/content/wowproductimages/medium/481191.jpg",
        "name": "Your Majesty Cat Food Tuna Flakes & Chunks Selection 6x85g",
        "price": 4,
        "unitPrice": "$0.78 / 100G"
    },
    {
        "category": "specials",
        "href": "https://www.woolworths.com.au/shop/productdetails/584285/edgell-four-bean-mix",
        "imgName": "584285.jpg",
        "imgSrc": "https://cdn0.woolworths.media/content/wowproductimages/medium/584285.jpg",
        "name": "Edgell Four Bean Mix  400g",
        "price": 1.78,
        "unitPrice": "$4.45 / 1KG"
    },
    {
        "category": "specials",
        "href": "https://www.woolworths.com.au/shop/productdetails/559252/maybelline-micro-brow-precise-pencil-soft-brown",
        "imgName": "559252.jpg",
        "imgSrc": "https://cdn0.woolworths.media/content/wowproductimages/medium/559252.jpg",
        "name": "Maybelline Micro Brow Precise Pencil Soft Brown 60mg"
    },
    {
        "category": "specials",
        "href": "https://www.woolworths.com.au/shop/productdetails/476947/maybelline-colour-sensational-vivids-matte-lip-colour-35-rebel-red",
        "imgName": "476947.jpg",
        "imgSrc": "https://cdn0.woolworths.media/content/wowproductimages/medium/476947.jpg",
        "name": "Maybelline Colour Sensational Vivids Matte Lip Colour 35 Rebel Red 272",
        "price": 17.95,
        "special": 12.55,
        "unitPrice": "$16.30 / 10ML"
    },
    {
        "category": "specials",
        "href": "https://www.woolworths.com.au/shop/productdetails/574730/bega-cheddar-stringers",
        "imgName": "574730.jpg",
        "imgSrc": "https://cdn0.woolworths.media/content/wowproductimages/medium/574730.jpg",
        "name": "Bega Cheddar Stringers  240g",
        "price": 6,
        "unitPrice": "$25.00 / 1KG"
    },
    {
        "category": "specials",
        "href": "https://www.woolworths.com.au/shop/productdetails/532342/cenovis-once-daily-50-multi-vitamins-minerals",
        "imgName": "532342.jpg",
        "imgSrc": "https://cdn0.woolworths.media/content/wowproductimages/medium/532342.jpg",
        "name": "Cenovis Once Daily 50+ Multi Vitamins & Minerals 100pk",
        "price": 20,
        "unitPrice": "$20.00 / 100EA"
    },
    {
        "category": "specials",
        "href": "https://www.woolworths.com.au/shop/productdetails/510886/glade-candle-cashmere-woods",
        "imgName": "510886.jpg",
        "imgSrc": "https://cdn0.woolworths.media/content/wowproductimages/medium/510886.jpg",
        "name": "Glade Candle Cashmere Woods 96g",
        "price": 6,
        "unitPrice": "$6.00 / 1EA"
    },
    {
        "category": "specials",
        "href": "https://www.woolworths.com.au/shop/productdetails/513488/golp-yoghurt-for-dogs-vanilla",
        "imgName": "513488.jpg",
        "imgSrc": "https://cdn0.woolworths.media/content/wowproductimages/medium/513488.jpg",
        "name": "Golp Yoghurt For Dogs Vanilla 6x70g",
        "price": 9,
        "special": 8.5,
        "unitPrice": "$2.02 / 100G"
    },
    {
        "category": "specials",
        "href": "https://www.woolworths.com.au/shop/productdetails/656670/smokehouse-republic-bacon-cheese-bratwurst-sausages",
        "imgName": "656670.jpg",
        "imgSrc": "https://cdn0.woolworths.media/content/wowproductimages/medium/656670.jpg",
        "name": "Smokehouse Republic Bacon & Cheese Bratwurst Sausages 400g",
        "price": 7,
        "special": 6.5,
        "unitPrice": "$16.25 / 1KG"
    },
    {
        "category": "specials",
        "href": "https://www.woolworths.com.au/shop/productdetails/545637/cold-power-regular-front-top-powder",
        "imgName": "545637.jpg",
        "imgSrc": "https://cdn0.woolworths.media/content/wowproductimages/medium/545637.jpg",
        "name": "Cold Power Regular Front & Top Powder 4kg",
        "price": 20,
        "unitPrice": "$5.00 / 1KG"
    },
    {
        "category": "specials",
        "href": "https://www.woolworths.com.au/shop/productdetails/510002/bonds-action-brief-extra-large",
        "imgName": "510002.jpg",
        "imgSrc": "https://cdn0.woolworths.media/content/wowproductimages/medium/510002.jpg",
        "name": "Bonds Action Brief Extra Large 4pk",
        "price": 22,
        "special": 11
    },
    {
        "category": "specials",
        "href": "https://www.woolworths.com.au/shop/productdetails/663922/toshiba-sm02-16gb-usb-3pk",
        "imgName": "663922.jpg",
        "imgSrc": "https://cdn0.woolworths.media/content/wowproductimages/medium/663922.jpg",
        "name": "Toshiba Sm02 16gb Usb 3pk  3pk",
        "price": 34,
        "special": 29
    },
    {
        "category": "specials",
        "href": "https://www.woolworths.com.au/shop/productdetails/587969/sunbites-caramelised-onion-balsamic-snack-crackers-with-quinoa",
        "imgName": "587969.jpg",
        "imgSrc": "https://cdn0.woolworths.media/content/wowproductimages/medium/587969.jpg",
        "name": "Sunbites Caramelised Onion & Balsamic Snack Crackers With Quinoa 120g",
        "price": 3.5,
        "special": 2.5,
        "unitPrice": "$2.08 / 100G"
    },
    {
        "category": "specials",
        "href": "https://www.woolworths.com.au/shop/productdetails/633611/connoisseur-mango-coconut-ice-cream",
        "imgName": "633611.jpg",
        "imgSrc": "https://cdn0.woolworths.media/content/wowproductimages/medium/633611.jpg",
        "name": "Connoisseur Mango & Coconut Ice Cream 4pk 455ml",
        "price": 8.4,
        "special": 6,
        "unitPrice": "$1.32 / 100ML"
    },
    {
        "category": "specials",
        "href": "https://www.woolworths.com.au/shop/productdetails/629973/thankyou-jumbo-nappies-newborn-up-to-5kg",
        "imgName": "629973.jpg",
        "imgSrc": "https://cdn0.woolworths.media/content/wowproductimages/medium/629973.jpg",
        "name": "Thankyou Jumbo Nappies Newborn Up To 5kg 108ea",
        "price": 33,
        "special": 25,
        "unitPrice": "$0.23 / 1EA"
    },
    {
        "category": "specials",
        "href": "https://www.woolworths.com.au/shop/productdetails/698867/macro-organic-extra-virgin-spanish-olive-oil",
        "imgName": "698867.jpg",
        "imgSrc": "https://cdn0.woolworths.media/content/wowproductimages/medium/698867.jpg",
        "name": "Macro Organic Extra Virgin Spanish Olive Oil 500ml",
        "price": 5,
        "unitPrice": "$1.00 / 100ML"
    },
    {
        "category": "specials",
        "href": "https://www.woolworths.com.au/shop/productdetails/724612/dettol-foam-hand-wash-rose-cherry-in-bloom",
        "imgName": "724612.jpg",
        "imgSrc": "https://cdn0.woolworths.media/content/wowproductimages/medium/724612.jpg",
        "name": "Dettol Foam Hand Wash Rose & Cherry In Bloom 250ml",
        "price": 2.5,
        "unitPrice": "$1.00 / 100ML"
    },
    {
        "category": "specials",
        "href": "https://www.woolworths.com.au/shop/productdetails/690091/woolworths-peppermint-tea",
        "imgName": "690091.jpg",
        "imgSrc": "https://cdn0.woolworths.media/content/wowproductimages/medium/690091.jpg",
        "name": "Woolworths Peppermint Tea 40pk",
        "price": 2,
        "unitPrice": "$3.33 / 100G"
    },
    {
        "category": "specials",
        "href": "https://www.woolworths.com.au/shop/productdetails/723732/woolworths-select-electric-diffuser-primary-frangipani",
        "imgName": "723732.jpg",
        "imgSrc": "https://cdn0.woolworths.media/content/wowproductimages/medium/723732.jpg",
        "name": "Woolworths Select Electric Diffuser Primary Frangipani 1pk",
        "price": 9.99,
        "unitPrice": "$9.99 / 1EA"
    },
    {
        "category": "specials",
        "href": "https://www.woolworths.com.au/shop/productdetails/701901/uncle-tobys-plus-protein",
        "imgName": "701901.jpg",
        "imgSrc": "https://cdn0.woolworths.media/content/wowproductimages/medium/701901.jpg",
        "name": "Uncle Tobys Plus Protein 410g",
        "price": 4.49,
        "special": 3,
        "unitPrice": "$0.73 / 100G"
    },
    {
        "category": "specials",
        "href": "https://www.woolworths.com.au/shop/productdetails/651496/unicorn-chilli-brie-wedge",
        "imgName": "651496.jpg",
        "imgSrc": "https://cdn0.woolworths.media/content/wowproductimages/medium/651496.jpg",
        "name": "Unicorn Chilli Brie Wedge 150g",
        "price": 4.5,
        "special": 4,
        "unitPrice": "$26.67 / 1KG"
    },
    {
        "category": "specials",
        "href": "https://www.woolworths.com.au/shop/productdetails/664528/mccain-pizza-takeaway-angus-steak-bacon",
        "imgName": "664528.jpg",
        "imgSrc": "https://cdn0.woolworths.media/content/wowproductimages/medium/664528.jpg",
        "name": "Mccain Pizza Takeaway Angus Steak & Bacon 500g",
        "price": 7.5,
        "unitPrice": "$1.50 / 100G"
    },
    {
        "category": "specials",
        "href": "https://www.woolworths.com.au/shop/productdetails/715950/frico-gouda-cheese-wedge",
        "imgName": "715950.jpg",
        "imgSrc": "https://cdn0.woolworths.media/content/wowproductimages/medium/715950.jpg",
        "name": "Frico Gouda Cheese Wedge 260g",
        "price": 6.99,
        "special": 6,
        "unitPrice": "$23.08 / 1KG"
    },
    {
        "category": "specials",
        "href": "https://www.woolworths.com.au/shop/productdetails/716747/optimum-adult-dog-food-with-lamb-barley-vegetables",
        "imgName": "716747.jpg",
        "imgSrc": "https://cdn0.woolworths.media/content/wowproductimages/medium/716747.jpg",
        "name": "Optimum Adult Dog Food With Lamb Barley & Vegetables 100g",
        "price": 1.35,
        "special": 1.1,
        "unitPrice": "$1.10 / 100G"
    },
    {
        "category": "specials",
        "href": "https://www.woolworths.com.au/shop/productdetails/743732/karicare-plus-follow-on-formula-stage-2-6-12-months",
        "imgName": "743732.jpg",
        "imgSrc": "https://cdn0.woolworths.media/content/wowproductimages/medium/743732.jpg",
        "name": "Karicare Plus+ Follow-on Formula Stage 2 6-12 Months 900g",
        "price": 20,
        "unitPrice": "$2.22 / 100G"
    },
    {
        "category": "specials",
        "href": "https://www.woolworths.com.au/shop/productdetails/573140/radius-insect-repellent-tropical-strength",
        "imgName": "573140.jpg",
        "imgSrc": "https://cdn0.woolworths.media/content/wowproductimages/medium/573140.jpg",
        "name": "Radius Insect Repellent Tropical Strength 150g",
        "price": 4,
        "unitPrice": "$2.67 / 100G"
    },
    {
        "category": "specials",
        "href": "https://www.woolworths.com.au/shop/productdetails/712422/rexona-women-antiperspirant-deodorant-spray-invisible-dry-pure",
        "imgName": "712422.jpg",
        "imgSrc": "https://cdn0.woolworths.media/content/wowproductimages/medium/712422.jpg",
        "name": "Rexona Women Antiperspirant Deodorant Spray Invisible Dry Pure 250ml",
        "price": 7,
        "special": 5,
        "unitPrice": "$2.00 / 100ML"
    },
    {
        "category": "specials",
        "href": "https://www.woolworths.com.au/shop/productdetails/709557/rafferty-s-garden-food-4-months-apple-banana-peach",
        "imgName": "709557.jpg",
        "imgSrc": "https://cdn0.woolworths.media/content/wowproductimages/medium/709557.jpg",
        "name": "Rafferty's Garden Food 4 Months+ Apple, Banana & Peach 120g",
        "price": 1.65,
        "unitPrice": "$1.38 / 100G"
    },
    {
        "category": "specials",
        "href": "https://www.woolworths.com.au/shop/productdetails/741442/adriano-zumbo-brownie-mix-chocolate",
        "imgName": "741442.jpg",
        "imgSrc": "https://cdn0.woolworths.media/content/wowproductimages/medium/741442.jpg",
        "name": "Adriano Zumbo Brownie Mix Chocolate 600g",
        "price": 6,
        "special": 5,
        "unitPrice": "$0.83 / 100G"
    },
    {
        "category": "specials",
        "href": "https://www.woolworths.com.au/shop/productdetails/706074/air-wick-freshmatic-automatic-spray-vanilla-refill",
        "imgName": "706074.jpg",
        "imgSrc": "https://cdn0.woolworths.media/content/wowproductimages/medium/706074.jpg",
        "name": "Air Wick Freshmatic Automatic Spray Vanilla Refill 174g",
        "price": 6.69,
        "unitPrice": "$3.84 / 100G"
    },
    {
        "category": "specials",
        "href": "https://www.woolworths.com.au/shop/productdetails/659569/optimum-grain-free-chicken-with-vegetables-dry-dog-food",
        "imgName": "659569.jpg",
        "imgSrc": "https://cdn0.woolworths.media/content/wowproductimages/medium/659569.jpg",
        "name": "Optimum Grain Free Chicken With Vegetables Dry Dog Food 2.5kg",
        "price": 17.3,
        "special": 14,
        "unitPrice": "$0.56 / 100G"
    },
    {
        "category": "specials",
        "href": "https://www.woolworths.com.au/shop/productdetails/660185/bonds-full-brief-comfytails-side-seam-free-size-16",
        "imgName": "660185.jpg",
        "imgSrc": "https://cdn0.woolworths.media/content/wowproductimages/medium/660185.jpg",
        "name": "Bonds Full Brief Comfytails Side Seam Free Size 16 2pk",
        "price": 22,
        "special": 11
    },
    {
        "category": "specials",
        "href": "https://www.woolworths.com.au/shop/productdetails/706101/air-wick-freshmatic-automatic-spray-satin-lily-refil",
        "imgName": "706101.jpg",
        "imgSrc": "https://cdn0.woolworths.media/content/wowproductimages/medium/706101.jpg",
        "name": "Air Wick Freshmatic Automatic Spray Satin Lily Refil 174g",
        "price": 6.69,
        "unitPrice": "$3.84 / 100G"
    },
    {
        "category": "specials",
        "href": "https://www.woolworths.com.au/shop/productdetails/740732/calci-yum-kids-fruit-salad-yoghurt",
        "imgName": "740732.jpg",
        "imgSrc": "https://cdn0.woolworths.media/content/wowproductimages/medium/740732.jpg",
        "name": "Calci Yum Kids Fruit Salad Yoghurt 70g",
        "price": 1,
        "unitPrice": "$1.43 / 100G"
    },
    {
        "category": "specials",
        "href": "https://www.woolworths.com.au/shop/productdetails/696305/homebrand-cutlery-set-kids",
        "imgName": "696305.jpg",
        "imgSrc": "https://cdn0.woolworths.media/content/wowproductimages/medium/696305.jpg",
        "name": "Homebrand Cutlery Set Kids each",
        "price": 8
    },
    {
        "category": "specials",
        "href": "https://www.woolworths.com.au/shop/productdetails/766182/cat-amongst-the-pigeons-red-blend-jazz-cat-grenache",
        "imgName": "766182.jpg",
        "imgSrc": "https://cdn0.woolworths.media/content/wowproductimages/medium/766182.jpg",
        "name": "Cat Amongst The Pigeons Red Blend Jazz Cat Grenache 750ml",
        "price": 23,
        "special": 17
    },
    {
        "category": "specials",
        "href": "https://www.woolworths.com.au/shop/productdetails/774411/woolworths-chicken-breast-sweet-chilli-tenders",
        "imgName": "774411.jpg",
        "imgSrc": "https://cdn0.woolworths.media/content/wowproductimages/medium/774411.jpg",
        "name": "Woolworths Chicken Breast Sweet Chilli Tenders 400g",
        "price": 3.8,
        "unitPrice": "$9.50 / 1KG"
    },
    {
        "category": "specials",
        "href": "https://www.woolworths.com.au/shop/productdetails/754169/woolworths-australian-peas",
        "imgName": "754169.jpg",
        "imgSrc": "https://cdn0.woolworths.media/content/wowproductimages/medium/754169.jpg",
        "name": "Woolworths Australian Peas 1kg",
        "price": 2.9,
        "unitPrice": "$2.90 / 1KG"
    },
    {
        "category": "specials",
        "href": "https://www.woolworths.com.au/shop/productdetails/780548/woolworths-select-ingredients-tortilla",
        "imgName": "780548.jpg",
        "imgSrc": "https://cdn0.woolworths.media/content/wowproductimages/medium/780548.jpg",
        "name": "Woolworths Select Ingredients Tortilla 400g",
        "price": 2.99,
        "unitPrice": "$0.75 / 100G"
    },
    {
        "category": "specials",
        "href": "https://www.woolworths.com.au/shop/productdetails/740039/babylove-nappy-pants-walker-12-17kg",
        "imgName": "740039.jpg",
        "imgSrc": "https://cdn0.woolworths.media/content/wowproductimages/medium/740039.jpg",
        "name": "Babylove Nappy Pants Walker 12-17kg 25pk",
        "price": 17,
        "special": 12,
        "unitPrice": "$0.48 / 1EA"
    },
    {
        "category": "specials",
        "href": "https://www.woolworths.com.au/shop/productdetails/708828/heinz-food-8-months-creamy-pasta-tuna-mornay",
        "imgName": "708828.jpg",
        "imgSrc": "https://cdn0.woolworths.media/content/wowproductimages/medium/708828.jpg",
        "name": "Heinz Food 8 Months Creamy Pasta Tuna Mornay 170g",
        "price": 1.5,
        "unitPrice": "$0.88 / 100G"
    },
    {
        "category": "specials",
        "href": "https://www.woolworths.com.au/shop/productdetails/749374/maybelline-dream-fresh-bb-cream-medium-c",
        "imgName": "749374.jpg",
        "imgSrc": "https://cdn0.woolworths.media/content/wowproductimages/medium/749374.jpg",
        "name": "Maybelline Dream Fresh Bb Cream Medium C each",
        "price": 15.95,
        "special": 11.15,
        "unitPrice": "$3.72 / 10ML"
    },
    {
        "category": "specials",
        "href": "https://www.woolworths.com.au/shop/productdetails/742758/mentos-fruit-chews",
        "imgName": "742758.jpg",
        "imgSrc": "https://cdn0.woolworths.media/content/wowproductimages/medium/742758.jpg",
        "name": "Mentos Fruit Chews  3pk",
        "price": 3.1,
        "special": 2.6,
        "unitPrice": "$2.31 / 100G"
    },
    {
        "category": "specials",
        "href": "https://www.woolworths.com.au/shop/productdetails/732192/fantastic-delites-snacks-vintage-cheddar-red-onion",
        "imgName": "732192.jpg",
        "imgSrc": "https://cdn0.woolworths.media/content/wowproductimages/medium/732192.jpg",
        "name": "Fantastic Delites Snacks Vintage Cheddar & Red Onion 100g",
        "price": 2,
        "special": 1.5,
        "unitPrice": "$1.50 / 100G"
    },
    {
        "category": "specials",
        "href": "https://www.woolworths.com.au/shop/productdetails/761555/continental-value-pack-pasta-sauce-chicken-curry",
        "imgName": "761555.jpg",
        "imgSrc": "https://cdn0.woolworths.media/content/wowproductimages/medium/761555.jpg",
        "name": "Continental Value Pack Pasta & Sauce Chicken Curry 150g",
        "price": 2.99,
        "unitPrice": "$1.99 / 100G"
    },
    {
        "category": "specials",
        "href": "https://www.woolworths.com.au/shop/productdetails/781764/darrell-lea-original-licorice-twists",
        "imgName": "781764.jpg",
        "imgSrc": "https://cdn0.woolworths.media/content/wowproductimages/medium/781764.jpg",
        "name": "Darrell Lea Original Licorice Twists  300g",
        "price": 3.8,
        "unitPrice": "$1.27 / 100G"
    },
    {
        "category": "specials",
        "href": "https://www.woolworths.com.au/shop/productdetails/765717/mortein-insect-control-outdoor-system",
        "imgName": "765717.jpg",
        "imgSrc": "https://cdn0.woolworths.media/content/wowproductimages/medium/765717.jpg",
        "name": "Mortein Insect Control Outdoor System 152g",
        "price": 16,
        "unitPrice": "$16.00 / 1EA"
    },
    {
        "category": "specials",
        "href": "https://www.woolworths.com.au/shop/productdetails/756714/once-upon-a-time-6-months-chocolate-custard",
        "imgName": "756714.jpg",
        "imgSrc": "https://cdn0.woolworths.media/content/wowproductimages/medium/756714.jpg",
        "name": "Once Upon A Time 6 Months Chocolate Custard 120g",
        "price": 1.1,
        "unitPrice": "$0.92 / 100G"
    },
    {
        "category": "specials",
        "href": "https://www.woolworths.com.au/shop/productdetails/732440/optimum-puppy-food-chicken",
        "imgName": "732440.jpg",
        "imgSrc": "https://cdn0.woolworths.media/content/wowproductimages/medium/732440.jpg",
        "name": "Optimum Puppy Food Chicken 7.0kg",
        "price": 26,
        "unitPrice": "$0.37 / 100G"
    },
    {
        "category": "specials",
        "href": "https://www.woolworths.com.au/shop/productdetails/733550/chux-heavy-duty-scourer-scrubs",
        "imgName": "733550.jpg",
        "imgSrc": "https://cdn0.woolworths.media/content/wowproductimages/medium/733550.jpg",
        "name": "Chux Heavy Duty Scourer Scrubs 8pk",
        "price": 5.5,
        "unitPrice": "$0.69 / 1EA"
    },
    {
        "category": "specials",
        "href": "https://www.woolworths.com.au/shop/productdetails/756816/lovers-not-toreadors-imported-tempranillo",
        "imgName": "756816.jpg",
        "imgSrc": "https://cdn0.woolworths.media/content/wowproductimages/medium/756816.jpg",
        "name": "Lovers Not Toreadors Imported Tempranillo 750ml",
        "price": 24,
        "special": 17
    },
    {
        "category": "specials",
        "href": "https://www.woolworths.com.au/shop/productdetails/755581/moki-tommy-headphones-red",
        "imgName": "755581.jpg",
        "imgSrc": "https://cdn0.woolworths.media/content/wowproductimages/medium/755581.jpg",
        "name": "Moki Tommy Headphones Red each",
        "price": 15,
        "special": 12
    },
    {
        "category": "specials",
        "href": "https://www.woolworths.com.au/shop/productdetails/769897/woolworths-free-from-gluten-share-pack-potato-chips-original",
        "imgName": "769897.jpg",
        "imgSrc": "https://cdn0.woolworths.media/content/wowproductimages/medium/769897.jpg",
        "name": "Woolworths Free From Gluten Share Pack Potato Chips Original 100g",
        "price": 2.5,
        "unitPrice": "$2.50 / 100G"
    },
    {
        "category": "specials",
        "href": "https://www.woolworths.com.au/shop/productdetails/756216/bonds-boys-underwear-cotton-trunk-8-10-10-12-",
        "imgName": "756216.jpg",
        "imgSrc": "https://cdn0.woolworths.media/content/wowproductimages/medium/756216.jpg",
        "name": "Bonds Boys Underwear Cotton Trunk (8-10 & 10-12) 3pk",
        "price": 15,
        "special": 7.5,
        "unitPrice": "$2.50 / 1EA"
    },
    {
        "category": "specials",
        "href": "https://www.woolworths.com.au/shop/productdetails/782844/essentials-fry-pan-30cm",
        "imgName": "782844.jpg",
        "imgSrc": "https://cdn0.woolworths.media/content/wowproductimages/medium/782844.jpg",
        "name": "Essentials Fry Pan 30cm each",
        "price": 15,
        "special": 10.5
    },
    {
        "category": "specials",
        "href": "https://www.woolworths.com.au/shop/productdetails/749568/linda-mccartney-vegetarian-sausages",
        "imgName": "749568.jpg",
        "imgSrc": "https://cdn0.woolworths.media/content/wowproductimages/medium/749568.jpg",
        "name": "Linda Mccartney Vegetarian Sausages 6pk 300g",
        "price": 5,
        "unitPrice": "$1.67 / 100G"
    },
    {
        "category": "specials",
        "href": "https://www.woolworths.com.au/shop/productdetails/796399/lucky-smart-snax-digestive",
        "imgName": "796399.jpg",
        "imgSrc": "https://cdn0.woolworths.media/content/wowproductimages/medium/796399.jpg",
        "name": "Lucky Smart Snax Digestive 150g",
        "price": 5.5,
        "special": 2.75,
        "unitPrice": "$18.33 / 1KG"
    },
    {
        "category": "specials",
        "href": "https://www.woolworths.com.au/shop/productdetails/771475/woolworths-select-shine-dishwashing-liquid-antibacterial",
        "imgName": "771475.jpg",
        "imgSrc": "https://cdn0.woolworths.media/content/wowproductimages/medium/771475.jpg",
        "name": "Woolworths Select Shine Dishwashing Liquid Antibacterial 450ml",
        "price": 1.7,
        "unitPrice": "$0.38 / 100ML"
    },
    {
        "category": "specials",
        "href": "https://www.woolworths.com.au/shop/productdetails/765441/leggo-s-ricotta-roast-vegetables-tortillini",
        "imgName": "765441.jpg",
        "imgSrc": "https://cdn0.woolworths.media/content/wowproductimages/medium/765441.jpg",
        "name": "Leggo's Ricotta & Roast Vegetables Tortillini 360g",
        "price": 4,
        "unitPrice": "$1.11 / 100G"
    },
    {
        "category": "specials",
        "href": "https://www.woolworths.com.au/shop/productdetails/765572/schick-razor-intuition-pure-nourish-kit",
        "imgName": "765572.jpg",
        "imgSrc": "https://cdn0.woolworths.media/content/wowproductimages/medium/765572.jpg",
        "name": "Schick Razor Intuition Pure Nourish Kit each",
        "price": 12.5,
        "special": 6.25,
        "unitPrice": "$6.25 / 1EA"
    },
    {
        "category": "specials",
        "href": "https://www.woolworths.com.au/shop/productdetails/790317/jase-s-kitchen-pies-beef-gluten-free",
        "imgName": "790317.jpg",
        "imgSrc": "https://cdn0.woolworths.media/content/wowproductimages/medium/790317.jpg",
        "name": "Jase's Kitchen Pies Beef Gluten Free 2pk 350g",
        "price": 9.99,
        "special": 8.99,
        "unitPrice": "$2.57 / 100G"
    },
    {
        "category": "specials",
        "href": "https://www.woolworths.com.au/shop/productdetails/793263/lynx-hair-shampoo-conditioner-2in1-shield-anti-dandruff",
        "imgName": "793263.jpg",
        "imgSrc": "https://cdn0.woolworths.media/content/wowproductimages/medium/793263.jpg",
        "name": "Lynx Hair Shampoo & Conditioner 2in1 Shield Anti-dandruff 355ml",
        "price": 8,
        "special": 5.5,
        "unitPrice": "$1.55 / 100ML"
    },
    {
        "category": "specials",
        "href": "https://www.woolworths.com.au/shop/productdetails/845599/john-frieda-frizz-ease-forever-smooth-shampoo",
        "imgName": "845599.jpg",
        "imgSrc": "https://cdn0.woolworths.media/content/wowproductimages/medium/845599.jpg",
        "name": "John Frieda Frizz Ease Forever Smooth Shampoo 250ml",
        "price": 16,
        "special": 9.6,
        "unitPrice": "$3.84 / 100ML"
    },
    {
        "category": "specials",
        "href": "https://www.woolworths.com.au/shop/productdetails/793192/woolworths-creamy-pasta-salad",
        "imgName": "793192.jpg",
        "imgSrc": "https://cdn0.woolworths.media/content/wowproductimages/medium/793192.jpg",
        "name": "Woolworths Creamy Pasta Salad 800g",
        "price": 6.5,
        "unitPrice": "$0.81 / 100G"
    },
    {
        "category": "specials",
        "href": "https://www.woolworths.com.au/shop/productdetails/784197/milk-baby-hair-care-shampoo-plus-conditioner",
        "imgName": "784197.jpg",
        "imgSrc": "https://cdn0.woolworths.media/content/wowproductimages/medium/784197.jpg",
        "name": "Milk Baby Hair Care Shampoo Plus Conditioner 375ml",
        "price": 12.95,
        "special": 9,
        "unitPrice": "$2.40 / 100ML"
    },
    {
        "category": "specials",
        "href": "https://www.woolworths.com.au/shop/productdetails/799239/dove-nutritive-solutions-hair-shampoo-daily-moisture",
        "imgName": "799239.jpg",
        "imgSrc": "https://cdn0.woolworths.media/content/wowproductimages/medium/799239.jpg",
        "name": "Dove Nutritive Solutions Hair Shampoo Daily Moisture 320ml",
        "price": 7,
        "special": 3.5,
        "unitPrice": "$1.09 / 100ML"
    },
    {
        "category": "specials",
        "href": "https://www.woolworths.com.au/shop/productdetails/780622/nicorette-quit-smoking-cool-drops-2mg",
        "imgName": "780622.jpg",
        "imgSrc": "https://cdn0.woolworths.media/content/wowproductimages/medium/780622.jpg",
        "name": "Nicorette Quit Smoking Cool Drops 2mg 80pk",
        "price": 33,
        "unitPrice": "$0.41 / 1EA"
    },
    {
        "category": "specials",
        "href": "https://www.woolworths.com.au/shop/productdetails/839243/little-bellies-round-a-bouts-super-sweet-corn",
        "imgName": "839243.jpg",
        "imgSrc": "https://cdn0.woolworths.media/content/wowproductimages/medium/839243.jpg",
        "name": "Little Bellies Round-a-bouts Super Sweet Corn 12g",
        "price": 2,
        "special": 1.7,
        "unitPrice": "$14.17 / 100G"
    },
    {
        "category": "specials",
        "href": "https://www.woolworths.com.au/shop/productdetails/839669/u-by-kotex-sport-ultrathin-regular",
        "imgName": "839669.jpg",
        "imgSrc": "https://cdn0.woolworths.media/content/wowproductimages/medium/839669.jpg",
        "name": "U By Kotex Sport Ultrathin Regular 12pk",
        "price": 5,
        "special": 4,
        "unitPrice": "$0.33 / 1EA"
    },
    {
        "category": "specials",
        "href": "https://www.woolworths.com.au/shop/productdetails/947196/maybelline-new-york-eye-studio-brow-satin-dark-brown",
        "imgName": "947196.jpg",
        "imgSrc": "https://cdn0.woolworths.media/content/wowproductimages/medium/947196.jpg",
        "name": "Maybelline New York Eye Studio Brow Satin Dark Brown 0.5g",
        "price": 16.95,
        "special": 11.85,
        "unitPrice": "$11.85 / 1EA"
    },
    {
        "category": "specials",
        "href": "https://www.woolworths.com.au/shop/productdetails/935589/spirax-solid-notebook-148x105mm-assorted-colours",
        "imgName": "935589.jpg",
        "imgSrc": "https://cdn0.woolworths.media/content/wowproductimages/medium/935589.jpg",
        "name": "Spirax Solid Notebook 148x105mm Assorted Colours 400pg each",
        "price": 3.5,
        "special": 2.45
    },
    {
        "category": "specials",
        "href": "https://www.woolworths.com.au/shop/productdetails/826413/doritos-corn-chips-original",
        "imgName": "826413.jpg",
        "imgSrc": "https://cdn0.woolworths.media/content/wowproductimages/medium/826413.jpg",
        "name": "Doritos Corn Chips Original 330g",
        "price": 5,
        "special": 3,
        "unitPrice": "$0.91 / 100G"
    },
    {
        "category": "specials",
        "href": "https://www.woolworths.com.au/shop/productdetails/881608/bonds-mens-work-crew-socks-size-11-",
        "imgName": "881608.jpg",
        "imgSrc": "https://cdn0.woolworths.media/content/wowproductimages/medium/881608.jpg",
        "name": "Bonds Mens Work Crew Socks Size 11+ 3pk",
        "price": 16,
        "special": 8
    },
    {
        "category": "specials",
        "href": "https://www.woolworths.com.au/shop/productdetails/961280/applaws-cat-food-tuna-seaweed",
        "imgName": "961280.jpg",
        "imgSrc": "https://cdn0.woolworths.media/content/wowproductimages/medium/961280.jpg",
        "name": "Applaws Cat Food Tuna & Seaweed 70g",
        "price": 1.85,
        "special": 1.5,
        "unitPrice": "$2.14 / 100G"
    },
    {
        "category": "specials",
        "href": "https://www.woolworths.com.au/shop/productdetails/877391/maybelline-fit-me-matte-poreless-foundation-classic-ivory-120",
        "imgName": "877391.jpg",
        "imgSrc": "https://cdn0.woolworths.media/content/wowproductimages/medium/877391.jpg",
        "name": "Maybelline Fit Me Matte + Poreless Foundation Classic Ivory 120 30ml",
        "price": 19.95,
        "special": 13.95,
        "unitPrice": "$4.65 / 10ML"
    },
    {
        "category": "specials",
        "href": "https://www.woolworths.com.au/shop/productdetails/828467/continental-cup-a-soup-potato-leek-with-garlic-parmesan",
        "imgName": "828467.jpg",
        "imgSrc": "https://cdn0.woolworths.media/content/wowproductimages/medium/828467.jpg",
        "name": "Continental Cup A Soup Potato & Leek With Garlic & Parmesan 96g",
        "price": 3.5,
        "unitPrice": "$3.65 / 100G"
    },
    {
        "category": "specials",
        "href": "https://www.woolworths.com.au/shop/productdetails/879791/maybelline-eye-studio-brow-precise-deep-brown",
        "imgName": "879791.jpg",
        "imgSrc": "https://cdn0.woolworths.media/content/wowproductimages/medium/879791.jpg",
        "name": "Maybelline Eye Studio Brow Precise Deep Brown 1ea",
        "price": 11.95,
        "special": 8.35,
        "unitPrice": "$8.35 / 1EA"
    },
    {
        "category": "specials",
        "href": "https://www.woolworths.com.au/shop/productdetails/861611/pandaroo-sweetened-condensed-coconut-milk",
        "imgName": "861611.jpg",
        "imgSrc": "https://cdn0.woolworths.media/content/wowproductimages/medium/861611.jpg",
        "name": "Pandaroo Sweetened Condensed Coconut Milk 320g",
        "price": 5,
        "special": 4.5,
        "unitPrice": "$1.41 / 100G"
    },
    {
        "category": "specials",
        "href": "https://www.woolworths.com.au/shop/productdetails/941584/woolworths-yellowfin-tuna-in-oil",
        "imgName": "941584.jpg",
        "imgSrc": "https://cdn0.woolworths.media/content/wowproductimages/medium/941584.jpg",
        "name": "Woolworths Yellowfin Tuna In Oil  95g",
        "price": 1.3,
        "unitPrice": "$13.68 / 1KG"
    },
    {
        "category": "specials",
        "href": "https://www.woolworths.com.au/shop/productdetails/126397/lindt-lindor-chocolate-balls-milk",
        "imgName": "126397.jpg",
        "imgSrc": "https://cdn0.woolworths.media/content/wowproductimages/medium/126397.jpg",
        "name": "Lindt Lindor Chocolate Balls Milk 150g box",
        "price": 12.5,
        "special": 6,
        "unitPrice": "$4.00 / 100G"
    },
    {
        "category": "specials",
        "href": "https://www.woolworths.com.au/shop/productdetails/13916/chris-dips-avocado",
        "imgName": "013916.jpg",
        "imgSrc": "https://cdn0.woolworths.media/content/wowproductimages/medium/013916.jpg",
        "name": "Chris' Dips Avocado  200g",
        "price": 3.5,
        "unitPrice": "$1.75 / 100G"
    },
    {
        "category": "specials",
        "href": "https://www.woolworths.com.au/shop/productdetails/15311/woolworths-full-cream-milk",
        "imgName": "015311.jpg",
        "imgSrc": "https://cdn0.woolworths.media/content/wowproductimages/medium/015311.jpg",
        "name": "Woolworths Full Cream Milk 2l",
        "price": 2,
        "unitPrice": "$1.00 / 1L"
    },
    {
        "category": "specials",
        "href": "https://www.woolworths.com.au/shop/productdetails/159797/kirks-lemon-squash-cans",
        "imgName": "159797.jpg",
        "imgSrc": "https://cdn0.woolworths.media/content/wowproductimages/medium/159797.jpg",
        "name": "Kirks Lemon Squash Cans 10x375ml pack",
        "price": 10.55,
        "special": 5.95,
        "unitPrice": "$1.59 / 1L"
    },
    {
        "category": "specials",
        "href": "https://www.woolworths.com.au/shop/productdetails/162725/d-orsogna-sliced-leg-ham-triple-smoked-97-fat-free",
        "imgName": "162725.jpg",
        "imgSrc": "https://cdn0.woolworths.media/content/wowproductimages/medium/162725.jpg",
        "name": "D'orsogna Sliced Leg Ham Triple Smoked 97% Fat Free per kg",
        "price": 21,
        "special": 17,
        "unitPrice": "$17.00 / 1KG"
    },
    {
        "category": "specials",
        "href": "https://www.woolworths.com.au/shop/productdetails/174438/sistema-klip-it-plasticware-rectangle",
        "imgName": "174438.jpg",
        "imgSrc": "https://cdn0.woolworths.media/content/wowproductimages/medium/174438.jpg",
        "name": "Sistema Klip It Plasticware Rectangle 7l",
        "price": 12.45,
        "special": 6.22
    },
    {
        "category": "specials",
        "href": "https://www.woolworths.com.au/shop/productdetails/180893/ingham-quick-cook-crumbed-chicken-burger",
        "imgName": "180893.jpg",
        "imgSrc": "https://cdn0.woolworths.media/content/wowproductimages/medium/180893.jpg",
        "name": "Ingham Quick Cook Crumbed Chicken Burger 1.65kg",
        "price": 14.5,
        "special": 13.5,
        "unitPrice": "$8.18 / 1KG"
    },
    {
        "category": "specials",
        "href": "https://www.woolworths.com.au/shop/productdetails/185814/greenseas-tuna-spicy-chilli",
        "imgName": "185814.jpg",
        "imgSrc": "https://cdn0.woolworths.media/content/wowproductimages/medium/185814.jpg",
        "name": "Greenseas Tuna Spicy Chilli 95g",
        "price": 2,
        "special": 1,
        "unitPrice": "$10.53 / 1KG"
    },
    {
        "category": "specials",
        "href": "https://www.woolworths.com.au/shop/productdetails/211764/porks-ribs-aussie-roast",
        "imgName": "211764.jpg",
        "imgSrc": "https://cdn0.woolworths.media/content/wowproductimages/medium/211764.jpg",
        "name": "Porks Ribs Aussie Roast  min. 450g",
        "price": 9.45,
        "special": 8.1,
        "unitPrice": "$18.00 / 1KG"
    },
    {
        "category": "specials",
        "href": "https://www.woolworths.com.au/shop/productdetails/261939/di-leo-savoiardi-sponge-fingers",
        "imgName": "261939.jpg",
        "imgSrc": "https://cdn0.woolworths.media/content/wowproductimages/medium/261939.jpg",
        "name": "Di Leo Savoiardi Sponge Fingers 400g",
        "price": 4,
        "special": 3,
        "unitPrice": "$0.75 / 100G"
    },
    {
        "category": "specials",
        "href": "https://www.woolworths.com.au/shop/productdetails/293933/dare-double-espresso-iced-coffee",
        "imgName": "293933.jpg",
        "imgSrc": "https://cdn0.woolworths.media/content/wowproductimages/medium/293933.jpg",
        "name": "Dare Double Espresso Iced Coffee 750ml",
        "price": 3.9,
        "special": 3,
        "unitPrice": "$4.00 / 1L"
    },
    {
        "category": "specials",
        "href": "https://www.woolworths.com.au/shop/productdetails/294517/la-famiglia-garlic-bread",
        "imgName": "294517.jpg",
        "imgSrc": "https://cdn0.woolworths.media/content/wowproductimages/medium/294517.jpg",
        "name": "La Famiglia Garlic Bread  400g",
        "price": 4,
        "unitPrice": "$1.00 / 100G"
    },
    {
        "category": "specials",
        "href": "https://www.woolworths.com.au/shop/productdetails/298979/masterfoods-relish-gherkin",
        "imgName": "298979.jpg",
        "imgSrc": "https://cdn0.woolworths.media/content/wowproductimages/medium/298979.jpg",
        "name": "Masterfoods Relish Gherkin 260g",
        "price": 3.45,
        "special": 2.5,
        "unitPrice": "$9.62 / 1KG"
    },
    {
        "category": "specials",
        "href": "https://www.woolworths.com.au/shop/productdetails/31547/farmers-union-greek-style-natural-yoghurt",
        "imgName": "031547.jpg",
        "imgSrc": "https://cdn0.woolworths.media/content/wowproductimages/medium/031547.jpg",
        "name": "Farmers Union Greek Style Natural Yoghurt 1kg",
        "price": 5,
        "unitPrice": "$0.50 / 100G"
    },
    {
        "category": "specials",
        "href": "https://www.woolworths.com.au/shop/productdetails/321135/woolworths-australian-butterflied-lamb-leg",
        "imgName": "321135.jpg",
        "imgSrc": "https://cdn0.woolworths.media/content/wowproductimages/medium/321135.jpg",
        "name": "Woolworths Australian Butterflied Lamb Leg min. 900g",
        "price": 22.49,
        "special": 16.2,
        "unitPrice": "$18.00 / 1KG"
    },
    {
        "category": "specials",
        "href": "https://www.woolworths.com.au/shop/productdetails/327310/roses-marmalade-sweet-orange",
        "imgName": "327310.jpg",
        "imgSrc": "https://cdn0.woolworths.media/content/wowproductimages/medium/327310.jpg",
        "name": "Roses Marmalade Sweet Orange 500g",
        "price": 3.85,
        "unitPrice": "$0.77 / 100G"
    },
    {
        "category": "specials",
        "href": "https://www.woolworths.com.au/shop/productdetails/330251/dairy-farmers-heart-active-light-milk",
        "imgName": "330251.jpg",
        "imgSrc": "https://cdn0.woolworths.media/content/wowproductimages/medium/330251.jpg",
        "name": "Dairy Farmers Heart Active Light Milk 1l",
        "price": 2.9,
        "unitPrice": "$2.90 / 1L"
    },
    {
        "category": "specials",
        "href": "https://www.woolworths.com.au/shop/productdetails/35458/schwarzkopf-extra-care-hair-spray-strong-style",
        "imgName": "035458.jpg",
        "imgSrc": "https://cdn0.woolworths.media/content/wowproductimages/medium/035458.jpg",
        "name": "Schwarzkopf Extra Care Hair Spray Strong Style 400g",
        "price": 9,
        "special": 8,
        "unitPrice": "$2.00 / 100G"
    },
    {
        "category": "specials",
        "href": "https://www.woolworths.com.au/shop/productdetails/378561/oak-banana-flavoured-milk",
        "imgName": "378561.jpg",
        "imgSrc": "https://cdn0.woolworths.media/content/wowproductimages/medium/378561.jpg",
        "name": "Oak Banana Flavoured Milk 600ml",
        "price": 2.9,
        "special": 2.45,
        "unitPrice": "$4.08 / 1L"
    },
    {
        "category": "specials",
        "href": "https://www.woolworths.com.au/shop/productdetails/381217/natural-instinct-body-wash",
        "imgName": "381217.jpg",
        "imgSrc": "https://cdn0.woolworths.media/content/wowproductimages/medium/381217.jpg",
        "name": "Natural Instinct Body Wash  1l",
        "price": 12,
        "unitPrice": "$1.20 / 100ML"
    },
    {
        "category": "specials",
        "href": "https://www.woolworths.com.au/shop/productdetails/40448/golden-circle-cordial-fruit-cup-crush",
        "imgName": "040448.jpg",
        "imgSrc": "https://cdn0.woolworths.media/content/wowproductimages/medium/040448.jpg",
        "name": "Golden Circle Cordial Fruit Cup Crush 2l",
        "price": 3,
        "unitPrice": "$1.50 / 1L"
    },
    {
        "category": "specials",
        "href": "https://www.woolworths.com.au/shop/productdetails/407079/heinz-pouch-pumpkin-sweetcorn-chicken-rice",
        "imgName": "407079.jpg",
        "imgSrc": "https://cdn0.woolworths.media/content/wowproductimages/medium/407079.jpg",
        "name": "Heinz Pouch Pumpkin Sweetcorn Chicken & Rice 120g",
        "price": 1.5,
        "unitPrice": "$1.25 / 100G"
    },
    {
        "category": "specials",
        "href": "https://www.woolworths.com.au/shop/productdetails/407228/heinz-dairy-snack-pouch-chocolate-custard",
        "imgName": "407228.jpg",
        "imgSrc": "https://cdn0.woolworths.media/content/wowproductimages/medium/407228.jpg",
        "name": "Heinz Dairy Snack Pouch Chocolate Custard 120g",
        "price": 1.5,
        "unitPrice": "$1.25 / 100G"
    },
    {
        "category": "specials",
        "href": "https://www.woolworths.com.au/shop/productdetails/434918/woolworths-fairtrade-nespresso-compatible-coffee-capsules-strong",
        "imgName": "434918.jpg",
        "imgSrc": "https://cdn0.woolworths.media/content/wowproductimages/medium/434918.jpg",
        "name": "Woolworths Fairtrade Nespresso\u00ae* Compatible Coffee Capsules Strong 10pk",
        "price": 3.7,
        "unitPrice": "$6.61 / 100G"
    },
    {
        "category": "specials",
        "href": "https://www.woolworths.com.au/shop/productdetails/47193/daily-juice-apple-juice-no-added-sugar",
        "imgName": "047193.jpg",
        "imgSrc": "https://cdn0.woolworths.media/content/wowproductimages/medium/047193.jpg",
        "name": "Daily Juice Apple Juice No Added Sugar 2l",
        "price": 5.3,
        "special": 5,
        "unitPrice": "$2.50 / 1L"
    },
    {
        "category": "specials",
        "href": "https://www.woolworths.com.au/shop/productdetails/481086/smitten-kitten-food-chicken-mince",
        "imgName": "481086.jpg",
        "imgSrc": "https://cdn0.woolworths.media/content/wowproductimages/medium/481086.jpg",
        "name": "Smitten Kitten Food Chicken Mince 400g",
        "price": 0.85,
        "unitPrice": "$0.21 / 100G"
    },
    {
        "category": "specials",
        "href": "https://www.woolworths.com.au/shop/productdetails/492428/creative-gourmet-frozen-mixed-berries",
        "imgName": "492428.jpg",
        "imgSrc": "https://cdn0.woolworths.media/content/wowproductimages/medium/492428.jpg",
        "name": "Creative Gourmet Frozen Mixed Berries  500g",
        "price": 6,
        "special": 4.5,
        "unitPrice": "$9.00 / 1KG"
    },
    {
        "category": "specials",
        "href": "https://www.woolworths.com.au/shop/productdetails/49286/fantastic-beef-noodle-bowl",
        "imgName": "049286.jpg",
        "imgSrc": "https://cdn0.woolworths.media/content/wowproductimages/medium/049286.jpg",
        "name": "Fantastic Beef Noodle Bowl 85g",
        "price": 1.6,
        "special": 1.4,
        "unitPrice": "$1.65 / 100G"
    },
    {
        "category": "specials",
        "href": "https://www.woolworths.com.au/shop/productdetails/514456/kettle-salted-caramel-popcorn",
        "imgName": "514456.jpg",
        "imgSrc": "https://cdn0.woolworths.media/content/wowproductimages/medium/514456.jpg",
        "name": "Kettle Salted Caramel Popcorn 110g",
        "price": 3.19,
        "special": 2.5,
        "unitPrice": "$2.27 / 100G"
    },
    {
        "category": "specials",
        "href": "https://www.woolworths.com.au/shop/productdetails/535635/gippsland-yoghurt-boysenberry",
        "imgName": "535635.jpg",
        "imgSrc": "https://cdn0.woolworths.media/content/wowproductimages/medium/535635.jpg",
        "name": "Gippsland Yoghurt Boysenberry 720g",
        "price": 7,
        "special": 5,
        "unitPrice": "$0.69 / 100G"
    },
    {
        "category": "specials",
        "href": "https://www.woolworths.com.au/shop/productdetails/546615/woolworths-coconut-water",
        "imgName": "546615.jpg",
        "imgSrc": "https://cdn0.woolworths.media/content/wowproductimages/medium/546615.jpg",
        "name": "Woolworths Coconut Water  1l",
        "price": 3.2,
        "unitPrice": "$3.20 / 1L"
    },
    {
        "category": "specials",
        "href": "https://www.woolworths.com.au/shop/productdetails/582608/pork-mince",
        "imgName": "582608.jpg",
        "imgSrc": "https://cdn0.woolworths.media/content/wowproductimages/medium/582608.jpg",
        "name": "Pork Mince  500g",
        "price": 5.5,
        "unitPrice": "$11.00 / 1KG"
    },
    {
        "category": "specials",
        "href": "https://www.woolworths.com.au/shop/productdetails/636549/cadbury-chocolate-christmas-stocking",
        "imgName": "636549.jpg",
        "imgSrc": "https://cdn0.woolworths.media/content/wowproductimages/medium/636549.jpg",
        "name": "Cadbury Chocolate Christmas Stocking 247g",
        "price": 8,
        "special": 5,
        "unitPrice": "$2.02 / 100G"
    },
    {
        "category": "specials",
        "href": "https://www.woolworths.com.au/shop/productdetails/645861/coco-joy-organic-coconut-water",
        "imgName": "645861.jpg",
        "imgSrc": "https://cdn0.woolworths.media/content/wowproductimages/medium/645861.jpg",
        "name": "Coco Joy Organic Coconut Water  4x330ml",
        "price": 9,
        "special": 6,
        "unitPrice": "$4.55 / 1L"
    },
    {
        "category": "specials",
        "href": "https://www.woolworths.com.au/shop/productdetails/705144/steggles-crumbed-chicken-breast-fingers",
        "imgName": "705144.jpg",
        "imgSrc": "https://cdn0.woolworths.media/content/wowproductimages/medium/705144.jpg",
        "name": "Steggles Crumbed Chicken Breast Fingers 360g",
        "price": 5,
        "unitPrice": "$13.89 / 1KG"
    },
    {
        "category": "specials",
        "href": "https://www.woolworths.com.au/shop/productdetails/705177/gippsland-dairy-twist-mango-blood-orange-yoghurt",
        "imgName": "705177.jpg",
        "imgSrc": "https://cdn0.woolworths.media/content/wowproductimages/medium/705177.jpg",
        "name": "Gippsland Dairy Twist Mango & Blood Orange Yoghurt 720g",
        "price": 7,
        "special": 5,
        "unitPrice": "$0.69 / 100G"
    },
    {
        "category": "specials",
        "href": "https://www.woolworths.com.au/shop/productdetails/705283/jalna-greek-yoghurt",
        "imgName": "705283.jpg",
        "imgSrc": "https://cdn0.woolworths.media/content/wowproductimages/medium/705283.jpg",
        "name": "Jalna Greek Yoghurt  200g",
        "price": 2.3,
        "special": 2,
        "unitPrice": "$1.00 / 100G"
    },
    {
        "category": "specials",
        "href": "https://www.woolworths.com.au/shop/productdetails/705461/macro-chicken-mince-free-range",
        "imgName": "705461.jpg",
        "imgSrc": "https://cdn0.woolworths.media/content/wowproductimages/medium/705461.jpg",
        "name": "Macro Chicken Mince Free Range 500g",
        "price": 9.99,
        "unitPrice": "$19.98 / 1KG"
    },
    {
        "category": "specials",
        "href": "https://www.woolworths.com.au/shop/productdetails/711954/chobani-low-fat-mango-yoghurt",
        "imgName": "711954.jpg",
        "imgSrc": "https://cdn0.woolworths.media/content/wowproductimages/medium/711954.jpg",
        "name": "Chobani Low Fat Mango Yoghurt 170g",
        "price": 2.25,
        "special": 2,
        "unitPrice": "$1.18 / 100G"
    },
    {
        "category": "specials",
        "href": "https://www.woolworths.com.au/shop/productdetails/729147/mars-maltesers",
        "imgName": "729147.jpg",
        "imgSrc": "https://cdn0.woolworths.media/content/wowproductimages/medium/729147.jpg",
        "name": "Mars Maltesers  360g gift box",
        "price": 10,
        "special": 5,
        "unitPrice": "$1.39 / 100G"
    },
    {
        "category": "specials",
        "href": "https://www.woolworths.com.au/shop/productdetails/73176/fancy-feast-adult-cat-food-chicken-giblets-pate",
        "imgName": "073176.jpg",
        "imgSrc": "https://cdn0.woolworths.media/content/wowproductimages/medium/073176.jpg",
        "name": "Fancy Feast Adult Cat Food Chicken & Giblets Pate 85g",
        "price": 1.2,
        "special": 0.9,
        "unitPrice": "$1.06 / 100G"
    },
    {
        "category": "specials",
        "href": "https://www.woolworths.com.au/shop/productdetails/741449/lucky-oven-roasted-almonds",
        "imgName": "741449.jpg",
        "imgSrc": "https://cdn0.woolworths.media/content/wowproductimages/medium/741449.jpg",
        "name": "Lucky Oven Roasted Almonds  350g",
        "price": 8.5,
        "special": 6.6,
        "unitPrice": "$18.86 / 1KG"
    },
    {
        "category": "specials",
        "href": "https://www.woolworths.com.au/shop/productdetails/764857/macro-chicken-drumsticks-free-range",
        "imgName": "764857.jpg",
        "imgSrc": "https://cdn0.woolworths.media/content/wowproductimages/medium/764857.jpg",
        "name": "Macro Chicken Drumsticks Free Range min. 800g",
        "price": 4.4,
        "unitPrice": "$5.50 / 1KG"
    },
    {
        "category": "specials",
        "href": "https://www.woolworths.com.au/shop/productdetails/768207/yoplait-forme-zero-french-vanilla-yoghurt",
        "imgName": "768207.jpg",
        "imgSrc": "https://cdn0.woolworths.media/content/wowproductimages/medium/768207.jpg",
        "name": "Yoplait Forme Zero French Vanilla Yoghurt 6x175g",
        "price": 5,
        "unitPrice": "$0.48 / 100G"
    },
    {
        "category": "specials",
        "href": "https://www.woolworths.com.au/shop/productdetails/82282/san-remo-linguine-pasta-no-1",
        "imgName": "082282.jpg",
        "imgSrc": "https://cdn0.woolworths.media/content/wowproductimages/medium/082282.jpg",
        "name": "San Remo Linguine Pasta No 1 500g",
        "price": 1.95,
        "unitPrice": "$0.39 / 100G"
    },
    {
        "category": "specials",
        "href": "https://www.woolworths.com.au/shop/productdetails/824733/woolworths-free-from-gluten-seeded-bread",
        "imgName": "824733.jpg",
        "imgSrc": "https://cdn0.woolworths.media/content/wowproductimages/medium/824733.jpg",
        "name": "Woolworths Free From Gluten Seeded Bread 550g",
        "price": 4.5,
        "unitPrice": "$0.82 / 100G"
    },
    {
        "category": "specials",
        "href": "https://www.woolworths.com.au/shop/productdetails/828671/bonds-comfy-tops-semi-opaque-tights-black-med-lge",
        "imgName": "828671.jpg",
        "imgSrc": "https://cdn0.woolworths.media/content/wowproductimages/medium/828671.jpg",
        "name": "Bonds Comfy Tops Semi Opaque Tights Black Med-lge each",
        "price": 8,
        "special": 4
    },
    {
        "category": "specials",
        "href": "https://www.woolworths.com.au/shop/productdetails/84864/vita-vigor-bread-sticks-grissini-bread-sticks",
        "imgName": "084864.jpg",
        "imgSrc": "https://cdn0.woolworths.media/content/wowproductimages/medium/084864.jpg",
        "name": "Vita Vigor Bread Sticks Grissini Bread Sticks 125g",
        "price": 3,
        "special": 2.4,
        "unitPrice": "$1.92 / 100G"
    },
    {
        "category": "specials",
        "href": "https://www.woolworths.com.au/shop/productdetails/868207/mud-volume-length-mascara-black",
        "imgName": "868207.jpg",
        "imgSrc": "https://cdn0.woolworths.media/content/wowproductimages/medium/868207.jpg",
        "name": "Mud Volume & Length Mascara Black 15ml",
        "price": 4.5,
        "unitPrice": "$3.00 / 10ML"
    },
    {
        "category": "specials",
        "href": "https://www.woolworths.com.au/shop/productdetails/883003/woolworths-select-choc-chip-muffin-4pk",
        "imgName": "883003.jpg",
        "imgSrc": "https://cdn0.woolworths.media/content/wowproductimages/medium/883003.jpg",
        "name": "Woolworths Select Choc Chip Muffin 4pk 420g",
        "price": 3.5,
        "unitPrice": "$0.83 / 100G"
    },
    {
        "category": "specials",
        "href": "https://www.woolworths.com.au/shop/productdetails/906818/captain-morgan-spiced-rum",
        "imgName": "906818.jpg",
        "imgSrc": "https://cdn0.woolworths.media/content/wowproductimages/medium/906818.jpg",
        "name": "Captain Morgan Spiced Rum  700ml",
        "price": 44,
        "special": 37
    },
    {
        "category": "specials",
        "href": "https://www.woolworths.com.au/shop/productdetails/9185/masterfoods-ginger-chopped-fresh-jar",
        "imgName": "009185.jpg",
        "imgSrc": "https://cdn0.woolworths.media/content/wowproductimages/medium/009185.jpg",
        "name": "Masterfoods Ginger Chopped Fresh Jar 160g",
        "price": 3,
        "unitPrice": "$0.19 / 10G"
    },
    {
        "category": "specials",
        "href": "https://www.woolworths.com.au/shop/productdetails/95502/bulla-premium-sour-cream",
        "imgName": "095502.jpg",
        "imgSrc": "https://cdn0.woolworths.media/content/wowproductimages/medium/095502.jpg",
        "name": "Bulla Premium Sour Cream 200ml",
        "price": 2,
        "unitPrice": "$1.00 / 100ML"
    },
    {
        "category": "specials",
        "href": "https://www.woolworths.com.au/shop/productdetails/24520/moet-chandon-champagne-grande-vintage",
        "imgName": "024520.jpg",
        "imgSrc": "https://cdn0.woolworths.media/content/wowproductimages/medium/024520.jpg",
        "name": "Moet & Chandon Champagne Grande Vintage 750ml",
        "price": 89,
        "special": 99
    },
    {
        "category": "specials",
        "href": "https://www.woolworths.com.au/shop/productdetails/33282/essentials-plain-flour",
        "imgName": "033282.jpg",
        "imgSrc": "https://cdn0.woolworths.media/content/wowproductimages/medium/033282.jpg",
        "name": "Essentials Plain Flour  1kg",
        "price": 0.75,
        "unitPrice": "$0.75 / 1KG"
    },
    {
        "category": "specials",
        "href": "https://www.woolworths.com.au/shop/productdetails/2517/l-oreal-preference-9-1-viking-light-ash-blonde",
        "imgName": "002517.jpg",
        "imgSrc": "https://cdn0.woolworths.media/content/wowproductimages/medium/002517.jpg",
        "name": "L'oreal Preference 9.1 Viking Light Ash Blonde 1pk",
        "price": 19,
        "special": 13
    },
    {
        "category": "specials",
        "href": "https://www.woolworths.com.au/shop/productdetails/17869/avent-bottle-feeding-twin-pack",
        "imgName": "017869.jpg",
        "imgSrc": "https://cdn0.woolworths.media/content/wowproductimages/medium/017869.jpg",
        "name": "Avent Bottle Feeding Twin Pack 2x260ml",
        "price": 20,
        "special": 14,
        "unitPrice": "$7.00 / 1EA"
    },
    {
        "category": "specials",
        "href": "https://www.woolworths.com.au/shop/productdetails/18041/essentials-mayonnaise",
        "imgName": "018041.jpg",
        "imgSrc": "https://cdn0.woolworths.media/content/wowproductimages/medium/018041.jpg",
        "name": "Essentials Mayonnaise  770g",
        "price": 3,
        "unitPrice": "$0.39 / 100G"
    },
    {
        "category": "specials",
        "href": "https://www.woolworths.com.au/shop/productdetails/32952/cedel-hair-spray-extra-firm",
        "imgName": "032952.jpg",
        "imgSrc": "https://cdn0.woolworths.media/content/wowproductimages/medium/032952.jpg",
        "name": "Cedel Hair Spray Extra Firm 250g",
        "price": 5.4,
        "special": 4,
        "unitPrice": "$1.60 / 100G"
    },
    {
        "category": "specials",
        "href": "https://www.woolworths.com.au/shop/productdetails/33072/nerada-loose-leaf-tea",
        "imgName": "033072.jpg",
        "imgSrc": "https://cdn0.woolworths.media/content/wowproductimages/medium/033072.jpg",
        "name": "Nerada Loose Leaf Tea 250g",
        "price": 3,
        "special": 2.4,
        "unitPrice": "$0.96 / 100G"
    },
    {
        "category": "specials",
        "href": "https://www.woolworths.com.au/shop/productdetails/33167/jalna-biodynamic-organic-whole-milk-yoghurt",
        "imgName": "033167.jpg",
        "imgSrc": "https://cdn0.woolworths.media/content/wowproductimages/medium/033167.jpg",
        "name": "Jalna Biodynamic Organic Whole Milk Yoghurt 500g",
        "price": 4.5,
        "special": 3.5,
        "unitPrice": "$0.70 / 100G"
    },
    {
        "category": "specials",
        "href": "https://www.woolworths.com.au/shop/productdetails/41773/sakata-rice-crackers-barbecue",
        "imgName": "041773.jpg",
        "imgSrc": "https://cdn0.woolworths.media/content/wowproductimages/medium/041773.jpg",
        "name": "Sakata Rice Crackers Barbecue 100g",
        "price": 2.49,
        "special": 2,
        "unitPrice": "$2.00 / 100G"
    },
    {
        "category": "specials",
        "href": "https://www.woolworths.com.au/shop/productdetails/21546/jameson-irish-whisky",
        "imgName": "021546.jpg",
        "imgSrc": "https://cdn0.woolworths.media/content/wowproductimages/medium/021546.jpg",
        "name": "Jameson Irish Whisky  700ml",
        "price": 53,
        "special": 42
    },
    {
        "category": "specials",
        "href": "https://www.woolworths.com.au/shop/productdetails/26261/heinz-smooth-food-6-months-vanilla-custard",
        "imgName": "026261.jpg",
        "imgSrc": "https://cdn0.woolworths.media/content/wowproductimages/medium/026261.jpg",
        "name": "Heinz Smooth Food 6 Months Vanilla Custard 110g",
        "price": 1,
        "unitPrice": "$0.91 / 100G"
    },
    {
        "category": "specials",
        "href": "https://www.woolworths.com.au/shop/productdetails/27210/windex-glass-cleaner-trigger",
        "imgName": "027210.jpg",
        "imgSrc": "https://cdn0.woolworths.media/content/wowproductimages/medium/027210.jpg",
        "name": "Windex Glass Cleaner Trigger 500ml",
        "price": 3.99,
        "special": 3,
        "unitPrice": "$0.60 / 100ML"
    },
    {
        "category": "specials",
        "href": "https://www.woolworths.com.au/shop/productdetails/40960/peters-original-neapolitan",
        "imgName": "040960.jpg",
        "imgSrc": "https://cdn0.woolworths.media/content/wowproductimages/medium/040960.jpg",
        "name": "Peters Original Neapolitan  2l",
        "price": 5.6,
        "special": 4,
        "unitPrice": "$0.20 / 100ML"
    },
    {
        "category": "specials",
        "href": "https://www.woolworths.com.au/shop/productdetails/35336/radiant-brilliant-whites-sharper-colours-front-top-loader-liquid",
        "imgName": "035336.jpg",
        "imgSrc": "https://cdn0.woolworths.media/content/wowproductimages/medium/035336.jpg",
        "name": "Radiant Brilliant Whites Sharper Colours Front & Top Loader Liquid 4l",
        "price": 18,
        "unitPrice": "$4.50 / 1L"
    },
    {
        "category": "specials",
        "href": "https://www.woolworths.com.au/shop/productdetails/16510/spicers-favour-playing-cards",
        "imgName": "016510.jpg",
        "imgSrc": "https://cdn0.woolworths.media/content/wowproductimages/medium/016510.jpg",
        "name": "Spicers Favour Playing Cards 1ea",
        "price": 4.5,
        "special": 3.6
    },
    {
        "category": "specials",
        "href": "https://www.woolworths.com.au/shop/productdetails/25691/pedigree-adult-dog-food-can-loaf-with-5-kinds-of-meat",
        "imgName": "025691.jpg",
        "imgSrc": "https://cdn0.woolworths.media/content/wowproductimages/medium/025691.jpg",
        "name": "Pedigree Adult Dog Food Can Loaf With 5 Kinds Of Meat 1.2kg",
        "price": 3.8,
        "special": 2.5,
        "unitPrice": "$0.21 / 100G"
    },
    {
        "category": "specials",
        "href": "https://www.woolworths.com.au/shop/productdetails/38908/gravox-gravy-mix-instant-chicken",
        "imgName": "038908.jpg",
        "imgSrc": "https://cdn0.woolworths.media/content/wowproductimages/medium/038908.jpg",
        "name": "Gravox Gravy Mix Instant Chicken 120g",
        "price": 3.3,
        "special": 2.5,
        "unitPrice": "$0.21 / 10G"
    },
    {
        "category": "specials",
        "href": "https://www.woolworths.com.au/shop/productdetails/34925/devondale-sparkling-juice-apple",
        "imgName": "034925.jpg",
        "imgSrc": "https://cdn0.woolworths.media/content/wowproductimages/medium/034925.jpg",
        "name": "Devondale Sparkling Juice Apple 750ml",
        "price": 3,
        "special": 2.65,
        "unitPrice": "$3.53 / 1L"
    },
    {
        "category": "specials",
        "href": "https://www.woolworths.com.au/shop/productdetails/35117/fantastic-rice-crackers-seaweed",
        "imgName": "035117.jpg",
        "imgSrc": "https://cdn0.woolworths.media/content/wowproductimages/medium/035117.jpg",
        "name": "Fantastic Rice Crackers Seaweed 100g",
        "price": 1.95,
        "special": 1.5,
        "unitPrice": "$1.50 / 100G"
    },
    {
        "category": "specials",
        "href": "https://www.woolworths.com.au/shop/productdetails/39152/angas-park-prunes-large",
        "imgName": "039152.jpg",
        "imgSrc": "https://cdn0.woolworths.media/content/wowproductimages/medium/039152.jpg",
        "name": "Angas Park Prunes Large 1kg",
        "price": 7,
        "unitPrice": "$7.00 / 1KG"
    },
    {
        "category": "specials",
        "href": "https://www.woolworths.com.au/shop/productdetails/7556/golden-circle-golden-pash-fruit-drink",
        "imgName": "007556.jpg",
        "imgSrc": "https://cdn0.woolworths.media/content/wowproductimages/medium/007556.jpg",
        "name": "Golden Circle Golden Pash Fruit Drink 1l",
        "price": 2.25,
        "special": 1.1,
        "unitPrice": "$1.10 / 1L"
    },
    {
        "category": "specials",
        "href": "https://www.woolworths.com.au/shop/productdetails/3517/frangelico-hazelnut-liqueur",
        "imgName": "003517.jpg",
        "imgSrc": "https://cdn0.woolworths.media/content/wowproductimages/medium/003517.jpg",
        "name": "Frangelico Hazelnut Liqueur  700ml",
        "price": 43,
        "special": 30
    },
    {
        "category": "specials",
        "href": "https://www.woolworths.com.au/shop/productdetails/18576/rspca-approved-chicken-lovely-legs",
        "imgName": "018576.jpg",
        "imgSrc": "https://cdn0.woolworths.media/content/wowproductimages/medium/018576.jpg",
        "name": "Rspca Approved Chicken Lovely Legs  per kg",
        "price": 6,
        "special": 4.5,
        "unitPrice": "$4.50 / 1KG"
    },
    {
        "category": "specials",
        "href": "https://www.woolworths.com.au/shop/productdetails/30446/gatorade-tropical-sports-drink",
        "imgName": "030446.jpg",
        "imgSrc": "https://cdn0.woolworths.media/content/wowproductimages/medium/030446.jpg",
        "name": "Gatorade Tropical Sports Drink 600ml",
        "price": 3.65,
        "special": 2.15,
        "unitPrice": "$3.58 / 1L"
    },
    {
        "category": "specials",
        "href": "https://www.woolworths.com.au/shop/productdetails/36797/rose-s-lime-marmalade",
        "imgName": "036797.jpg",
        "imgSrc": "https://cdn0.woolworths.media/content/wowproductimages/medium/036797.jpg",
        "name": "Rose's Lime Marmalade 500g",
        "price": 3.85,
        "unitPrice": "$0.77 / 100G"
    },
    {
        "category": "specials",
        "href": "https://www.woolworths.com.au/shop/productdetails/37134/golden-circle-beetroot-wedges",
        "imgName": "037134.jpg",
        "imgSrc": "https://cdn0.woolworths.media/content/wowproductimages/medium/037134.jpg",
        "name": "Golden Circle Beetroot Wedges 450g",
        "price": 2,
        "unitPrice": "$4.44 / 1KG"
    },
    {
        "category": "specials",
        "href": "https://www.woolworths.com.au/shop/productdetails/20455/geelong-dusting-pan-brush-set",
        "imgName": "020455.jpg",
        "imgSrc": "https://cdn0.woolworths.media/content/wowproductimages/medium/020455.jpg",
        "name": "Geelong Dusting Pan & Brush Set each",
        "price": 3,
        "special": 2.5
    },
    {
        "category": "specials",
        "href": "https://www.woolworths.com.au/shop/productdetails/49750/makers-mark-bourbon",
        "imgName": "049750.jpg",
        "imgSrc": "https://cdn0.woolworths.media/content/wowproductimages/medium/049750.jpg",
        "name": "Makers Mark Bourbon  700ml",
        "price": 55,
        "special": 45
    },
    {
        "category": "specials",
        "href": "https://www.woolworths.com.au/shop/productdetails/12079/chicken-tonight-simmer-sauce-honey-mustard",
        "imgName": "012079.jpg",
        "imgSrc": "https://cdn0.woolworths.media/content/wowproductimages/medium/012079.jpg",
        "name": "Chicken Tonight Simmer Sauce Honey & Mustard 485g",
        "price": 3.15,
        "unitPrice": "$0.65 / 100G"
    },
    {
        "category": "specials",
        "href": "https://www.woolworths.com.au/shop/productdetails/12347/sara-lee-ice-cream-classic-ultra-chocolate",
        "imgName": "012347.jpg",
        "imgSrc": "https://cdn0.woolworths.media/content/wowproductimages/medium/012347.jpg",
        "name": "Sara Lee Ice Cream Classic Ultra Chocolate 1l tub",
        "price": 9,
        "special": 6,
        "unitPrice": "$0.60 / 100ML"
    },
    {
        "category": "specials",
        "href": "https://www.woolworths.com.au/shop/productdetails/9464/minecraft-mini-single",
        "imgName": "009464.jpg",
        "imgSrc": "https://cdn0.woolworths.media/content/wowproductimages/medium/009464.jpg",
        "name": "Minecraft Mini Single  1ea",
        "price": 5,
        "special": 2.5
    },
    {
        "category": "specials",
        "href": "https://www.woolworths.com.au/shop/productdetails/29767/homebrand-taco-seasoning-mix",
        "imgName": "029767.jpg",
        "imgSrc": "https://cdn0.woolworths.media/content/wowproductimages/medium/029767.jpg",
        "name": "Homebrand Taco Seasoning Mix 35g",
        "price": 1,
        "unitPrice": "$2.86 / 100G"
    },
    {
        "category": "specials",
        "href": "https://www.woolworths.com.au/shop/productdetails/35498/golden-circle-sunshine-punch-fruit-drink",
        "imgName": "035498.jpg",
        "imgSrc": "https://cdn0.woolworths.media/content/wowproductimages/medium/035498.jpg",
        "name": "Golden Circle Sunshine Punch Fruit Drink 1l",
        "price": 2.25,
        "special": 1.1,
        "unitPrice": "$1.10 / 1L"
    },
    {
        "category": "specials",
        "href": "https://www.woolworths.com.au/shop/productdetails/32527/cottee-s-conserve-apricot",
        "imgName": "032527.jpg",
        "imgSrc": "https://cdn0.woolworths.media/content/wowproductimages/medium/032527.jpg",
        "name": "Cottee's Conserve Apricot 500g",
        "price": 2.5,
        "unitPrice": "$0.50 / 100G"
    },
    {
        "category": "specials",
        "href": "https://www.woolworths.com.au/shop/productdetails/9716/ingham-s-frozen-chicken-breast-chipees",
        "imgName": "009716.jpg",
        "imgSrc": "https://cdn0.woolworths.media/content/wowproductimages/medium/009716.jpg",
        "name": "Ingham's Frozen Chicken Breast Chipees 400g",
        "price": 5,
        "unitPrice": "$12.50 / 1KG"
    },
    {
        "category": "specials",
        "href": "https://www.woolworths.com.au/shop/productdetails/16635/huggies-ultra-dry-nappies-walker-13-18kg-girl",
        "imgName": "016635.jpg",
        "imgSrc": "https://cdn0.woolworths.media/content/wowproductimages/medium/016635.jpg",
        "name": "Huggies Ultra Dry Nappies Walker 13-18kg Girl 32pk bulk",
        "price": 16,
        "unitPrice": "$0.50 / 1EA"
    },
    {
        "category": "specials",
        "href": "https://www.woolworths.com.au/shop/productdetails/33637/devondale-skim-long-life-milk",
        "imgName": "033637.jpg",
        "imgSrc": "https://cdn0.woolworths.media/content/wowproductimages/medium/033637.jpg",
        "name": "Devondale Skim Long Life Milk 1l",
        "price": 1.3,
        "unitPrice": "$1.30 / 1L"
    },
    {
        "category": "specials",
        "href": "https://www.woolworths.com.au/shop/productdetails/24946/paramount-salmon-red-sockeye",
        "imgName": "024946.jpg",
        "imgSrc": "https://cdn0.woolworths.media/content/wowproductimages/medium/024946.jpg",
        "name": "Paramount Salmon Red Sockeye 100g",
        "price": 4.29,
        "special": 4,
        "unitPrice": "$40.00 / 1KG"
    },
    {
        "category": "specials",
        "href": "https://www.woolworths.com.au/shop/productdetails/33533/paramount-salmon-red",
        "imgName": "033533.jpg",
        "imgSrc": "https://cdn0.woolworths.media/content/wowproductimages/medium/033533.jpg",
        "name": "Paramount Salmon Red 210g",
        "price": 6,
        "special": 3,
        "unitPrice": "$14.29 / 1KG"
    },
    {
        "category": "specials",
        "href": "https://www.woolworths.com.au/shop/productdetails/54082/mortein-mosquito-coils-value-pack",
        "imgName": "054082.jpg",
        "imgSrc": "https://cdn0.woolworths.media/content/wowproductimages/medium/054082.jpg",
        "name": "Mortein Mosquito Coils Value Pack 30pk",
        "price": 6.49,
        "special": 5.3,
        "unitPrice": "$0.18 / 1EA"
    },
    {
        "category": "specials",
        "href": "https://www.woolworths.com.au/shop/productdetails/82692/country-cup-instant-soup-potato-bacon-with-croutons",
        "imgName": "082692.jpg",
        "imgSrc": "https://cdn0.woolworths.media/content/wowproductimages/medium/082692.jpg",
        "name": "Country Cup Instant Soup Potato & Bacon With Croutons 2pk 51g",
        "price": 1.5,
        "unitPrice": "$2.94 / 100G"
    },
    {
        "category": "specials",
        "href": "https://www.woolworths.com.au/shop/productdetails/93472/johnnie-walker-blue-scotch-whisky",
        "imgName": "093472.jpg",
        "imgSrc": "https://cdn0.woolworths.media/content/wowproductimages/medium/093472.jpg",
        "name": "Johnnie Walker Blue Scotch Whisky  700ml",
        "price": 214,
        "special": 185
    },
    {
        "category": "specials",
        "href": "https://www.woolworths.com.au/shop/productdetails/38018/harris-ground-coffee-espresso",
        "imgName": "038018.jpg",
        "imgSrc": "https://cdn0.woolworths.media/content/wowproductimages/medium/038018.jpg",
        "name": "Harris Ground Coffee Espresso 1kg",
        "price": 18,
        "unitPrice": "$1.80 / 100G"
    },
    {
        "category": "specials",
        "href": "https://www.woolworths.com.au/shop/productdetails/42599/brita-carafe-fill-serve-clear",
        "imgName": "042599.jpg",
        "imgSrc": "https://cdn0.woolworths.media/content/wowproductimages/medium/042599.jpg",
        "name": "Brita Carafe Fill & Serve Clear 1ea",
        "price": 29.95,
        "special": 20.96
    },
    {
        "category": "specials",
        "href": "https://www.woolworths.com.au/shop/productdetails/69036/arnott-s-royals-milk-chocolate",
        "imgName": "069036.jpg",
        "imgSrc": "https://cdn0.woolworths.media/content/wowproductimages/medium/069036.jpg",
        "name": "Arnott's Royals Milk Chocolate 200g",
        "price": 2.5,
        "unitPrice": "$1.25 / 100G"
    },
    {
        "category": "specials",
        "href": "https://www.woolworths.com.au/shop/productdetails/88281/four-n-twenty-pies-party",
        "imgName": "088281.jpg",
        "imgSrc": "https://cdn0.woolworths.media/content/wowproductimages/medium/088281.jpg",
        "name": "Four N Twenty Pies Party 12pk 600g",
        "price": 5,
        "unitPrice": "$0.83 / 100G"
    },
    {
        "category": "specials",
        "href": "https://www.woolworths.com.au/shop/productdetails/89785/ingham-s-frozen-turkey-thigh-roast-traditional",
        "imgName": "089785.jpg",
        "imgSrc": "https://cdn0.woolworths.media/content/wowproductimages/medium/089785.jpg",
        "name": "Ingham's Frozen Turkey Thigh Roast Traditional 1kg serves 6-7",
        "price": 10,
        "unitPrice": "$10.00 / 1KG"
    },
    {
        "category": "specials",
        "href": "https://www.woolworths.com.au/shop/productdetails/70292/l-oreal-excellence-cr-me-5-3-golden-brown",
        "imgName": "070292.jpg",
        "imgSrc": "https://cdn0.woolworths.media/content/wowproductimages/medium/070292.jpg",
        "name": "L'oreal Excellence Cr\u00e8me 5.3 Golden Brown 1pk",
        "price": 17.5,
        "special": 12
    },
    {
        "category": "specials",
        "href": "https://www.woolworths.com.au/shop/productdetails/65367/pedigree-adult-dog-food-with-real-beef",
        "imgName": "065367.jpg",
        "imgSrc": "https://cdn0.woolworths.media/content/wowproductimages/medium/065367.jpg",
        "name": "Pedigree Adult Dog Food With Real Beef 8kg",
        "price": 17.5,
        "unitPrice": "$0.22 / 100G"
    },
    {
        "category": "specials",
        "href": "https://www.woolworths.com.au/shop/productdetails/77342/stayfree-pads-regular-no-wings",
        "imgName": "077342.jpg",
        "imgSrc": "https://cdn0.woolworths.media/content/wowproductimages/medium/077342.jpg",
        "name": "Stayfree Pads Regular No Wings 20pk",
        "price": 5,
        "unitPrice": "$0.25 / 1EA"
    },
    {
        "category": "specials",
        "href": "https://www.woolworths.com.au/shop/productdetails/88026/woolworths-green-king-prawns-extra-large-frozen",
        "imgName": "088026.jpg",
        "imgSrc": "https://cdn0.woolworths.media/content/wowproductimages/medium/088026.jpg",
        "name": "Woolworths Green King Prawns Extra Large Frozen per kg",
        "price": 29,
        "special": 26,
        "unitPrice": "$26.00 / 1KG"
    },
    {
        "category": "specials",
        "href": "https://www.woolworths.com.au/shop/productdetails/124588/roundup-garden-weed-killer-ready-to-use",
        "imgName": "124588.jpg",
        "imgSrc": "https://cdn0.woolworths.media/content/wowproductimages/medium/124588.jpg",
        "name": "Roundup Garden Weed Killer Ready To Use 1l",
        "price": 15,
        "special": 12,
        "unitPrice": "$1.20 / 100ML"
    },
    {
        "category": "specials",
        "href": "https://www.woolworths.com.au/shop/productdetails/71586/azalea-grape-seed-oil",
        "imgName": "071586.jpg",
        "imgSrc": "https://cdn0.woolworths.media/content/wowproductimages/medium/071586.jpg",
        "name": "Azalea Grape Seed Oil 1l",
        "price": 12.45,
        "special": 8,
        "unitPrice": "$0.80 / 100ML"
    },
    {
        "category": "specials",
        "href": "https://www.woolworths.com.au/shop/productdetails/110323/pandaroo-noodles-thin-egg",
        "imgName": "110323.jpg",
        "imgSrc": "https://cdn0.woolworths.media/content/wowproductimages/medium/110323.jpg",
        "name": "Pandaroo Noodles Thin Egg 375g",
        "price": 2.5,
        "special": 2.25,
        "unitPrice": "$0.60 / 100G"
    },
    {
        "category": "specials",
        "href": "https://www.woolworths.com.au/shop/productdetails/57810/cottons-ultra-thin-pads-with-wings-regular",
        "imgName": "057810.jpg",
        "imgSrc": "https://cdn0.woolworths.media/content/wowproductimages/medium/057810.jpg",
        "name": "Cottons Ultra Thin Pads With Wings Regular 14pk",
        "price": 5.4,
        "special": 4.5,
        "unitPrice": "$0.32 / 1EA"
    },
    {
        "category": "specials",
        "href": "https://www.woolworths.com.au/shop/productdetails/43684/the-natural-confectionery-co-dinosaurs",
        "imgName": "043684.jpg",
        "imgSrc": "https://cdn0.woolworths.media/content/wowproductimages/medium/043684.jpg",
        "name": "The Natural Confectionery Co Dinosaurs  260g bag",
        "price": 4,
        "special": 3,
        "unitPrice": "$1.50 / 100G"
    },
    {
        "category": "specials",
        "href": "https://www.woolworths.com.au/shop/productdetails/71193/pedigree-puppy-food-can-mince-chicken-rice",
        "imgName": "071193.jpg",
        "imgSrc": "https://cdn0.woolworths.media/content/wowproductimages/medium/071193.jpg",
        "name": "Pedigree Puppy Food Can Mince Chicken & Rice 700g",
        "price": 2.1,
        "unitPrice": "$0.30 / 100G"
    },
    {
        "category": "specials",
        "href": "https://www.woolworths.com.au/shop/productdetails/56461/barbaresso-ouzo",
        "imgName": "056461.jpg",
        "imgSrc": "https://cdn0.woolworths.media/content/wowproductimages/medium/056461.jpg",
        "name": "Barbaresso Ouzo  700ml",
        "price": 43,
        "special": 37
    },
    {
        "category": "specials",
        "href": "https://www.woolworths.com.au/shop/productdetails/48463/devondale-dairy-soft-salt-reduced-butter",
        "imgName": "048463.jpg",
        "imgSrc": "https://cdn0.woolworths.media/content/wowproductimages/medium/048463.jpg",
        "name": "Devondale Dairy Soft Salt Reduced Butter 500g",
        "price": 5,
        "unitPrice": "$1.00 / 100G"
    },
    {
        "category": "specials",
        "href": "https://www.woolworths.com.au/shop/productdetails/56893/farex-baby-food-4-months-rice-cereal",
        "imgName": "056893.jpg",
        "imgSrc": "https://cdn0.woolworths.media/content/wowproductimages/medium/056893.jpg",
        "name": "Farex Baby Food 4 Months+ Rice Cereal 125g",
        "price": 2,
        "unitPrice": "$1.60 / 100G"
    },
    {
        "category": "specials",
        "href": "https://www.woolworths.com.au/shop/productdetails/96328/peters-frosty-fruits-tropical",
        "imgName": "096328.jpg",
        "imgSrc": "https://cdn0.woolworths.media/content/wowproductimages/medium/096328.jpg",
        "name": "Peters Frosty Fruits Tropical  8pk 600ml",
        "price": 6.7,
        "special": 4,
        "unitPrice": "$0.67 / 100ML"
    },
    {
        "category": "specials",
        "href": "https://www.woolworths.com.au/shop/productdetails/186852/woolworths-mud-cake-white",
        "imgName": "186852.jpg",
        "imgSrc": "https://cdn0.woolworths.media/content/wowproductimages/medium/186852.jpg",
        "name": "Woolworths Mud Cake White 600g",
        "price": 4.4,
        "unitPrice": "$0.73 / 100G"
    },
    {
        "category": "specials",
        "href": "https://www.woolworths.com.au/shop/productdetails/158634/rspca-approved-chicken-wings-honey-soy",
        "imgName": "158634.jpg",
        "imgSrc": "https://cdn0.woolworths.media/content/wowproductimages/medium/158634.jpg",
        "name": "Rspca Approved Chicken Wings Honey Soy per kg",
        "price": 7,
        "special": 6,
        "unitPrice": "$6.00 / 1KG"
    },
    {
        "category": "specials",
        "href": "https://www.woolworths.com.au/shop/productdetails/187899/coon-natural-tasty-cheese-slices",
        "imgName": "187899.jpg",
        "imgSrc": "https://cdn0.woolworths.media/content/wowproductimages/medium/187899.jpg",
        "name": "Coon Natural Tasty Cheese Slices 36pk 750g",
        "price": 9.5,
        "unitPrice": "$12.67 / 1KG"
    },
    {
        "category": "specials",
        "href": "https://www.woolworths.com.au/shop/productdetails/137319/sistema-plasticware-drink-bottle-460ml",
        "imgName": "137319.jpg",
        "imgSrc": "https://cdn0.woolworths.media/content/wowproductimages/medium/137319.jpg",
        "name": "Sistema Plasticware Drink Bottle 460ml each",
        "price": 4.99,
        "special": 2.49
    },
    {
        "category": "specials",
        "href": "https://www.woolworths.com.au/shop/productdetails/209144/liddells-skim-long-life-milk-lactose-free",
        "imgName": "209144.jpg",
        "imgSrc": "https://cdn0.woolworths.media/content/wowproductimages/medium/209144.jpg",
        "name": "Liddells Skim Long Life Milk Lactose Free 1l",
        "price": 2,
        "unitPrice": "$2.00 / 1L"
    },
    {
        "category": "specials",
        "href": "https://www.woolworths.com.au/shop/productdetails/218926/woolworths-corn-sweet-kernels",
        "imgName": "218926.jpg",
        "imgSrc": "https://cdn0.woolworths.media/content/wowproductimages/medium/218926.jpg",
        "name": "Woolworths Corn Sweet Kernels 420g",
        "price": 1,
        "unitPrice": "$2.38 / 1KG"
    },
    {
        "category": "specials",
        "href": "https://www.woolworths.com.au/shop/productdetails/158267/cadbury-dairy-milk-ice-cream-cake-freddo",
        "imgName": "158267.jpg",
        "imgSrc": "https://cdn0.woolworths.media/content/wowproductimages/medium/158267.jpg",
        "name": "Cadbury Dairy Milk Ice Cream Cake Freddo 1.5l",
        "price": 14,
        "unitPrice": "$0.93 / 100ML"
    },
    {
        "category": "specials",
        "href": "https://www.woolworths.com.au/shop/productdetails/162609/red-bull-energy-drink",
        "imgName": "162609.jpg",
        "imgSrc": "https://cdn0.woolworths.media/content/wowproductimages/medium/162609.jpg",
        "name": "Red Bull Energy Drink  4x250ml",
        "price": 10.75,
        "special": 6,
        "unitPrice": "$6.00 / 1L"
    },
    {
        "category": "specials",
        "href": "https://www.woolworths.com.au/shop/productdetails/208698/schwarzkopf-extra-care-conditioner-colour-protect",
        "imgName": "208698.jpg",
        "imgSrc": "https://cdn0.woolworths.media/content/wowproductimages/medium/208698.jpg",
        "name": "Schwarzkopf Extra Care Conditioner Colour Protect 400ml",
        "price": 6.9,
        "special": 3.44,
        "unitPrice": "$0.86 / 100ML"
    },
    {
        "category": "specials",
        "href": "https://www.woolworths.com.au/shop/productdetails/197367/pedigree-adult-dog-food-small-breeds-beef-vegies",
        "imgName": "197367.jpg",
        "imgSrc": "https://cdn0.woolworths.media/content/wowproductimages/medium/197367.jpg",
        "name": "Pedigree Adult Dog Food Small Breeds Beef & Vegies 2.5kg",
        "price": 8.5,
        "unitPrice": "$0.34 / 100G"
    },
    {
        "category": "specials",
        "href": "https://www.woolworths.com.au/shop/productdetails/228929/corelle-pasta-bowl-white",
        "imgName": "228929.jpg",
        "imgSrc": "https://cdn0.woolworths.media/content/wowproductimages/medium/228929.jpg",
        "name": "Corelle Pasta Bowl White 21cm",
        "price": 6,
        "special": 4.2
    },
    {
        "category": "specials",
        "href": "https://www.woolworths.com.au/shop/productdetails/251465/steggles-chicken-pieces-premium-breast-fingers",
        "imgName": "251465.jpg",
        "imgSrc": "https://cdn0.woolworths.media/content/wowproductimages/medium/251465.jpg",
        "name": "Steggles Chicken Pieces Premium Breast Fingers 400g",
        "price": 6.8,
        "special": 4,
        "unitPrice": "$10.00 / 1KG"
    },
    {
        "category": "specials",
        "href": "https://www.woolworths.com.au/shop/productdetails/218146/woolworths-imported-cocktail-prawns-cooked-tail-on",
        "imgName": "218146.jpg",
        "imgSrc": "https://cdn0.woolworths.media/content/wowproductimages/medium/218146.jpg",
        "name": "Woolworths Imported Cocktail Prawns Cooked Tail On per kg",
        "price": 30,
        "special": 25,
        "unitPrice": "$25.00 / 1KG"
    },
    {
        "category": "specials",
        "href": "https://www.woolworths.com.au/shop/productdetails/249701/lindt-lindor-chocolate-balls-milk",
        "imgName": "249701.jpg",
        "imgSrc": "https://cdn0.woolworths.media/content/wowproductimages/medium/249701.jpg",
        "name": "Lindt Lindor Chocolate Balls Milk 125g bag",
        "price": 7,
        "special": 6,
        "unitPrice": "$4.80 / 100G"
    },
    {
        "category": "specials",
        "href": "https://www.woolworths.com.au/shop/productdetails/253847/jalna-premium-vanilla-yoghurt",
        "imgName": "253847.jpg",
        "imgSrc": "https://cdn0.woolworths.media/content/wowproductimages/medium/253847.jpg",
        "name": "Jalna Premium Vanilla Yoghurt 200g",
        "price": 2.3,
        "special": 2,
        "unitPrice": "$1.00 / 100G"
    },
    {
        "category": "specials",
        "href": "https://www.woolworths.com.au/shop/productdetails/260439/l-oreal-casting-cr-me-gloss-300-darkest-brown",
        "imgName": "260439.jpg",
        "imgSrc": "https://cdn0.woolworths.media/content/wowproductimages/medium/260439.jpg",
        "name": "L'oreal Casting Cr\u00e8me Gloss 300 Darkest Brown 1pk",
        "price": 16,
        "special": 11
    },
    {
        "category": "specials",
        "href": "https://www.woolworths.com.au/shop/productdetails/260722/woolworths-select-double-sponge-cake-unfilled",
        "imgName": "260722.jpg",
        "imgSrc": "https://cdn0.woolworths.media/content/wowproductimages/medium/260722.jpg",
        "name": "Woolworths Select Double Sponge Cake Unfilled 460g",
        "price": 5,
        "unitPrice": "$1.09 / 100G"
    },
    {
        "category": "specials",
        "href": "https://www.woolworths.com.au/shop/productdetails/252640/mccain-pizza-meatlovers-bbq",
        "imgName": "252640.jpg",
        "imgSrc": "https://cdn0.woolworths.media/content/wowproductimages/medium/252640.jpg",
        "name": "Mccain Pizza Meatlovers Bbq 500g",
        "price": 6.5,
        "special": 5,
        "unitPrice": "$1.00 / 100G"
    },
    {
        "category": "specials",
        "href": "https://www.woolworths.com.au/shop/productdetails/232787/nestle-milo-energy-snack-bar-with-milk",
        "imgName": "232787.jpg",
        "imgSrc": "https://cdn0.woolworths.media/content/wowproductimages/medium/232787.jpg",
        "name": "Nestle Milo Energy Snack Bar With Milk 6pk 160g",
        "price": 4,
        "special": 3,
        "unitPrice": "$1.88 / 100G"
    },
    {
        "category": "specials",
        "href": "https://www.woolworths.com.au/shop/productdetails/282533/bonds-mens-socks-1-4-crew-sports-size-6-10",
        "imgName": "282533.jpg",
        "imgSrc": "https://cdn0.woolworths.media/content/wowproductimages/medium/282533.jpg",
        "name": "Bonds Mens Socks 1/4 Crew Sports Size 6-10 3pk",
        "price": 14,
        "special": 7,
        "unitPrice": "$2.33 / 1EA"
    },
    {
        "category": "specials",
        "href": "https://www.woolworths.com.au/shop/productdetails/253577/nivea-deodorant-aerosol-pearl-beauty",
        "imgName": "253577.jpg",
        "imgSrc": "https://cdn0.woolworths.media/content/wowproductimages/medium/253577.jpg",
        "name": "Nivea Deodorant Aerosol Pearl & Beauty 92g",
        "price": 4,
        "unitPrice": "$2.67 / 100ML"
    },
    {
        "category": "specials",
        "href": "https://www.woolworths.com.au/shop/productdetails/213475/praise-whole-egg-mayonnaise-light",
        "imgName": "213475.jpg",
        "imgSrc": "https://cdn0.woolworths.media/content/wowproductimages/medium/213475.jpg",
        "name": "Praise Whole Egg Mayonnaise Light 510g",
        "price": 5,
        "unitPrice": "$0.98 / 100G"
    },
    {
        "category": "specials",
        "href": "https://www.woolworths.com.au/shop/productdetails/214489/colgate-toothbrush-360-degree-soft",
        "imgName": "214489.jpg",
        "imgSrc": "https://cdn0.woolworths.media/content/wowproductimages/medium/214489.jpg",
        "name": "Colgate Toothbrush 360 Degree Soft each",
        "price": 5,
        "special": 3,
        "unitPrice": "$3.00 / 1EA"
    },
    {
        "category": "specials",
        "href": "https://www.woolworths.com.au/shop/productdetails/214684/colgate-toothbrush-360-medium",
        "imgName": "214684.jpg",
        "imgSrc": "https://cdn0.woolworths.media/content/wowproductimages/medium/214684.jpg",
        "name": "Colgate Toothbrush 360 Medium each",
        "price": 5,
        "special": 3,
        "unitPrice": "$3.00 / 1EA"
    },
    {
        "category": "specials",
        "href": "https://www.woolworths.com.au/shop/productdetails/227401/vileda-mop-super-soft-yellow",
        "imgName": "227401.jpg",
        "imgSrc": "https://cdn0.woolworths.media/content/wowproductimages/medium/227401.jpg",
        "name": "Vileda Mop Super Soft Yellow each",
        "price": 11.49,
        "special": 10
    },
    {
        "category": "specials",
        "href": "https://www.woolworths.com.au/shop/productdetails/113758/schmackos-treat-beef-stix",
        "imgName": "113758.jpg",
        "imgSrc": "https://cdn0.woolworths.media/content/wowproductimages/medium/113758.jpg",
        "name": "Schmackos Treat Beef Stix 180g",
        "price": 5.25,
        "special": 4,
        "unitPrice": "$2.22 / 100G"
    },
    {
        "category": "specials",
        "href": "https://www.woolworths.com.au/shop/productdetails/179502/fancy-feast-adult-cat-food-grilled-tuna-prime-fillet",
        "imgName": "179502.jpg",
        "imgSrc": "https://cdn0.woolworths.media/content/wowproductimages/medium/179502.jpg",
        "name": "Fancy Feast Adult Cat Food Grilled Tuna Prime Fillet 85g",
        "price": 1.2,
        "special": 0.9,
        "unitPrice": "$1.06 / 100G"
    },
    {
        "category": "specials",
        "href": "https://www.woolworths.com.au/shop/productdetails/177218/borg-s-pastizzis-triangles-spinach-ricotta",
        "imgName": "177218.jpg",
        "imgSrc": "https://cdn0.woolworths.media/content/wowproductimages/medium/177218.jpg",
        "name": "Borg's Pastizzis Triangles Spinach & Ricotta 360g",
        "price": 3,
        "unitPrice": "$0.83 / 100G"
    },
    {
        "category": "specials",
        "href": "https://www.woolworths.com.au/shop/productdetails/224461/whittakers-coconut-slab-milk-chocolate",
        "imgName": "224461.jpg",
        "imgSrc": "https://cdn0.woolworths.media/content/wowproductimages/medium/224461.jpg",
        "name": "Whittakers Coconut Slab Milk Chocolate 50g bar",
        "price": 1.4,
        "special": 1.1,
        "unitPrice": "$2.20 / 100G"
    },
    {
        "category": "specials",
        "href": "https://www.woolworths.com.au/shop/productdetails/226908/nescafe-coffee-sachets-caramel-latte",
        "imgName": "226908.jpg",
        "imgSrc": "https://cdn0.woolworths.media/content/wowproductimages/medium/226908.jpg",
        "name": "Nescafe Coffee Sachets Caramel Latte 10pk",
        "price": 6.59,
        "special": 3.29,
        "unitPrice": "$1.94 / 100G"
    },
    {
        "category": "specials",
        "href": "https://www.woolworths.com.au/shop/productdetails/322924/kirks-lemonade-sugar-free-cans",
        "imgName": "322924.jpg",
        "imgSrc": "https://cdn0.woolworths.media/content/wowproductimages/medium/322924.jpg",
        "name": "Kirks Lemonade Sugar Free Cans 10x375ml pack",
        "price": 10.55,
        "special": 5.95,
        "unitPrice": "$1.59 / 1L"
    },
    {
        "category": "specials",
        "href": "https://www.woolworths.com.au/shop/productdetails/337583/jacobs-snacks-club-orange",
        "imgName": "337583.jpg",
        "imgSrc": "https://cdn0.woolworths.media/content/wowproductimages/medium/337583.jpg",
        "name": "Jacobs Snacks Club Orange 176g",
        "price": 5,
        "special": 2.5,
        "unitPrice": "$1.42 / 100G"
    },
    {
        "category": "specials",
        "href": "https://www.woolworths.com.au/shop/productdetails/339134/smith-s-chips-share-pack-thinly-cut-original",
        "imgName": "339134.jpg",
        "imgSrc": "https://cdn0.woolworths.media/content/wowproductimages/medium/339134.jpg",
        "name": "Smith's Chips Share Pack Thinly Cut Original 175g",
        "price": 2,
        "unitPrice": "$1.14 / 100G"
    },
    {
        "category": "specials",
        "href": "https://www.woolworths.com.au/shop/productdetails/339137/smith-s-chips-share-pack-thinly-cut-salt-vinegar",
        "imgName": "339137.jpg",
        "imgSrc": "https://cdn0.woolworths.media/content/wowproductimages/medium/339137.jpg",
        "name": "Smith's Chips Share Pack Thinly Cut Salt & Vinegar 175g",
        "price": 2,
        "unitPrice": "$1.14 / 100G"
    },
    {
        "category": "specials",
        "href": "https://www.woolworths.com.au/shop/productdetails/334825/babylove-sleepy-nights-overnight-pants-25-57kg",
        "imgName": "334825.jpg",
        "imgSrc": "https://cdn0.woolworths.media/content/wowproductimages/medium/334825.jpg",
        "name": "Babylove Sleepy Nights Overnight Pants 25-57kg 8pk",
        "price": 11,
        "special": 9,
        "unitPrice": "$1.13 / 1EA"
    },
    {
        "category": "specials",
        "href": "https://www.woolworths.com.au/shop/productdetails/295716/coca-cola-bottes",
        "imgName": "295716.jpg",
        "imgSrc": "https://cdn0.woolworths.media/content/wowproductimages/medium/295716.jpg",
        "name": "Coca-cola Bottes  4x330ml pack",
        "price": 8.45,
        "special": 5.1,
        "unitPrice": "$3.86 / 1L"
    },
    {
        "category": "specials",
        "href": "https://www.woolworths.com.au/shop/productdetails/310563/ecostore-handwash-refill-coconut-vanilla",
        "imgName": "310563.jpg",
        "imgSrc": "https://cdn0.woolworths.media/content/wowproductimages/medium/310563.jpg",
        "name": "Ecostore Handwash Refill Coconut & Vanilla 500ml",
        "price": 8.39,
        "special": 6,
        "unitPrice": "$1.20 / 100ML"
    },
    {
        "category": "specials",
        "href": "https://www.woolworths.com.au/shop/productdetails/321493/elastoplast-fabric-strips-heavy-duty",
        "imgName": "321493.jpg",
        "imgSrc": "https://cdn0.woolworths.media/content/wowproductimages/medium/321493.jpg",
        "name": "Elastoplast Fabric Strips Heavy Duty 20pk",
        "price": 3.5,
        "special": 3,
        "unitPrice": "$0.15 / 1EA"
    },
    {
        "category": "specials",
        "href": "https://www.woolworths.com.au/shop/productdetails/333290/only-organic-9-months-banana-raspberry-vanilla",
        "imgName": "333290.jpg",
        "imgSrc": "https://cdn0.woolworths.media/content/wowproductimages/medium/333290.jpg",
        "name": "Only Organic 9 Months Banana Raspberry & Vanilla 120g",
        "price": 2,
        "special": 1.5,
        "unitPrice": "$1.25 / 100G"
    },
    {
        "category": "specials",
        "href": "https://www.woolworths.com.au/shop/productdetails/332102/s-w-mayonnaise-light",
        "imgName": "332102.jpg",
        "imgSrc": "https://cdn0.woolworths.media/content/wowproductimages/medium/332102.jpg",
        "name": "S&w Mayonnaise Light  440g",
        "price": 5.5,
        "special": 4,
        "unitPrice": "$0.91 / 100G"
    },
    {
        "category": "specials",
        "href": "https://www.woolworths.com.au/shop/productdetails/319417/bonds-mens-underwear-fit-trunk-large",
        "imgName": "319417.jpg",
        "imgSrc": "https://cdn0.woolworths.media/content/wowproductimages/medium/319417.jpg",
        "name": "Bonds Mens Underwear Fit Trunk Large each",
        "price": 22,
        "special": 11
    },
    {
        "category": "specials",
        "href": "https://www.woolworths.com.au/shop/productdetails/333288/only-organic-6-months-apple-banana-mango",
        "imgName": "333288.jpg",
        "imgSrc": "https://cdn0.woolworths.media/content/wowproductimages/medium/333288.jpg",
        "name": "Only Organic 6 Months+ Apple Banana & Mango 120g",
        "price": 2,
        "special": 1.5,
        "unitPrice": "$1.25 / 100G"
    },
    {
        "category": "specials",
        "href": "https://www.woolworths.com.au/shop/productdetails/334521/rafferty-s-garden-food-6-months-creamy-chicken-veggie-puree",
        "imgName": "334521.jpg",
        "imgSrc": "https://cdn0.woolworths.media/content/wowproductimages/medium/334521.jpg",
        "name": "Rafferty's Garden Food 6 Months Creamy Chicken & Veggie Puree 120g",
        "price": 1.65,
        "unitPrice": "$1.38 / 100G"
    },
    {
        "category": "specials",
        "href": "https://www.woolworths.com.au/shop/productdetails/331448/vaalia-kids-yoghurt-pouch-strawberry",
        "imgName": "331448.jpg",
        "imgSrc": "https://cdn0.woolworths.media/content/wowproductimages/medium/331448.jpg",
        "name": "Vaalia Kids Yoghurt Pouch Strawberry 140g",
        "price": 1.9,
        "unitPrice": "$1.36 / 100G"
    },
    {
        "category": "specials",
        "href": "https://www.woolworths.com.au/shop/productdetails/345425/d-orsogna-salami-spicy-calabrese",
        "imgName": "345425.jpg",
        "imgSrc": "https://cdn0.woolworths.media/content/wowproductimages/medium/345425.jpg",
        "name": "D'orsogna Salami Spicy Calabrese 200g",
        "price": 7.69,
        "special": 6,
        "unitPrice": "$30.00 / 1KG"
    },
    {
        "category": "specials",
        "href": "https://www.woolworths.com.au/shop/productdetails/363088/gu-key-lime-pies",
        "imgName": "363088.jpg",
        "imgSrc": "https://cdn0.woolworths.media/content/wowproductimages/medium/363088.jpg",
        "name": "Gu Key Lime Pies 2pk 170g",
        "price": 5,
        "unitPrice": "$2.94 / 100G"
    },
    {
        "category": "specials",
        "href": "https://www.woolworths.com.au/shop/productdetails/245856/smith-s-chips-multipack-crinkle-cut-variety",
        "imgName": "245856.jpg",
        "imgSrc": "https://cdn0.woolworths.media/content/wowproductimages/medium/245856.jpg",
        "name": "Smith's Chips Multipack Crinkle Cut Variety 20pk 380g",
        "price": 5.5,
        "unitPrice": "$1.45 / 100G"
    },
    {
        "category": "specials",
        "href": "https://www.woolworths.com.au/shop/productdetails/279742/woolworths-select-aero-disinfectant-spray-marine-fresh",
        "imgName": "279742.jpg",
        "imgSrc": "https://cdn0.woolworths.media/content/wowproductimages/medium/279742.jpg",
        "name": "Woolworths Select Aero Disinfectant Spray Marine Fresh 300g",
        "price": 4,
        "unitPrice": "$1.33 / 100G"
    },
    {
        "category": "specials",
        "href": "https://www.woolworths.com.au/shop/productdetails/281263/vegemite-spread",
        "imgName": "281263.jpg",
        "imgSrc": "https://cdn0.woolworths.media/content/wowproductimages/medium/281263.jpg",
        "name": "Vegemite Spread  150g",
        "price": 3.35,
        "unitPrice": "$2.23 / 100G"
    },
    {
        "category": "specials",
        "href": "https://www.woolworths.com.au/shop/productdetails/260470/l-oreal-excellence-cr-me-4-15-dark-frosted",
        "imgName": "260470.jpg",
        "imgSrc": "https://cdn0.woolworths.media/content/wowproductimages/medium/260470.jpg",
        "name": "L'oreal Excellence Cr\u00e8me 4.15 Dark Frosted 1pk",
        "price": 17.5,
        "special": 12
    },
    {
        "category": "specials",
        "href": "https://www.woolworths.com.au/shop/productdetails/326673/harpic-hygienic-cageless-toilet-cleaner-block-in-bowl-lavender",
        "imgName": "326673.jpg",
        "imgSrc": "https://cdn0.woolworths.media/content/wowproductimages/medium/326673.jpg",
        "name": "Harpic Hygienic Cageless Toilet Cleaner Block In Bowl Lavender 2x40g",
        "price": 4,
        "unitPrice": "$5.00 / 100G"
    },
    {
        "category": "specials",
        "href": "https://www.woolworths.com.au/shop/productdetails/323470/mars-bounty-sharepack",
        "imgName": "323470.jpg",
        "imgSrc": "https://cdn0.woolworths.media/content/wowproductimages/medium/323470.jpg",
        "name": "Mars Bounty Sharepack 12pk 168g",
        "price": 4.6,
        "special": 3.5,
        "unitPrice": "$2.08 / 100G"
    },
    {
        "category": "specials",
        "href": "https://www.woolworths.com.au/shop/productdetails/313445/majans-mixed-nuts-bhuja-nut-mix",
        "imgName": "313445.jpg",
        "imgSrc": "https://cdn0.woolworths.media/content/wowproductimages/medium/313445.jpg",
        "name": "Majans Mixed Nuts Bhuja Nut Mix 150g",
        "price": 3.85,
        "special": 2.5,
        "unitPrice": "$16.67 / 1KG"
    },
    {
        "category": "specials",
        "href": "https://www.woolworths.com.au/shop/productdetails/257442/masterfoods-finishing-sauce-cheese",
        "imgName": "257442.jpg",
        "imgSrc": "https://cdn0.woolworths.media/content/wowproductimages/medium/257442.jpg",
        "name": "Masterfoods Finishing Sauce Cheese 160g",
        "price": 2.65,
        "unitPrice": "$1.66 / 100G"
    },
    {
        "category": "specials",
        "href": "https://www.woolworths.com.au/shop/productdetails/258381/sacla-pasta-sauce-basil-cherry-tomato",
        "imgName": "258381.jpg",
        "imgSrc": "https://cdn0.woolworths.media/content/wowproductimages/medium/258381.jpg",
        "name": "Sacla Pasta Sauce Basil Cherry Tomato 420g",
        "price": 4.5,
        "unitPrice": "$1.07 / 100G"
    },
    {
        "category": "specials",
        "href": "https://www.woolworths.com.au/shop/productdetails/322231/thins-chips-single-pack-original",
        "imgName": "322231.jpg",
        "imgSrc": "https://cdn0.woolworths.media/content/wowproductimages/medium/322231.jpg",
        "name": "Thins Chips Single Pack Original 45g",
        "price": 1.5,
        "special": 1,
        "unitPrice": "$2.22 / 100G"
    },
    {
        "category": "specials",
        "href": "https://www.woolworths.com.au/shop/productdetails/343883/suimin-mi-goreng-noodle-cup",
        "imgName": "343883.jpg",
        "imgSrc": "https://cdn0.woolworths.media/content/wowproductimages/medium/343883.jpg",
        "name": "Suimin Mi Goreng Noodle Cup 70g",
        "price": 1.4,
        "special": 1.2,
        "unitPrice": "$1.71 / 100G"
    },
    {
        "category": "specials",
        "href": "https://www.woolworths.com.au/shop/productdetails/301074/fantastic-delites-snacks-sea-salt-balsamic-vinegar",
        "imgName": "301074.jpg",
        "imgSrc": "https://cdn0.woolworths.media/content/wowproductimages/medium/301074.jpg",
        "name": "Fantastic Delites Snacks Sea Salt & Balsamic Vinegar 100g",
        "price": 2,
        "special": 1.5,
        "unitPrice": "$1.50 / 100G"
    },
    {
        "category": "specials",
        "href": "https://www.woolworths.com.au/shop/productdetails/298566/homebrand-cocoa-powder",
        "imgName": "298566.jpg",
        "imgSrc": "https://cdn0.woolworths.media/content/wowproductimages/medium/298566.jpg",
        "name": "Homebrand Cocoa Powder  375g",
        "price": 4,
        "unitPrice": "$1.07 / 100G"
    },
    {
        "category": "specials",
        "href": "https://www.woolworths.com.au/shop/productdetails/353082/cadbury-roses",
        "imgName": "353082.jpg",
        "imgSrc": "https://cdn0.woolworths.media/content/wowproductimages/medium/353082.jpg",
        "name": "Cadbury Roses  225g gift box",
        "price": 7,
        "unitPrice": "$3.11 / 100G"
    },
    {
        "category": "specials",
        "href": "https://www.woolworths.com.au/shop/productdetails/366507/bertocchi-salami-pepperoni",
        "imgName": "366507.jpg",
        "imgSrc": "https://cdn0.woolworths.media/content/wowproductimages/medium/366507.jpg",
        "name": "Bertocchi Salami Pepperoni 500g",
        "price": 10.89,
        "special": 9,
        "unitPrice": "$18.00 / 1KG"
    },
    {
        "category": "specials",
        "href": "https://www.woolworths.com.au/shop/productdetails/476443/woolworths-clotted-cream-flavoured-fudge",
        "imgName": "476443.jpg",
        "imgSrc": "https://cdn0.woolworths.media/content/wowproductimages/medium/476443.jpg",
        "name": "Woolworths Clotted Cream Flavoured Fudge 150g",
        "price": 4,
        "special": 2.5,
        "unitPrice": "$1.67 / 100G"
    },
    {
        "category": "specials",
        "href": "https://www.woolworths.com.au/shop/productdetails/348996/dine-adult-cat-food-saucy-morsels-with-ocean-fish",
        "imgName": "348996.jpg",
        "imgSrc": "https://cdn0.woolworths.media/content/wowproductimages/medium/348996.jpg",
        "name": "Dine Adult Cat Food Saucy Morsels With Ocean Fish 7pk",
        "price": 7.15,
        "special": 5,
        "unitPrice": "$0.84 / 100G"
    },
    {
        "category": "specials",
        "href": "https://www.woolworths.com.au/shop/productdetails/349072/dine-adult-cat-food-beef-liver-in-a-rich-gravy",
        "imgName": "349072.jpg",
        "imgSrc": "https://cdn0.woolworths.media/content/wowproductimages/medium/349072.jpg",
        "name": "Dine Adult Cat Food Beef & Liver In A Rich Gravy 7pk",
        "price": 7.15,
        "special": 5,
        "unitPrice": "$0.84 / 100G"
    },
    {
        "category": "specials",
        "href": "https://www.woolworths.com.au/shop/productdetails/345099/decor-match-ups-storer-oblong",
        "imgName": "345099.jpg",
        "imgSrc": "https://cdn0.woolworths.media/content/wowproductimages/medium/345099.jpg",
        "name": "Decor Match-ups Storer Oblong 4l"
    },
    {
        "category": "specials",
        "href": "https://www.woolworths.com.au/shop/productdetails/457589/neutrogena-deep-clean-gentle-scrub",
        "imgName": "457589.jpg",
        "imgSrc": "https://cdn0.woolworths.media/content/wowproductimages/medium/457589.jpg",
        "name": "Neutrogena Deep Clean Gentle Scrub 125ml",
        "price": 13,
        "special": 7.8,
        "unitPrice": "$6.24 / 100ML"
    },
    {
        "category": "specials",
        "href": "https://www.woolworths.com.au/shop/productdetails/449000/sara-lee-baked-cheesecake-chocolate-ganache",
        "imgName": "449000.jpg",
        "imgSrc": "https://cdn0.woolworths.media/content/wowproductimages/medium/449000.jpg",
        "name": "Sara Lee Baked Cheesecake Chocolate Ganache 760g",
        "price": 12.99,
        "special": 11,
        "unitPrice": "$1.45 / 100G"
    },
    {
        "category": "specials",
        "href": "https://www.woolworths.com.au/shop/productdetails/505677/woolworths-baby-pepper-bels-filled-fetta-prepacked",
        "imgName": "505677.jpg",
        "imgSrc": "https://cdn0.woolworths.media/content/wowproductimages/medium/505677.jpg",
        "name": "Woolworths Baby Pepper Bels Filled Fetta Prepacked 180g",
        "price": 3.5,
        "special": 3,
        "unitPrice": "$1.67 / 100G"
    },
    {
        "category": "specials",
        "href": "https://www.woolworths.com.au/shop/productdetails/446863/oreo-cookie-original",
        "imgName": "446863.jpg",
        "imgSrc": "https://cdn0.woolworths.media/content/wowproductimages/medium/446863.jpg",
        "name": "Oreo Cookie Original 274g",
        "price": 3,
        "unitPrice": "$1.09 / 100G"
    },
    {
        "category": "specials",
        "href": "https://www.woolworths.com.au/shop/productdetails/450687/leggo-s-pasta-sauce-bolognese-with-chunky-tomato-garlic-herbs",
        "imgName": "450687.jpg",
        "imgSrc": "https://cdn0.woolworths.media/content/wowproductimages/medium/450687.jpg",
        "name": "Leggo's Pasta Sauce Bolognese With Chunky Tomato Garlic & Herbs 500g",
        "price": 3,
        "special": 2.7,
        "unitPrice": "$0.54 / 100G"
    },
    {
        "category": "specials",
        "href": "https://www.woolworths.com.au/shop/productdetails/376504/listerine-zero-mouthwash",
        "imgName": "376504.jpg",
        "imgSrc": "https://cdn0.woolworths.media/content/wowproductimages/medium/376504.jpg",
        "name": "Listerine Zero Mouthwash  1l",
        "price": 11.5,
        "unitPrice": "$1.15 / 100ML"
    },
    {
        "category": "specials",
        "href": "https://www.woolworths.com.au/shop/productdetails/376691/oral-b-vitality-plus-toothbrush-electric-sensitive-clean",
        "imgName": "376691.jpg",
        "imgSrc": "https://cdn0.woolworths.media/content/wowproductimages/medium/376691.jpg",
        "name": "Oral-b Vitality Plus Toothbrush Electric Sensitive Clean each",
        "price": 45,
        "special": 31.5,
        "unitPrice": "$31.50 / 1EA"
    },
    {
        "category": "specials",
        "href": "https://www.woolworths.com.au/shop/productdetails/377293/piksters-dental-floss-interdental-brush-medium",
        "imgName": "377293.jpg",
        "imgSrc": "https://cdn0.woolworths.media/content/wowproductimages/medium/377293.jpg",
        "name": "Piksters Dental Floss Interdental Brush Medium 10pk",
        "price": 7,
        "unitPrice": "$0.70 / 1EA"
    },
    {
        "category": "specials",
        "href": "https://www.woolworths.com.au/shop/productdetails/446491/maggi-lamb-casserole-recipe-base",
        "imgName": "446491.jpg",
        "imgSrc": "https://cdn0.woolworths.media/content/wowproductimages/medium/446491.jpg",
        "name": "Maggi Lamb Casserole Recipe Base 31g",
        "price": 1.75,
        "unitPrice": "$5.65 / 100G"
    },
    {
        "category": "specials",
        "href": "https://www.woolworths.com.au/shop/productdetails/463097/urbane-mess-beard-oil",
        "imgName": "463097.jpg",
        "imgSrc": "https://cdn0.woolworths.media/content/wowproductimages/medium/463097.jpg",
        "name": "Urbane Mess Beard Oil  30ml",
        "price": 9,
        "special": 7.6,
        "unitPrice": "$25.33 / 100ML"
    },
    {
        "category": "specials",
        "href": "https://www.woolworths.com.au/shop/productdetails/481174/smitten-kitten-food-beef-loaf",
        "imgName": "481174.jpg",
        "imgSrc": "https://cdn0.woolworths.media/content/wowproductimages/medium/481174.jpg",
        "name": "Smitten Kitten Food Beef Loaf 100g",
        "price": 0.6,
        "unitPrice": "$0.60 / 100G"
    },
    {
        "category": "specials",
        "href": "https://www.woolworths.com.au/shop/productdetails/502737/frantelle-sparkling-water-lime",
        "imgName": "502737.jpg",
        "imgSrc": "https://cdn0.woolworths.media/content/wowproductimages/medium/502737.jpg",
        "name": "Frantelle Sparkling Water Lime 6pk",
        "price": 6.85,
        "special": 5.65,
        "unitPrice": "$1.88 / 1L"
    },
    {
        "category": "specials",
        "href": "https://www.woolworths.com.au/shop/productdetails/348962/fancy-feast-adult-cat-food-chicken-turkey-vegtables",
        "imgName": "348962.jpg",
        "imgSrc": "https://cdn0.woolworths.media/content/wowproductimages/medium/348962.jpg",
        "name": "Fancy Feast Adult Cat Food Chicken Turkey & Vegtables 450g",
        "price": 5,
        "special": 4.5,
        "unitPrice": "$1.00 / 100G"
    },
    {
        "category": "specials",
        "href": "https://www.woolworths.com.au/shop/productdetails/360392/vaalia-kids-yoghurt-pouch-tropical",
        "imgName": "360392.jpg",
        "imgSrc": "https://cdn0.woolworths.media/content/wowproductimages/medium/360392.jpg",
        "name": "Vaalia Kids Yoghurt Pouch Tropical 140g",
        "price": 1.9,
        "unitPrice": "$1.36 / 100G"
    },
    {
        "category": "specials",
        "href": "https://www.woolworths.com.au/shop/productdetails/360914/deep-spring-sparkling-mineral-water",
        "imgName": "360914.jpg",
        "imgSrc": "https://cdn0.woolworths.media/content/wowproductimages/medium/360914.jpg",
        "name": "Deep Spring Sparkling Mineral Water 1.25l",
        "price": 2,
        "special": 1.65,
        "unitPrice": "$1.32 / 1L"
    },
    {
        "category": "specials",
        "href": "https://www.woolworths.com.au/shop/productdetails/370948/byron-bay-chilli-co-chilli-sauce-heavenly-habanero",
        "imgName": "370948.jpg",
        "imgSrc": "https://cdn0.woolworths.media/content/wowproductimages/medium/370948.jpg",
        "name": "Byron Bay Chilli Co Chilli Sauce Heavenly Habanero 250ml",
        "price": 4.29,
        "special": 4,
        "unitPrice": "$1.60 / 100ML"
    },
    {
        "category": "specials",
        "href": "https://www.woolworths.com.au/shop/productdetails/432385/hot-topic-mug-little-miss",
        "imgName": "432385.jpg",
        "imgSrc": "https://cdn0.woolworths.media/content/wowproductimages/medium/432385.jpg",
        "name": "Hot Topic Mug Little Miss each",
        "price": 5,
        "special": 3
    },
    {
        "category": "specials",
        "href": "https://www.woolworths.com.au/shop/productdetails/380811/dove-sensitive-body-wash-hypo-allergenic",
        "imgName": "380811.jpg",
        "imgSrc": "https://cdn0.woolworths.media/content/wowproductimages/medium/380811.jpg",
        "name": "Dove Sensitive Body Wash Hypo-allergenic 1l",
        "price": 13.7,
        "special": 10,
        "unitPrice": "$1.00 / 100ML"
    },
    {
        "category": "specials",
        "href": "https://www.woolworths.com.au/shop/productdetails/381095/nivea-invi-for-black-white-deodorant-roll-on-clear",
        "imgName": "381095.jpg",
        "imgSrc": "https://cdn0.woolworths.media/content/wowproductimages/medium/381095.jpg",
        "name": "Nivea Invi For Black & White Deodorant Roll On Clear 50ml",
        "price": 3.5,
        "unitPrice": "$7.00 / 100ML"
    },
    {
        "category": "specials",
        "href": "https://www.woolworths.com.au/shop/productdetails/379953/dettol-no-touch-hand-wash-refill-aloe-vera-vitamin-e",
        "imgName": "379953.jpg",
        "imgSrc": "https://cdn0.woolworths.media/content/wowproductimages/medium/379953.jpg",
        "name": "Dettol No Touch Hand Wash Refill Aloe Vera & Vitamin E 250ml",
        "price": 5,
        "unitPrice": "$2.00 / 100ML"
    },
    {
        "category": "specials",
        "href": "https://www.woolworths.com.au/shop/productdetails/311072/raid-night-day-primary-insect-control-fly-mosquito-protection",
        "imgName": "311072.jpg",
        "imgSrc": "https://cdn0.woolworths.media/content/wowproductimages/medium/311072.jpg",
        "name": "Raid Night & Day Primary Insect Control Fly & Mosquito Protection each",
        "price": 9,
        "unitPrice": "$9.00 / 1EA"
    },
    {
        "category": "specials",
        "href": "https://www.woolworths.com.au/shop/productdetails/360072/optimum-adult-dog-food-dog-small-chicken-veg-rice",
        "imgName": "360072.jpg",
        "imgSrc": "https://cdn0.woolworths.media/content/wowproductimages/medium/360072.jpg",
        "name": "Optimum Adult Dog Food Dog Small Chicken Veg & Rice 3kg",
        "price": 17.3,
        "special": 14,
        "unitPrice": "$0.47 / 100G"
    },
    {
        "category": "specials",
        "href": "https://www.woolworths.com.au/shop/productdetails/379902/woolworths-cheese-cubes",
        "imgName": "379902.jpg",
        "imgSrc": "https://cdn0.woolworths.media/content/wowproductimages/medium/379902.jpg",
        "name": "Woolworths Cheese Cubes  500g",
        "price": 7,
        "special": 6,
        "unitPrice": "$12.00 / 1KG"
    },
    {
        "category": "specials",
        "href": "https://www.woolworths.com.au/shop/productdetails/491645/decor-microsafe-easy-steam-egg-poacher",
        "imgName": "491645.jpg",
        "imgSrc": "https://cdn0.woolworths.media/content/wowproductimages/medium/491645.jpg",
        "name": "Decor Microsafe Easy Steam Egg Poacher  each",
        "price": 14.99,
        "special": 7.49,
        "unitPrice": "$7.49 / 1EA"
    },
    {
        "category": "specials",
        "href": "https://www.woolworths.com.au/shop/productdetails/460248/m-m-s-milk-chocolate",
        "imgName": "460248.jpg",
        "imgSrc": "https://cdn0.woolworths.media/content/wowproductimages/medium/460248.jpg",
        "name": "M&m's Milk Chocolate  345g bag",
        "price": 6.7,
        "special": 5,
        "unitPrice": "$1.45 / 100G"
    },
    {
        "category": "specials",
        "href": "https://www.woolworths.com.au/shop/productdetails/559223/mud-kajal-eyeliner-smudge-black",
        "imgName": "559223.jpg",
        "imgSrc": "https://cdn0.woolworths.media/content/wowproductimages/medium/559223.jpg",
        "name": "Mud Kajal Eyeliner Smudge Black 1g",
        "price": 5.5,
        "unitPrice": "$55.00 / 10G"
    },
    {
        "category": "specials",
        "href": "https://www.woolworths.com.au/shop/productdetails/481179/smitten-cat-food-mince-chicken-turkey",
        "imgName": "481179.jpg",
        "imgSrc": "https://cdn0.woolworths.media/content/wowproductimages/medium/481179.jpg",
        "name": "Smitten Cat Food Mince Chicken & Turkey 400g",
        "price": 0.85,
        "unitPrice": "$0.21 / 100G"
    },
    {
        "category": "specials",
        "href": "https://www.woolworths.com.au/shop/productdetails/631270/corinthians-wafers",
        "imgName": "631270.jpg",
        "imgSrc": "https://cdn0.woolworths.media/content/wowproductimages/medium/631270.jpg",
        "name": "Corinthians Wafers  750g",
        "price": 6,
        "special": 5,
        "unitPrice": "$0.67 / 100G"
    },
    {
        "category": "specials",
        "href": "https://www.woolworths.com.au/shop/productdetails/517610/picasso-pizza-super-supreme",
        "imgName": "517610.jpg",
        "imgSrc": "https://cdn0.woolworths.media/content/wowproductimages/medium/517610.jpg",
        "name": "Picasso Pizza Super Supreme 450g",
        "price": 4.5,
        "unitPrice": "$1.00 / 100G"
    },
    {
        "category": "specials",
        "href": "https://www.woolworths.com.au/shop/productdetails/479502/pringles-chips-sour-cream-and-onion",
        "imgName": "479502.jpg",
        "imgSrc": "https://cdn0.woolworths.media/content/wowproductimages/medium/479502.jpg",
        "name": "Pringles Chips Sour Cream And Onion 134g tube",
        "price": 4,
        "special": 2,
        "unitPrice": "$1.49 / 100G"
    },
    {
        "category": "specials",
        "href": "https://www.woolworths.com.au/shop/productdetails/620498/pastoral-herb-crusted-sliced-australian-roast-pork",
        "imgName": "620498.jpg",
        "imgSrc": "https://cdn0.woolworths.media/content/wowproductimages/medium/620498.jpg",
        "name": "Pastoral Herb Crusted Sliced Australian Roast Pork per kg",
        "price": 25,
        "special": 20,
        "unitPrice": "$20.00 / 1KG"
    },
    {
        "category": "specials",
        "href": "https://www.woolworths.com.au/shop/productdetails/621190/an-elf-for-christmas",
        "imgName": "621190.jpg",
        "imgSrc": "https://cdn0.woolworths.media/content/wowproductimages/medium/621190.jpg",
        "name": "An Elf For Christmas  each",
        "price": 30,
        "special": 24
    },
    {
        "category": "specials",
        "href": "https://www.woolworths.com.au/shop/productdetails/509604/canadian-club-dry-premium-cans",
        "imgName": "509604.jpg",
        "imgSrc": "https://cdn0.woolworths.media/content/wowproductimages/medium/509604.jpg",
        "name": "Canadian Club & Dry Premium Cans 10x375ml",
        "price": 42,
        "special": 42
    },
    {
        "category": "specials",
        "href": "https://www.woolworths.com.au/shop/productdetails/511506/bonds-mens-logo-socks-light-trainers-sz-11-plus",
        "imgName": "511506.jpg",
        "imgSrc": "https://cdn0.woolworths.media/content/wowproductimages/medium/511506.jpg",
        "name": "Bonds Mens Logo Socks Light Trainers Sz 11 Plus 4pk",
        "price": 14,
        "special": 7
    },
    {
        "category": "specials",
        "href": "https://www.woolworths.com.au/shop/productdetails/533556/ingham-s-turkey-breast-strips",
        "imgName": "533556.jpg",
        "imgSrc": "https://cdn0.woolworths.media/content/wowproductimages/medium/533556.jpg",
        "name": "Ingham's Turkey Breast Strips  per kg min. 450g",
        "price": 17.99,
        "special": 17,
        "unitPrice": "$34.00 / 1KG"
    },
    {
        "category": "specials",
        "href": "https://www.woolworths.com.au/shop/productdetails/710420/decor-thermoglass-realseal-oblong-baking-dish",
        "imgName": "710420.jpg",
        "imgSrc": "https://cdn0.woolworths.media/content/wowproductimages/medium/710420.jpg",
        "name": "Decor Thermoglass Realseal Oblong Baking Dish 3l",
        "price": 24.99,
        "special": 12.49
    },
    {
        "category": "specials",
        "href": "https://www.woolworths.com.au/shop/productdetails/431902/creative-foods-garlic-bread-white",
        "imgName": "431902.jpg",
        "imgSrc": "https://cdn0.woolworths.media/content/wowproductimages/medium/431902.jpg",
        "name": "Creative Foods Garlic Bread White 250g",
        "price": 2,
        "unitPrice": "$0.80 / 100G"
    },
    {
        "category": "specials",
        "href": "https://www.woolworths.com.au/shop/productdetails/519075/nicorette-quit-smoking-gum-icy-mint-extra-strength-4mg",
        "imgName": "519075.jpg",
        "imgSrc": "https://cdn0.woolworths.media/content/wowproductimages/medium/519075.jpg",
        "name": "Nicorette Quit Smoking Gum Icy Mint Extra Strength 4mg 150pk",
        "price": 45,
        "unitPrice": "$30.00 / 100EA"
    },
    {
        "category": "specials",
        "href": "https://www.woolworths.com.au/shop/productdetails/521913/lindor-gift-box-summer-edition",
        "imgName": "521913.jpg",
        "imgSrc": "https://cdn0.woolworths.media/content/wowproductimages/medium/521913.jpg",
        "name": "Lindor Gift Box Summer Edition 145g",
        "price": 12.5,
        "special": 6,
        "unitPrice": "$4.14 / 100G"
    },
    {
        "category": "specials",
        "href": "https://www.woolworths.com.au/shop/productdetails/601926/latina-fresh-lunch-pots-spinach-carbonara",
        "imgName": "601926.jpg",
        "imgSrc": "https://cdn0.woolworths.media/content/wowproductimages/medium/601926.jpg",
        "name": "Latina Fresh Lunch Pots Spinach Carbonara 280g",
        "price": 6.5,
        "special": 5,
        "unitPrice": "$1.79 / 100G"
    },
    {
        "category": "specials",
        "href": "https://www.woolworths.com.au/shop/productdetails/529039/tresemme-moisture-rich-conditioner",
        "imgName": "529039.jpg",
        "imgSrc": "https://cdn0.woolworths.media/content/wowproductimages/medium/529039.jpg",
        "name": "Tresemme Moisture Rich Conditioner  390ml",
        "price": 7,
        "special": 5,
        "unitPrice": "$1.28 / 100ML"
    },
    {
        "category": "specials",
        "href": "https://www.woolworths.com.au/shop/productdetails/479504/pringles-chips-barbeque",
        "imgName": "479504.jpg",
        "imgSrc": "https://cdn0.woolworths.media/content/wowproductimages/medium/479504.jpg",
        "name": "Pringles Chips Barbeque 134g tube",
        "price": 4,
        "special": 2,
        "unitPrice": "$1.49 / 100G"
    },
    {
        "category": "specials",
        "href": "https://www.woolworths.com.au/shop/productdetails/513371/nature-s-gift-adult-dog-roll-lamb-and-vegetable",
        "imgName": "513371.jpg",
        "imgSrc": "https://cdn0.woolworths.media/content/wowproductimages/medium/513371.jpg",
        "name": "Nature's Gift Adult Dog Roll Lamb And Vegetable 200g",
        "price": 1.5,
        "special": 1.2,
        "unitPrice": "$0.60 / 100G"
    },
    {
        "category": "specials",
        "href": "https://www.woolworths.com.au/shop/productdetails/564764/voost-energy-effervescent-tablets",
        "imgName": "564764.jpg",
        "imgSrc": "https://cdn0.woolworths.media/content/wowproductimages/medium/564764.jpg",
        "name": "Voost Energy Effervescent Tablets 10pk",
        "price": 3.5,
        "unitPrice": "$35.00 / 100EA"
    },
    {
        "category": "specials",
        "href": "https://www.woolworths.com.au/shop/productdetails/298987/masterfoods-relish-caf-mango-chutney",
        "imgName": "298987.jpg",
        "imgSrc": "https://cdn0.woolworths.media/content/wowproductimages/medium/298987.jpg",
        "name": "Masterfoods Relish Caf\u00e9 Mango Chutney 250g",
        "price": 3.3,
        "special": 2.5,
        "unitPrice": "$10.00 / 1KG"
    },
    {
        "category": "specials",
        "href": "https://www.woolworths.com.au/shop/productdetails/433273/soften-concentrated-fabric-softener-ocean-fresh",
        "imgName": "433273.jpg",
        "imgSrc": "https://cdn0.woolworths.media/content/wowproductimages/medium/433273.jpg",
        "name": "Soften Concentrated Fabric Softener Ocean Fresh 1l",
        "price": 3.8,
        "unitPrice": "$3.80 / 1L"
    },
    {
        "category": "specials",
        "href": "https://www.woolworths.com.au/shop/productdetails/355265/woolworths-cracker-selection",
        "imgName": "355265.jpg",
        "imgSrc": "https://cdn0.woolworths.media/content/wowproductimages/medium/355265.jpg",
        "name": "Woolworths Cracker Selection 250g",
        "price": 4,
        "special": 3.5,
        "unitPrice": "$1.40 / 100G"
    },
    {
        "category": "specials",
        "href": "https://www.woolworths.com.au/shop/productdetails/474817/smith-s-twisties-mix",
        "imgName": "474817.jpg",
        "imgSrc": "https://cdn0.woolworths.media/content/wowproductimages/medium/474817.jpg",
        "name": "Smith's Twisties Mix  20pk",
        "price": 5.5,
        "unitPrice": "$1.51 / 100G"
    },
    {
        "category": "specials",
        "href": "https://www.woolworths.com.au/shop/productdetails/406453/woolworths-banana-choc-bread",
        "imgName": "406453.jpg",
        "imgSrc": "https://cdn0.woolworths.media/content/wowproductimages/medium/406453.jpg",
        "name": "Woolworths Banana Choc Bread  5pk 500g",
        "price": 5,
        "unitPrice": "$1.00 / 100G"
    },
    {
        "category": "specials",
        "href": "https://www.woolworths.com.au/shop/productdetails/481088/smitten-kitten-food-chicken-tuna",
        "imgName": "481088.jpg",
        "imgSrc": "https://cdn0.woolworths.media/content/wowproductimages/medium/481088.jpg",
        "name": "Smitten Kitten Food Chicken & Tuna 1kg",
        "price": 2.8,
        "unitPrice": "$0.28 / 100G"
    },
    {
        "category": "specials",
        "href": "https://www.woolworths.com.au/shop/productdetails/482729/biore-deep-cleansing-charcoal-pore-strip",
        "imgName": "482729.jpg",
        "imgSrc": "https://cdn0.woolworths.media/content/wowproductimages/medium/482729.jpg",
        "name": "Biore Deep Cleansing Charcoal Pore Strip 6pk",
        "price": 7.5,
        "special": 5.25,
        "unitPrice": "$0.88 / 1EA"
    },
    {
        "category": "specials",
        "href": "https://www.woolworths.com.au/shop/productdetails/545661/cold-power-regular-front-top-liquid",
        "imgName": "545661.jpg",
        "imgSrc": "https://cdn0.woolworths.media/content/wowproductimages/medium/545661.jpg",
        "name": "Cold Power Regular Front & Top Liquid 4l",
        "price": 20,
        "unitPrice": "$5.00 / 1L"
    },
    {
        "category": "specials",
        "href": "https://www.woolworths.com.au/shop/productdetails/250915/lynx-for-men-shower-gel-africa",
        "imgName": "250915.jpg",
        "imgSrc": "https://cdn0.woolworths.media/content/wowproductimages/medium/250915.jpg",
        "name": "Lynx For Men Shower Gel Africa 400ml",
        "price": 6.25,
        "special": 4.3,
        "unitPrice": "$1.08 / 100ML"
    },
    {
        "category": "specials",
        "href": "https://www.woolworths.com.au/shop/productdetails/369507/on-the-menu-chicken-parmigiana",
        "imgName": "369507.jpg",
        "imgSrc": "https://cdn0.woolworths.media/content/wowproductimages/medium/369507.jpg",
        "name": "On The Menu Chicken Parmigiana 320g",
        "price": 6,
        "unitPrice": "$1.88 / 100G"
    },
    {
        "category": "specials",
        "href": "https://www.woolworths.com.au/shop/productdetails/517306/supercoat-adult-dog-food-chicken",
        "imgName": "517306.jpg",
        "imgSrc": "https://cdn0.woolworths.media/content/wowproductimages/medium/517306.jpg",
        "name": "Supercoat Adult Dog Food Chicken 7.5kg",
        "price": 24,
        "special": 18,
        "unitPrice": "$0.24 / 100G"
    },
    {
        "category": "specials",
        "href": "https://www.woolworths.com.au/shop/productdetails/551757/gloria-jeans-rich-dark-roast-coffee-capsules",
        "imgName": "551757.jpg",
        "imgSrc": "https://cdn0.woolworths.media/content/wowproductimages/medium/551757.jpg",
        "name": "Gloria Jeans Rich Dark Roast Coffee Capsules 10pk 80g",
        "price": 5,
        "special": 4,
        "unitPrice": "$5.00 / 100G"
    },
    {
        "category": "specials",
        "href": "https://www.woolworths.com.au/shop/productdetails/716763/optimum-adult-dog-food-with-chicken-rice-vegetables",
        "imgName": "716763.jpg",
        "imgSrc": "https://cdn0.woolworths.media/content/wowproductimages/medium/716763.jpg",
        "name": "Optimum Adult Dog Food With Chicken Rice & Vegetables 100g",
        "price": 1.35,
        "special": 1.1,
        "unitPrice": "$1.10 / 100G"
    },
    {
        "category": "specials",
        "href": "https://www.woolworths.com.au/shop/productdetails/315435/rafferty-s-garden-food-6-months-chocolate-custard",
        "imgName": "315435.jpg",
        "imgSrc": "https://cdn0.woolworths.media/content/wowproductimages/medium/315435.jpg",
        "name": "Rafferty's Garden Food 6 Months Chocolate Custard 120g",
        "price": 1.65,
        "unitPrice": "$1.38 / 100G"
    },
    {
        "category": "specials",
        "href": "https://www.woolworths.com.au/shop/productdetails/611790/ingham-s-dino-chicken-veggie-nuggets",
        "imgName": "611790.jpg",
        "imgSrc": "https://cdn0.woolworths.media/content/wowproductimages/medium/611790.jpg",
        "name": "Ingham's Dino Chicken Veggie Nuggets 400g",
        "price": 6,
        "special": 5.7,
        "unitPrice": "$14.25 / 1KG"
    },
    {
        "category": "specials",
        "href": "https://www.woolworths.com.au/shop/productdetails/622793/maybelline-color-show-eye-liner-ultra-black",
        "imgName": "622793.jpg",
        "imgSrc": "https://cdn0.woolworths.media/content/wowproductimages/medium/622793.jpg",
        "name": "Maybelline Color Show Eye Liner Ultra Black 1.2g",
        "price": 6.95,
        "special": 4.85,
        "unitPrice": "$40.42 / 10G"
    },
    {
        "category": "specials",
        "href": "https://www.woolworths.com.au/shop/productdetails/624021/maybelline-tattoo-brow-gel-tint-medium-brown",
        "imgName": "624021.jpg",
        "imgSrc": "https://cdn0.woolworths.media/content/wowproductimages/medium/624021.jpg",
        "name": "Maybelline Tattoo Brow Gel Tint Medium Brown 5ml",
        "price": 25,
        "special": 17.5,
        "unitPrice": "$35.00 / 10ML"
    },
    {
        "category": "specials",
        "href": "https://www.woolworths.com.au/shop/productdetails/713425/d-orsogna-tasty-stick-mild",
        "imgName": "713425.jpg",
        "imgSrc": "https://cdn0.woolworths.media/content/wowproductimages/medium/713425.jpg",
        "name": "D'orsogna Tasty Stick Mild 400g",
        "price": 9.2,
        "special": 8,
        "unitPrice": "$20.00 / 1KG"
    },
    {
        "category": "specials",
        "href": "https://www.woolworths.com.au/shop/productdetails/729946/zoosh-french-onion-light-dip-30-less-fat",
        "imgName": "729946.jpg",
        "imgSrc": "https://cdn0.woolworths.media/content/wowproductimages/medium/729946.jpg",
        "name": "Zoosh French Onion Light Dip 30% Less Fat 185g",
        "price": 2.5,
        "special": 2,
        "unitPrice": "$1.08 / 100G"
    },
    {
        "category": "specials",
        "href": "https://www.woolworths.com.au/shop/productdetails/696298/inspire-stainless-steel-mixing-bowl-large",
        "imgName": "696298.jpg",
        "imgSrc": "https://cdn0.woolworths.media/content/wowproductimages/medium/696298.jpg",
        "name": "Inspire Stainless Steel Mixing Bowl Large each",
        "price": 12
    },
    {
        "category": "specials",
        "href": "https://www.woolworths.com.au/shop/productdetails/742113/golden-circle-pash-fruit-drink",
        "imgName": "742113.jpg",
        "imgSrc": "https://cdn0.woolworths.media/content/wowproductimages/medium/742113.jpg",
        "name": "Golden Circle Pash Fruit Drink 8x250ml",
        "price": 5,
        "special": 4.5,
        "unitPrice": "$2.25 / 1L"
    },
    {
        "category": "specials",
        "href": "https://www.woolworths.com.au/shop/productdetails/369509/on-the-menu-roast-chicken",
        "imgName": "369509.jpg",
        "imgSrc": "https://cdn0.woolworths.media/content/wowproductimages/medium/369509.jpg",
        "name": "On The Menu Roast Chicken  320g",
        "price": 6,
        "unitPrice": "$1.88 / 100G"
    },
    {
        "category": "specials",
        "href": "https://www.woolworths.com.au/shop/productdetails/381296/total-care-cuddle-cow-cuddle-cow",
        "imgName": "381296.jpg",
        "imgSrc": "https://cdn0.woolworths.media/content/wowproductimages/medium/381296.jpg",
        "name": "Total Care Cuddle Cow Cuddle Cow each",
        "price": 11.5,
        "special": 9.85
    },
    {
        "category": "specials",
        "href": "https://www.woolworths.com.au/shop/productdetails/744029/homebrand-plasticware-food-storage-rectangle",
        "imgName": "744029.jpg",
        "imgSrc": "https://cdn0.woolworths.media/content/wowproductimages/medium/744029.jpg",
        "name": "Homebrand Plasticware Food Storage Rectangle 650ml 5pk",
        "price": 2,
        "unitPrice": "$0.40 / 1EA"
    },
    {
        "category": "specials",
        "href": "https://www.woolworths.com.au/shop/productdetails/555350/primo-cocktail-franks",
        "imgName": "555350.jpg",
        "imgSrc": "https://cdn0.woolworths.media/content/wowproductimages/medium/555350.jpg",
        "name": "Primo Cocktail Franks  per kg",
        "price": 7.5,
        "special": 6,
        "unitPrice": "$6.00 / 1KG"
    },
    {
        "category": "specials",
        "href": "https://www.woolworths.com.au/shop/productdetails/650861/maltesers-honeycomb-flavour",
        "imgName": "650861.jpg",
        "imgSrc": "https://cdn0.woolworths.media/content/wowproductimages/medium/650861.jpg",
        "name": "Maltesers Honeycomb Flavour  250g",
        "price": 6.7,
        "special": 5,
        "unitPrice": "$2.00 / 100G"
    },
    {
        "category": "specials",
        "href": "https://www.woolworths.com.au/shop/productdetails/651477/patties-mac-cheese-bacon-bites",
        "imgName": "651477.jpg",
        "imgSrc": "https://cdn0.woolworths.media/content/wowproductimages/medium/651477.jpg",
        "name": "Patties Mac & Cheese Bacon Bites 420g",
        "price": 7.5,
        "special": 5,
        "unitPrice": "$1.19 / 100G"
    },
    {
        "category": "specials",
        "href": "https://www.woolworths.com.au/shop/productdetails/663728/lipton-ice-green-tea-jasmine-lychee-flavour",
        "imgName": "663728.jpg",
        "imgSrc": "https://cdn0.woolworths.media/content/wowproductimages/medium/663728.jpg",
        "name": "Lipton Ice Green Tea Jasmine Lychee Flavour 1.5l",
        "price": 3.9,
        "special": 1.89,
        "unitPrice": "$1.26 / 1L"
    },
    {
        "category": "specials",
        "href": "https://www.woolworths.com.au/shop/productdetails/657182/sard-super-power-soaker",
        "imgName": "657182.jpg",
        "imgSrc": "https://cdn0.woolworths.media/content/wowproductimages/medium/657182.jpg",
        "name": "Sard Super Power Soaker 900g",
        "price": 6.99,
        "special": 5,
        "unitPrice": "$5.56 / 1KG"
    },
    {
        "category": "specials",
        "href": "https://www.woolworths.com.au/shop/productdetails/659884/explorer-tough-work-socks-1pk",
        "imgName": "659884.jpg",
        "imgSrc": "https://cdn0.woolworths.media/content/wowproductimages/medium/659884.jpg",
        "name": "Explorer Tough Work Socks 1pk 1ea",
        "price": 10,
        "special": 5
    },
    {
        "category": "specials",
        "href": "https://www.woolworths.com.au/shop/productdetails/655424/pringles-chicken-salt-crips",
        "imgName": "655424.jpg",
        "imgSrc": "https://cdn0.woolworths.media/content/wowproductimages/medium/655424.jpg",
        "name": "Pringles Chicken Salt Crips 134g",
        "price": 4,
        "special": 2,
        "unitPrice": "$1.49 / 100G"
    },
    {
        "category": "specials",
        "href": "https://www.woolworths.com.au/shop/productdetails/694859/woolworths-frozen-meal-butter-chicken-rice",
        "imgName": "694859.jpg",
        "imgSrc": "https://cdn0.woolworths.media/content/wowproductimages/medium/694859.jpg",
        "name": "Woolworths Frozen Meal Butter Chicken & Rice 375g",
        "price": 3,
        "unitPrice": "$0.80 / 100G"
    },
    {
        "category": "specials",
        "href": "https://www.woolworths.com.au/shop/productdetails/696337/woolworths-instant-soup-chicken-corn-with-croutons",
        "imgName": "696337.jpg",
        "imgSrc": "https://cdn0.woolworths.media/content/wowproductimages/medium/696337.jpg",
        "name": "Woolworths Instant Soup Chicken & Corn With Croutons 60g",
        "price": 1,
        "unitPrice": "$1.67 / 100G"
    },
    {
        "category": "specials",
        "href": "https://www.woolworths.com.au/shop/productdetails/619818/always-fresh-sundried-tomato-halves",
        "imgName": "619818.jpg",
        "imgSrc": "https://cdn0.woolworths.media/content/wowproductimages/medium/619818.jpg",
        "name": "Always Fresh Sundried Tomato Halves  220g",
        "price": 4.2,
        "special": 3.8,
        "unitPrice": "$1.73 / 100G"
    },
    {
        "category": "specials",
        "href": "https://www.woolworths.com.au/shop/productdetails/624204/woolworths-vanilla-custard-97-fat-free",
        "imgName": "624204.jpg",
        "imgSrc": "https://cdn0.woolworths.media/content/wowproductimages/medium/624204.jpg",
        "name": "Woolworths Vanilla Custard 97% Fat Free 1kg",
        "price": 3.2,
        "unitPrice": "$0.32 / 100G"
    },
    {
        "category": "specials",
        "href": "https://www.woolworths.com.au/shop/productdetails/650544/raw-c-organic-virgin-coconut-oil-coconut-oil",
        "imgName": "650544.jpg",
        "imgSrc": "https://cdn0.woolworths.media/content/wowproductimages/medium/650544.jpg",
        "name": "Raw C Organic Virgin Coconut Oil Coconut Oil 700ml",
        "price": 10,
        "special": 8,
        "unitPrice": "$1.14 / 100ML"
    },
    {
        "category": "specials",
        "href": "https://www.woolworths.com.au/shop/productdetails/646893/darrell-lea-chocolate-orange",
        "imgName": "646893.jpg",
        "imgSrc": "https://cdn0.woolworths.media/content/wowproductimages/medium/646893.jpg",
        "name": "Darrell Lea Chocolate Orange  300g",
        "price": 9,
        "special": 7,
        "unitPrice": "$2.33 / 100G"
    },
    {
        "category": "specials",
        "href": "https://www.woolworths.com.au/shop/productdetails/696328/woolworths-instant-soup-asian-laksa",
        "imgName": "696328.jpg",
        "imgSrc": "https://cdn0.woolworths.media/content/wowproductimages/medium/696328.jpg",
        "name": "Woolworths Instant Soup Asian Laksa 65g",
        "price": 1,
        "unitPrice": "$1.54 / 100G"
    },
    {
        "category": "specials",
        "href": "https://www.woolworths.com.au/shop/productdetails/696335/woolworths-instant-soup-pumpkin-with-croutons",
        "imgName": "696335.jpg",
        "imgSrc": "https://cdn0.woolworths.media/content/wowproductimages/medium/696335.jpg",
        "name": "Woolworths Instant Soup Pumpkin With Croutons 55g",
        "price": 1,
        "unitPrice": "$1.82 / 100G"
    },
    {
        "category": "specials",
        "href": "https://www.woolworths.com.au/shop/productdetails/331428/johnson-s-normal-facial-cleansing-wipes",
        "imgName": "331428.jpg",
        "imgSrc": "https://cdn0.woolworths.media/content/wowproductimages/medium/331428.jpg",
        "name": "Johnson's Normal Facial Cleansing Wipes 3x25pk",
        "price": 14.5,
        "unitPrice": "$0.19 / 1EA"
    },
    {
        "category": "specials",
        "href": "https://www.woolworths.com.au/shop/productdetails/611784/ingham-s-stuff-breast-chorizo-cheese",
        "imgName": "611784.jpg",
        "imgSrc": "https://cdn0.woolworths.media/content/wowproductimages/medium/611784.jpg",
        "name": "Ingham's Stuff Breast Chorizo Cheese 700g",
        "price": 9.5,
        "special": 7.5,
        "unitPrice": "$10.71 / 1KG"
    },
    {
        "category": "specials",
        "href": "https://www.woolworths.com.au/shop/productdetails/661508/dove-volumising-ritual-shampoo",
        "imgName": "661508.jpg",
        "imgSrc": "https://cdn0.woolworths.media/content/wowproductimages/medium/661508.jpg",
        "name": "Dove Volumising Ritual Shampoo 320ml",
        "price": 7,
        "special": 3.5,
        "unitPrice": "$1.09 / 100ML"
    },
    {
        "category": "specials",
        "href": "https://www.woolworths.com.au/shop/productdetails/661637/dove-volumising-ritual-conditioner",
        "imgName": "661637.jpg",
        "imgSrc": "https://cdn0.woolworths.media/content/wowproductimages/medium/661637.jpg",
        "name": "Dove Volumising Ritual Conditioner 320ml",
        "price": 7,
        "special": 3.5,
        "unitPrice": "$1.09 / 100ML"
    },
    {
        "category": "specials",
        "href": "https://www.woolworths.com.au/shop/productdetails/628994/maltesers-ice-cream-honeycomb-teasers",
        "imgName": "628994.jpg",
        "imgSrc": "https://cdn0.woolworths.media/content/wowproductimages/medium/628994.jpg",
        "name": "Maltesers Ice Cream Honeycomb Teasers 4pk",
        "price": 8,
        "special": 5,
        "unitPrice": "$1.39 / 100ML"
    },
    {
        "category": "specials",
        "href": "https://www.woolworths.com.au/shop/productdetails/631037/aussie-bodies-lo-carb-protein-bar-whip-d-boysenberry-ripple",
        "imgName": "631037.jpg",
        "imgSrc": "https://cdn0.woolworths.media/content/wowproductimages/medium/631037.jpg",
        "name": "Aussie Bodies Lo Carb Protein Bar Whip'd Boysenberry Ripple 30g",
        "price": 2.5,
        "special": 2,
        "unitPrice": "$6.67 / 100G"
    },
    {
        "category": "specials",
        "href": "https://www.woolworths.com.au/shop/productdetails/659888/bonds-guy-front-trunk-size-m",
        "imgName": "659888.jpg",
        "imgSrc": "https://cdn0.woolworths.media/content/wowproductimages/medium/659888.jpg",
        "name": "Bonds Guy Front Trunk Size M each",
        "price": 24,
        "special": 12
    },
    {
        "category": "specials",
        "href": "https://www.woolworths.com.au/shop/productdetails/376548/essentials-champagne-flutes-plastic",
        "imgName": "376548.jpg",
        "imgSrc": "https://cdn0.woolworths.media/content/wowproductimages/medium/376548.jpg",
        "name": "Essentials Champagne Flutes Plastic 20pk",
        "price": 6,
        "unitPrice": "$0.30 / 1EA"
    },
    {
        "category": "specials",
        "href": "https://www.woolworths.com.au/shop/productdetails/402913/libra-invisible-pads-goodnight",
        "imgName": "402913.jpg",
        "imgSrc": "https://cdn0.woolworths.media/content/wowproductimages/medium/402913.jpg",
        "name": "Libra Invisible Pads Goodnight 16pk",
        "price": 8,
        "unitPrice": "$0.50 / 1EA"
    },
    {
        "category": "specials",
        "href": "https://www.woolworths.com.au/shop/productdetails/465135/always-fresh-traditional-sauerkraut",
        "imgName": "465135.jpg",
        "imgSrc": "https://cdn0.woolworths.media/content/wowproductimages/medium/465135.jpg",
        "name": "Always Fresh Traditional Sauerkraut  460g",
        "price": 3,
        "special": 2.5,
        "unitPrice": "$5.43 / 1KG"
    },
    {
        "category": "specials",
        "href": "https://www.woolworths.com.au/shop/productdetails/481070/baxter-s-dog-food-meaty-rings-chicken-beef",
        "imgName": "481070.jpg",
        "imgSrc": "https://cdn0.woolworths.media/content/wowproductimages/medium/481070.jpg",
        "name": "Baxter's Dog Food Meaty Rings Chicken & Beef 1.5kg",
        "price": 4.5,
        "unitPrice": "$0.30 / 100G"
    },
    {
        "category": "specials",
        "href": "https://www.woolworths.com.au/shop/productdetails/362459/cottee-s-cordial-orange",
        "imgName": "362459.jpg",
        "imgSrc": "https://cdn0.woolworths.media/content/wowproductimages/medium/362459.jpg",
        "name": "Cottee's Cordial Orange 1l",
        "price": 4.2,
        "special": 3.5,
        "unitPrice": "$3.50 / 1L"
    },
    {
        "category": "specials",
        "href": "https://www.woolworths.com.au/shop/productdetails/748597/woolworths-select-uht-skim-milk",
        "imgName": "748597.jpg",
        "imgSrc": "https://cdn0.woolworths.media/content/wowproductimages/medium/748597.jpg",
        "name": "Woolworths Select Uht Skim Milk 1l",
        "price": 0.9,
        "unitPrice": "$0.90 / 1L"
    },
    {
        "category": "specials",
        "href": "https://www.woolworths.com.au/shop/productdetails/759822/optimum-adult-cat-food-with-tuna",
        "imgName": "759822.jpg",
        "imgSrc": "https://cdn0.woolworths.media/content/wowproductimages/medium/759822.jpg",
        "name": "Optimum Adult Cat Food With Tuna 1.5kg",
        "price": 15.65,
        "special": 10,
        "unitPrice": "$0.67 / 100G"
    },
    {
        "category": "specials",
        "href": "https://www.woolworths.com.au/shop/productdetails/764597/lindt-prestige-selection-prestige-selection",
        "imgName": "764597.jpg",
        "imgSrc": "https://cdn0.woolworths.media/content/wowproductimages/medium/764597.jpg",
        "name": "Lindt Prestige Selection Prestige Selection 150g gift box",
        "price": 16.5,
        "special": 13,
        "unitPrice": "$8.67 / 100G"
    },
    {
        "category": "specials",
        "href": "https://www.woolworths.com.au/shop/productdetails/764859/macro-free-range-chicken-thigh-fillet",
        "imgName": "764859.jpg",
        "imgSrc": "https://cdn0.woolworths.media/content/wowproductimages/medium/764859.jpg",
        "name": "Macro Free Range Chicken Thigh Fillet min. 900g",
        "price": 12.6,
        "unitPrice": "$14.00 / 1KG"
    },
    {
        "category": "specials",
        "href": "https://www.woolworths.com.au/shop/productdetails/758186/woolworths-select-rice-cakes-corn-original",
        "imgName": "758186.jpg",
        "imgSrc": "https://cdn0.woolworths.media/content/wowproductimages/medium/758186.jpg",
        "name": "Woolworths Select Rice Cakes Corn Original 150g",
        "price": 1.65,
        "unitPrice": "$1.10 / 100G"
    },
    {
        "category": "specials",
        "href": "https://www.woolworths.com.au/shop/productdetails/785597/white-king-4-in-1-in-bowl-power-hanger-aqua-fresh",
        "imgName": "785597.jpg",
        "imgSrc": "https://cdn0.woolworths.media/content/wowproductimages/medium/785597.jpg",
        "name": "White King 4 In 1 In-bowl Power Hanger Aqua Fresh 50g",
        "price": 3.99,
        "special": 3.3,
        "unitPrice": "$6.60 / 100G"
    },
    {
        "category": "specials",
        "href": "https://www.woolworths.com.au/shop/productdetails/761612/almond-breeze-flavoured-chocolate-milk",
        "imgName": "761612.jpg",
        "imgSrc": "https://cdn0.woolworths.media/content/wowproductimages/medium/761612.jpg",
        "name": "Almond Breeze Flavoured Chocolate Milk 1l",
        "price": 2.7,
        "unitPrice": "$2.70 / 1L"
    },
    {
        "category": "specials",
        "href": "https://www.woolworths.com.au/shop/productdetails/763541/ocean-chef-salmon-portions-skin-on",
        "imgName": "763541.jpg",
        "imgSrc": "https://cdn0.woolworths.media/content/wowproductimages/medium/763541.jpg",
        "name": "Ocean Chef Salmon Portions Skin On 1kg",
        "price": 28,
        "unitPrice": "$28.00 / 1KG"
    },
    {
        "category": "specials",
        "href": "https://www.woolworths.com.au/shop/productdetails/790513/heinz-8-months-apple-blueberry-strawberry",
        "imgName": "790513.jpg",
        "imgSrc": "https://cdn0.woolworths.media/content/wowproductimages/medium/790513.jpg",
        "name": "Heinz 8 Months+ Apple, Blueberry & Strawberry 120g",
        "price": 1.5,
        "unitPrice": "$1.25 / 100G"
    },
    {
        "category": "specials",
        "href": "https://www.woolworths.com.au/shop/productdetails/768559/woolworths-australian-broccoli-florets",
        "imgName": "768559.jpg",
        "imgSrc": "https://cdn0.woolworths.media/content/wowproductimages/medium/768559.jpg",
        "name": "Woolworths Australian Broccoli Florets 500g",
        "price": 2.5,
        "unitPrice": "$5.00 / 1KG"
    },
    {
        "category": "specials",
        "href": "https://www.woolworths.com.au/shop/productdetails/732234/fantastic-delites-snacks-honey-soy-chicken",
        "imgName": "732234.jpg",
        "imgSrc": "https://cdn0.woolworths.media/content/wowproductimages/medium/732234.jpg",
        "name": "Fantastic Delites Snacks Honey Soy Chicken 100g",
        "price": 2,
        "special": 1.5,
        "unitPrice": "$1.50 / 100G"
    },
    {
        "category": "specials",
        "href": "https://www.woolworths.com.au/shop/productdetails/443876/clearly-premium-ocean-trout",
        "imgName": "443876.jpg",
        "imgSrc": "https://cdn0.woolworths.media/content/wowproductimages/medium/443876.jpg",
        "name": "Clearly Premium Ocean Trout  600g"
    },
    {
        "category": "specials",
        "href": "https://www.woolworths.com.au/shop/productdetails/755996/thursday-plantation-oil-eucalyptus",
        "imgName": "755996.jpg",
        "imgSrc": "https://cdn0.woolworths.media/content/wowproductimages/medium/755996.jpg",
        "name": "Thursday Plantation Oil Eucalyptus 200ml",
        "price": 10,
        "special": 8.8,
        "unitPrice": "$4.40 / 100ML"
    },
    {
        "category": "specials",
        "href": "https://www.woolworths.com.au/shop/productdetails/696324/woolworths-instant-soup-garden-vegetable-with-noodles",
        "imgName": "696324.jpg",
        "imgSrc": "https://cdn0.woolworths.media/content/wowproductimages/medium/696324.jpg",
        "name": "Woolworths Instant Soup Garden Vegetable With Noodles 70g",
        "price": 1,
        "unitPrice": "$1.43 / 100G"
    },
    {
        "category": "specials",
        "href": "https://www.woolworths.com.au/shop/productdetails/724078/tom-organic-pads-super-ultra-thin",
        "imgName": "724078.jpg",
        "imgSrc": "https://cdn0.woolworths.media/content/wowproductimages/medium/724078.jpg",
        "name": "Tom Organic Pads Super Ultra Thin 10pk",
        "price": 6,
        "unitPrice": "$0.60 / 1EA"
    },
    {
        "category": "specials",
        "href": "https://www.woolworths.com.au/shop/productdetails/724667/catsan-cat-litter-lavendar-scented-crystals",
        "imgName": "724667.jpg",
        "imgSrc": "https://cdn0.woolworths.media/content/wowproductimages/medium/724667.jpg",
        "name": "Catsan Cat Litter Lavendar Scented Crystals 4kg",
        "price": 18.65,
        "special": 15,
        "unitPrice": "$3.75 / 1KG"
    },
    {
        "category": "specials",
        "href": "https://www.woolworths.com.au/shop/productdetails/659133/mission-gourmet-pizza-base-original",
        "imgName": "659133.jpg",
        "imgSrc": "https://cdn0.woolworths.media/content/wowproductimages/medium/659133.jpg",
        "name": "Mission Gourmet Pizza Base Original 400g 1pk",
        "price": 4.99,
        "special": 2.99,
        "unitPrice": "$0.75 / 100G"
    },
    {
        "category": "specials",
        "href": "https://www.woolworths.com.au/shop/productdetails/629968/thankyou-jumbo-nappies-infant-4-8kg",
        "imgName": "629968.jpg",
        "imgSrc": "https://cdn0.woolworths.media/content/wowproductimages/medium/629968.jpg",
        "name": "Thankyou Jumbo Nappies Infant 4-8kg 96ea",
        "price": 33,
        "special": 25,
        "unitPrice": "$0.26 / 1EA"
    },
    {
        "category": "specials",
        "href": "https://www.woolworths.com.au/shop/productdetails/726131/jack-daniels-tennessee-bourbon-honey",
        "imgName": "726131.jpg",
        "imgSrc": "https://cdn0.woolworths.media/content/wowproductimages/medium/726131.jpg",
        "name": "Jack Daniels Tennessee Bourbon Honey 700ml",
        "price": 51,
        "special": 40
    },
    {
        "category": "specials",
        "href": "https://www.woolworths.com.au/shop/productdetails/729084/chunky-funkeez-strawberry-clouds",
        "imgName": "729084.jpg",
        "imgSrc": "https://cdn0.woolworths.media/content/wowproductimages/medium/729084.jpg",
        "name": "Chunky Funkeez Strawberry Clouds  190g",
        "price": 2.5,
        "special": 2,
        "unitPrice": "$1.05 / 100G"
    },
    {
        "category": "specials",
        "href": "https://www.woolworths.com.au/shop/productdetails/346938/oral-b-professional-care-powered-toothbrush-500",
        "imgName": "346938.jpg",
        "imgSrc": "https://cdn0.woolworths.media/content/wowproductimages/medium/346938.jpg",
        "name": "Oral B Professional Care Powered Toothbrush 500 each",
        "price": 99.99,
        "special": 49.99,
        "unitPrice": "$49.99 / 1EA"
    },
    {
        "category": "specials",
        "href": "https://www.woolworths.com.au/shop/productdetails/715652/nivea-body-moisturiser-irresistibly-smooth",
        "imgName": "715652.jpg",
        "imgSrc": "https://cdn0.woolworths.media/content/wowproductimages/medium/715652.jpg",
        "name": "Nivea Body Moisturiser Irresistibly Smooth 400ml",
        "price": 8,
        "special": 5,
        "unitPrice": "$1.25 / 100ML"
    },
    {
        "category": "specials",
        "href": "https://www.woolworths.com.au/shop/productdetails/756123/earth-choice-top-front-loader-powder-ultra-concentrate",
        "imgName": "756123.jpg",
        "imgSrc": "https://cdn0.woolworths.media/content/wowproductimages/medium/756123.jpg",
        "name": "Earth Choice Top & Front Loader Powder Ultra Concentrate 1kg",
        "price": 6.99,
        "special": 6,
        "unitPrice": "$6.00 / 1KG"
    },
    {
        "category": "specials",
        "href": "https://www.woolworths.com.au/shop/productdetails/756811/rafferty-s-garden-just-veggies-parsnip-carrot-butternut-squash",
        "imgName": "756811.jpg",
        "imgSrc": "https://cdn0.woolworths.media/content/wowproductimages/medium/756811.jpg",
        "name": "Rafferty's Garden Just Veggies Parsnip, Carrot, Butternut, Squash 120g",
        "price": 1.65,
        "unitPrice": "$1.38 / 100G"
    },
    {
        "category": "specials",
        "href": "https://www.woolworths.com.au/shop/productdetails/490008/nestle-bakers-choice-dark-choc-bits",
        "imgName": "490008.jpg",
        "imgSrc": "https://cdn0.woolworths.media/content/wowproductimages/medium/490008.jpg",
        "name": "Nestle Bakers' Choice Dark Choc Bits  200g",
        "price": 4,
        "special": 3,
        "unitPrice": "$1.50 / 100G"
    },
    {
        "category": "specials",
        "href": "https://www.woolworths.com.au/shop/productdetails/775748/san-marino-spicy-chorizo",
        "imgName": "775748.jpg",
        "imgSrc": "https://cdn0.woolworths.media/content/wowproductimages/medium/775748.jpg",
        "name": "San Marino Spicy Chorizo  100g",
        "price": 5.99,
        "special": 5,
        "unitPrice": "$50.00 / 1KG"
    },
    {
        "category": "specials",
        "href": "https://www.woolworths.com.au/shop/productdetails/770003/cottee-s-cordial-raspberry-no-added-sugar",
        "imgName": "770003.jpg",
        "imgSrc": "https://cdn0.woolworths.media/content/wowproductimages/medium/770003.jpg",
        "name": "Cottee's Cordial Raspberry No Added Sugar 1l",
        "price": 4.2,
        "special": 3.5,
        "unitPrice": "$3.50 / 1L"
    },
    {
        "category": "specials",
        "href": "https://www.woolworths.com.au/shop/productdetails/716214/canadian-club-whisky-dry-can",
        "imgName": "716214.jpg",
        "imgSrc": "https://cdn0.woolworths.media/content/wowproductimages/medium/716214.jpg",
        "name": "Canadian Club Whisky & Dry Can 10x375ml",
        "price": 44,
        "special": 37
    },
    {
        "category": "specials",
        "href": "https://www.woolworths.com.au/shop/productdetails/724643/huggies-ultra-dry-nappies-walker-13-18kg-girl",
        "imgName": "724643.jpg",
        "imgSrc": "https://cdn0.woolworths.media/content/wowproductimages/medium/724643.jpg",
        "name": "Huggies Ultra Dry Nappies Walker 13-18kg Girl 64pk jumbo",
        "price": 33,
        "special": 28,
        "unitPrice": "$0.44 / 1EA"
    },
    {
        "category": "specials",
        "href": "https://www.woolworths.com.au/shop/productdetails/744052/homebrand-plasticware-food-storage",
        "imgName": "744052.jpg",
        "imgSrc": "https://cdn0.woolworths.media/content/wowproductimages/medium/744052.jpg",
        "name": "Homebrand Plasticware Food Storage 300ml 4pk",
        "price": 2,
        "unitPrice": "$0.50 / 1EA"
    },
    {
        "category": "specials",
        "href": "https://www.woolworths.com.au/shop/productdetails/780301/vip-natures-goodness-grainfree-adult-dog-food-lamb-rosemary-vegetables",
        "imgName": "780301.jpg",
        "imgSrc": "https://cdn0.woolworths.media/content/wowproductimages/medium/780301.jpg",
        "name": "Vip Natures Goodness Grainfree Adult Dog Food Lamb Rosemary & Vegetables 400g",
        "price": 1.89,
        "special": 1.5,
        "unitPrice": "$0.38 / 100G"
    },
    {
        "category": "specials",
        "href": "https://www.woolworths.com.au/shop/productdetails/786192/lux-body-wash-evenly-gorgeous",
        "imgName": "786192.jpg",
        "imgSrc": "https://cdn0.woolworths.media/content/wowproductimages/medium/786192.jpg",
        "name": "Lux Body Wash Evenly Gorgeous 400ml",
        "price": 4.5,
        "special": 3.5,
        "unitPrice": "$0.88 / 100ML"
    },
    {
        "category": "specials",
        "href": "https://www.woolworths.com.au/shop/productdetails/800796/peckish-brown-rice-crackers-no-salt",
        "imgName": "800796.jpg",
        "imgSrc": "https://cdn0.woolworths.media/content/wowproductimages/medium/800796.jpg",
        "name": "Peckish Brown Rice Crackers No Salt 100g",
        "price": 2.5,
        "special": 2,
        "unitPrice": "$2.00 / 100G"
    },
    {
        "category": "specials",
        "href": "https://www.woolworths.com.au/shop/productdetails/782525/woolworths-essentials-cookware-small-roaster-pan",
        "imgName": "782525.jpg",
        "imgSrc": "https://cdn0.woolworths.media/content/wowproductimages/medium/782525.jpg",
        "name": "Woolworths Essentials Cookware Small Roaster Pan each",
        "price": 8,
        "special": 5.6
    },
    {
        "category": "specials",
        "href": "https://www.woolworths.com.au/shop/productdetails/792409/natures-goodness-treat-lamb-rosemary",
        "imgName": "792409.jpg",
        "imgSrc": "https://cdn0.woolworths.media/content/wowproductimages/medium/792409.jpg",
        "name": "Natures Goodness Treat Lamb & Rosemary 200g",
        "price": 4.89,
        "special": 3.4,
        "unitPrice": "$1.70 / 100G"
    },
    {
        "category": "specials",
        "href": "https://www.woolworths.com.au/shop/productdetails/823943/stayfree-pads-with-wings-regular",
        "imgName": "823943.jpg",
        "imgSrc": "https://cdn0.woolworths.media/content/wowproductimages/medium/823943.jpg",
        "name": "Stayfree Pads With Wings Regular 20pk",
        "price": 5,
        "unitPrice": "$5.00 / 1EA"
    },
    {
        "category": "specials",
        "href": "https://www.woolworths.com.au/shop/productdetails/888031/cadbury-roses",
        "imgName": "888031.jpg",
        "imgSrc": "https://cdn0.woolworths.media/content/wowproductimages/medium/888031.jpg",
        "name": "Cadbury Roses  620g tin",
        "price": 13.5,
        "special": 12,
        "unitPrice": "$1.94 / 100G"
    },
    {
        "category": "specials",
        "href": "https://www.woolworths.com.au/shop/productdetails/771893/sunrice-rice-snacks-mini-bites-chicken",
        "imgName": "771893.jpg",
        "imgSrc": "https://cdn0.woolworths.media/content/wowproductimages/medium/771893.jpg",
        "name": "Sunrice Rice Snacks Mini Bites  Chicken 160g",
        "price": 4,
        "unitPrice": "$2.50 / 100G"
    },
    {
        "category": "specials",
        "href": "https://www.woolworths.com.au/shop/productdetails/794497/berry-nice-multi-flavour-creamy-ice-bars",
        "imgName": "794497.jpg",
        "imgSrc": "https://cdn0.woolworths.media/content/wowproductimages/medium/794497.jpg",
        "name": "Berry Nice Multi Flavour Creamy Ice Bars 15pk",
        "price": 4,
        "special": 3.5,
        "unitPrice": "$0.27 / 100ML"
    },
    {
        "category": "specials",
        "href": "https://www.woolworths.com.au/shop/productdetails/828998/pascall-marshmallows",
        "imgName": "828998.jpg",
        "imgSrc": "https://cdn0.woolworths.media/content/wowproductimages/medium/828998.jpg",
        "name": "Pascall Marshmallows  520g",
        "price": 5,
        "unitPrice": "$0.96 / 100G"
    },
    {
        "category": "specials",
        "href": "https://www.woolworths.com.au/shop/productdetails/840467/allen-s-party-mix-classic-lollies",
        "imgName": "840467.jpg",
        "imgSrc": "https://cdn0.woolworths.media/content/wowproductimages/medium/840467.jpg",
        "name": "Allen's Party Mix Classic Lollies 465g bag",
        "price": 5,
        "special": 4,
        "unitPrice": "$0.86 / 100G"
    },
    {
        "category": "specials",
        "href": "https://www.woolworths.com.au/shop/productdetails/902889/gentleman-jack-bourbon",
        "imgName": "902889.jpg",
        "imgSrc": "https://cdn0.woolworths.media/content/wowproductimages/medium/902889.jpg",
        "name": "Gentleman Jack Bourbon  700ml",
        "price": 66,
        "special": 52
    },
    {
        "category": "specials",
        "href": "https://www.woolworths.com.au/shop/productdetails/828507/sunrice-street-snack-chicken-satay",
        "imgName": "828507.jpg",
        "imgSrc": "https://cdn0.woolworths.media/content/wowproductimages/medium/828507.jpg",
        "name": "Sunrice Street Snack Chicken Satay 200g",
        "price": 4,
        "special": 3,
        "unitPrice": "$1.50 / 100G"
    },
    {
        "category": "specials",
        "href": "https://www.woolworths.com.au/shop/productdetails/828980/cadbury-clinkers-bites",
        "imgName": "828980.jpg",
        "imgSrc": "https://cdn0.woolworths.media/content/wowproductimages/medium/828980.jpg",
        "name": "Cadbury Clinkers Bites 300g bag",
        "price": 5,
        "unitPrice": "$1.67 / 100G"
    },
    {
        "category": "specials",
        "href": "https://www.woolworths.com.au/shop/productdetails/863433/earth-choice-wood-cleaner-polisher",
        "imgName": "863433.jpg",
        "imgSrc": "https://cdn0.woolworths.media/content/wowproductimages/medium/863433.jpg",
        "name": "Earth Choice Wood Cleaner & Polisher  250ml",
        "price": 3.99,
        "special": 3.2,
        "unitPrice": "$1.28 / 100ML"
    },
    {
        "category": "specials",
        "href": "https://www.woolworths.com.au/shop/productdetails/826969/lynx-for-men-shower-gel-black",
        "imgName": "826969.jpg",
        "imgSrc": "https://cdn0.woolworths.media/content/wowproductimages/medium/826969.jpg",
        "name": "Lynx For Men Shower Gel Black 400ml",
        "price": 6.25,
        "special": 4.3,
        "unitPrice": "$1.08 / 100ML"
    },
    {
        "category": "specials",
        "href": "https://www.woolworths.com.au/shop/productdetails/840411/brite-organix-semi-permanent-hair-colour-pastel-purple",
        "imgName": "840411.jpg",
        "imgSrc": "https://cdn0.woolworths.media/content/wowproductimages/medium/840411.jpg",
        "name": "Brite Organix Semi Permanent Hair Colour Pastel Purple 75ml",
        "price": 10,
        "special": 8,
        "unitPrice": "$10.67 / 100ML"
    },
    {
        "category": "specials",
        "href": "https://www.woolworths.com.au/shop/productdetails/923904/heinz-8-months-mango-vanilla-custard",
        "imgName": "923904.jpg",
        "imgSrc": "https://cdn0.woolworths.media/content/wowproductimages/medium/923904.jpg",
        "name": "Heinz 8 Months+ Mango & Vanilla Custard 120g",
        "price": 1.5,
        "unitPrice": "$1.25 / 100G"
    },
    {
        "category": "specials",
        "href": "https://www.woolworths.com.au/shop/productdetails/924228/moro-aged-balsamic-primula-vinegar",
        "imgName": "924228.jpg",
        "imgSrc": "https://cdn0.woolworths.media/content/wowproductimages/medium/924228.jpg",
        "name": "Moro Aged Balsamic Primula Vinegar 250ml",
        "price": 9,
        "special": 7,
        "unitPrice": "$2.80 / 100ML"
    },
    {
        "category": "specials",
        "href": "https://www.woolworths.com.au/shop/productdetails/799297/dove-nutritive-solutions-hair-conditioner-daily-moisture",
        "imgName": "799297.jpg",
        "imgSrc": "https://cdn0.woolworths.media/content/wowproductimages/medium/799297.jpg",
        "name": "Dove Nutritive Solutions Hair Conditioner Daily Moisture 320ml",
        "price": 7,
        "special": 3.5,
        "unitPrice": "$1.09 / 100ML"
    },
    {
        "category": "specials",
        "href": "https://www.woolworths.com.au/shop/productdetails/969732/majans-bhuja-beer-mix",
        "imgName": "969732.jpg",
        "imgSrc": "https://cdn0.woolworths.media/content/wowproductimages/medium/969732.jpg",
        "name": "Majans Bhuja Beer Mix 160g",
        "price": 3.85,
        "special": 2.5,
        "unitPrice": "$15.63 / 1KG"
    },
    {
        "category": "specials",
        "href": "https://www.woolworths.com.au/shop/productdetails/899673/applaws-it-s-all-good-dry-dog-food-chicken-turkey",
        "imgName": "899673.jpg",
        "imgSrc": "https://cdn0.woolworths.media/content/wowproductimages/medium/899673.jpg",
        "name": "Applaws It's All Good Dry Dog Food Chicken & Turkey 2.7kg",
        "price": 17.99,
        "special": 14.35,
        "unitPrice": "$0.53 / 100G"
    },
    {
        "category": "specials",
        "href": "https://www.woolworths.com.au/shop/productdetails/926526/gippsland-dairy-twist-raspberry-coconut-yoghurt",
        "imgName": "926526.jpg",
        "imgSrc": "https://cdn0.woolworths.media/content/wowproductimages/medium/926526.jpg",
        "name": "Gippsland Dairy Twist Raspberry & Coconut Yoghurt 720g",
        "price": 7,
        "special": 5,
        "unitPrice": "$0.69 / 100G"
    },
    {
        "category": "specials",
        "href": "https://www.woolworths.com.au/shop/productdetails/933158/fab-laundry-powder-frangipani",
        "imgName": "933158.jpg",
        "imgSrc": "https://cdn0.woolworths.media/content/wowproductimages/medium/933158.jpg",
        "name": "Fab Laundry Powder Frangipani 2kg",
        "price": 7,
        "special": 5,
        "unitPrice": "$2.50 / 1KG"
    },
    {
        "category": "specials",
        "href": "https://www.woolworths.com.au/shop/productdetails/785605/green-gardener-trigger-spray",
        "imgName": "785605.jpg",
        "imgSrc": "https://cdn0.woolworths.media/content/wowproductimages/medium/785605.jpg",
        "name": "Green Gardener Trigger Spray  500ml",
        "price": 2,
        "special": 1.5,
        "unitPrice": "$0.30 / 100ML"
    },
    {
        "category": "specials",
        "href": "https://www.woolworths.com.au/shop/productdetails/893088/revo-lip-balm-watermelon",
        "imgName": "893088.jpg",
        "imgSrc": "https://cdn0.woolworths.media/content/wowproductimages/medium/893088.jpg",
        "name": "Revo Lip Balm Watermelon 7g",
        "price": 4.99,
        "special": 2.99,
        "unitPrice": "$4.27 / 10G"
    },
    {
        "category": "specials",
        "href": "https://www.woolworths.com.au/shop/productdetails/923935/my-dog-adult-dog-food-gourmet-beef-in-gravy",
        "imgName": "923935.jpg",
        "imgSrc": "https://cdn0.woolworths.media/content/wowproductimages/medium/923935.jpg",
        "name": "My Dog Adult Dog Food Gourmet Beef In Gravy 6x100g",
        "price": 7.3,
        "special": 5.5,
        "unitPrice": "$0.92 / 100G"
    },
    {
        "category": "specials",
        "href": "https://www.woolworths.com.au/shop/productdetails/923351/real-iced-tea-peach",
        "imgName": "923351.jpg",
        "imgSrc": "https://cdn0.woolworths.media/content/wowproductimages/medium/923351.jpg",
        "name": "Real Iced Tea Peach  500ml",
        "price": 3.4,
        "special": 2.55,
        "unitPrice": "$5.10 / 1L"
    },
    {
        "category": "specials",
        "href": "https://www.woolworths.com.au/shop/productdetails/923883/obela-tzatziki-dip-classic",
        "imgName": "923883.jpg",
        "imgSrc": "https://cdn0.woolworths.media/content/wowproductimages/medium/923883.jpg",
        "name": "Obela Tzatziki Dip Classic 220g",
        "price": 4.4,
        "special": 4,
        "unitPrice": "$1.82 / 100G"
    },
    {
        "category": "specials",
        "href": "https://www.woolworths.com.au/shop/productdetails/868497/mud-liquid-eyeliner-black",
        "imgName": "868497.jpg",
        "imgSrc": "https://cdn0.woolworths.media/content/wowproductimages/medium/868497.jpg",
        "name": "Mud Liquid Eyeliner Black 1ml",
        "price": 5,
        "unitPrice": "$50.00 / 10ML"
    },
    {
        "category": "specials",
        "href": "https://www.woolworths.com.au/shop/productdetails/932804/bickford-s-iced-coffee-syrup",
        "imgName": "932804.jpg",
        "imgSrc": "https://cdn0.woolworths.media/content/wowproductimages/medium/932804.jpg",
        "name": "Bickford's Iced Coffee Syrup 550ml",
        "price": 6.99,
        "special": 6,
        "unitPrice": "$1.09 / 100ML"
    },
    {
        "category": "specials",
        "href": "https://www.woolworths.com.au/shop/productdetails/922572/ski-d-lite-strawberry-lovers-yoghurt",
        "imgName": "922572.jpg",
        "imgSrc": "https://cdn0.woolworths.media/content/wowproductimages/medium/922572.jpg",
        "name": "Ski D'lite Strawberry Lovers Yoghurt 6x150g",
        "price": 4.5,
        "unitPrice": "$0.50 / 100G"
    },
    {
        "category": "specials",
        "href": "https://www.woolworths.com.au/shop/productdetails/892564/garnier-skin-naturals-micellar-cleansing-wipes",
        "imgName": "892564.jpg",
        "imgSrc": "https://cdn0.woolworths.media/content/wowproductimages/medium/892564.jpg",
        "name": "Garnier Skin Naturals Micellar Cleansing Wipes 25pk",
        "price": 6.95,
        "special": 4.85,
        "unitPrice": "$0.19 / 1EA"
    },
    {
        "category": "specials",
        "href": "https://www.woolworths.com.au/shop/productdetails/894475/blackmores-odourless-fish-oil-mini-caps",
        "imgName": "894475.jpg",
        "imgSrc": "https://cdn0.woolworths.media/content/wowproductimages/medium/894475.jpg",
        "name": "Blackmores Odourless Fish Oil Mini Caps 200pk",
        "price": 20,
        "unitPrice": "$10.00 / 100EA"
    },
    {
        "category": "specials",
        "href": "https://www.woolworths.com.au/shop/productdetails/690756/castaway-pear-cider-bottles",
        "imgName": "690756.jpg",
        "imgSrc": "https://cdn0.woolworths.media/content/wowproductimages/medium/690756.jpg",
        "name": "Castaway Pear Cider Bottles 24x330ml case",
        "price": 42,
        "special": 42
    },
    {
        "category": "specials",
        "href": "https://www.woolworths.com.au/shop/productdetails/862231/street-kitchen-green-thai-curry-kit",
        "imgName": "862231.jpg",
        "imgSrc": "https://cdn0.woolworths.media/content/wowproductimages/medium/862231.jpg",
        "name": "Street Kitchen Green Thai Curry Kit 285g",
        "price": 4.5,
        "unitPrice": "$1.58 / 100G"
    },
    {
        "category": "specials",
        "href": "https://www.woolworths.com.au/shop/productdetails/79502/kleenex-aloe-vera-facial-tissues",
        "imgName": "079502.jpg",
        "imgSrc": "https://cdn0.woolworths.media/content/wowproductimages/medium/079502.jpg",
        "name": "Kleenex Aloe Vera Facial Tissues 95pk",
        "price": 2,
        "unitPrice": "$2.11 / 100SS"
    },
    {
        "category": "specials",
        "href": "https://www.woolworths.com.au/shop/productdetails/528146/woolworths-ice-cream-coconut-chocolate",
        "imgName": "528146.jpg",
        "imgSrc": "https://cdn0.woolworths.media/content/wowproductimages/medium/528146.jpg",
        "name": "Woolworths Ice Cream Coconut Chocolate 1l",
        "price": 4.7,
        "unitPrice": "$0.47 / 100ML"
    },
    {
        "category": "specials",
        "href": "https://www.woolworths.com.au/shop/productdetails/32787/masterfoods-mustard-hot-english",
        "imgName": "032787.jpg",
        "imgSrc": "https://cdn0.woolworths.media/content/wowproductimages/medium/032787.jpg",
        "name": "Masterfoods Mustard Hot English 175g",
        "price": 3,
        "special": 2.5,
        "unitPrice": "$1.43 / 100G"
    },
    {
        "category": "specials",
        "href": "https://www.woolworths.com.au/shop/productdetails/205662/angas-park-mediterranian-apricot-soft-juicy",
        "imgName": "205662.jpg",
        "imgSrc": "https://cdn0.woolworths.media/content/wowproductimages/medium/205662.jpg",
        "name": "Angas Park Mediterranian Apricot Soft & Juicy 225g",
        "price": 7,
        "unitPrice": "$31.11 / 1KG"
    },
    {
        "category": "specials",
        "href": "https://www.woolworths.com.au/shop/productdetails/218921/woolworths-diced-italian-tomatoes",
        "imgName": "218921.jpg",
        "imgSrc": "https://cdn0.woolworths.media/content/wowproductimages/medium/218921.jpg",
        "name": "Woolworths Diced Italian Tomatoes 400g",
        "price": 0.8,
        "unitPrice": "$2.00 / 1KG"
    },
    {
        "category": "specials",
        "href": "https://www.woolworths.com.au/shop/productdetails/826442/cadbury-dairy-milk-chocolate-caramello",
        "imgName": "826442.jpg",
        "imgSrc": "https://cdn0.woolworths.media/content/wowproductimages/medium/826442.jpg",
        "name": "Cadbury Dairy Milk Chocolate Caramello 200g block",
        "price": 5,
        "special": 3.5,
        "unitPrice": "$1.75 / 100G"
    },
    {
        "category": "specials",
        "href": "https://www.woolworths.com.au/shop/productdetails/298978/masterfoods-relish-classic-corn",
        "imgName": "298978.jpg",
        "imgSrc": "https://cdn0.woolworths.media/content/wowproductimages/medium/298978.jpg",
        "name": "Masterfoods Relish Classic Corn 250g",
        "price": 3.5,
        "special": 2.5,
        "unitPrice": "$10.00 / 1KG"
    },
    {
        "category": "specials",
        "href": "https://www.woolworths.com.au/shop/productdetails/482321/radiant-colour-care-laundry-powder-front-top-loader",
        "imgName": "482321.jpg",
        "imgSrc": "https://cdn0.woolworths.media/content/wowproductimages/medium/482321.jpg",
        "name": "Radiant Colour Care Laundry Powder Front & Top Loader 1kg",
        "price": 6,
        "unitPrice": "$6.00 / 1KG"
    },
    {
        "category": "specials",
        "href": "https://www.woolworths.com.au/shop/productdetails/347806/essentials-plastic-dessert-spoons",
        "imgName": "347806.jpg",
        "imgSrc": "https://cdn0.woolworths.media/content/wowproductimages/medium/347806.jpg",
        "name": "Essentials Plastic Dessert Spoons  50pk",
        "price": 2,
        "unitPrice": "$0.04 / 1EA"
    },
    {
        "category": "specials",
        "href": "https://www.woolworths.com.au/shop/productdetails/901264/margan-shiraz-hunter-valley",
        "imgName": "901264.jpg",
        "imgSrc": "https://cdn0.woolworths.media/content/wowproductimages/medium/901264.jpg",
        "name": "Margan Shiraz Hunter Valley 750ml bottle",
        "price": 26,
        "special": 21
    },
    {
        "category": "specials",
        "href": "https://www.woolworths.com.au/shop/productdetails/561348/mars-teasers-double-choc-frozen-bars",
        "imgName": "561348.jpg",
        "imgSrc": "https://cdn0.woolworths.media/content/wowproductimages/medium/561348.jpg",
        "name": "Mars Teasers Double Choc Frozen Bars 4pk 360ml",
        "price": 8,
        "special": 5,
        "unitPrice": "$1.39 / 100ML"
    },
    {
        "category": "specials",
        "href": "https://www.woolworths.com.au/shop/productdetails/526838/frey-chocolate-block-milk",
        "imgName": "526838.jpg",
        "imgSrc": "https://cdn0.woolworths.media/content/wowproductimages/medium/526838.jpg",
        "name": "Frey Chocolate Block Milk 100g",
        "price": 2.5,
        "unitPrice": "$2.50 / 100G"
    },
    {
        "category": "specials",
        "href": "https://www.woolworths.com.au/shop/productdetails/306607/south-cape-reduced-fat-greek-style-fetta",
        "imgName": "306607.jpg",
        "imgSrc": "https://cdn0.woolworths.media/content/wowproductimages/medium/306607.jpg",
        "name": "South Cape Reduced Fat Greek Style Fetta 200g",
        "price": 5,
        "unitPrice": "$25.00 / 1KG"
    },
    {
        "category": "specials",
        "href": "https://www.woolworths.com.au/shop/productdetails/824027/casillero-del-diablo-cab-sauv",
        "imgName": "824027.jpg",
        "imgSrc": "https://cdn0.woolworths.media/content/wowproductimages/medium/824027.jpg",
        "name": "Casillero Del Diablo Cab Sauv  750ml bottle",
        "price": 17,
        "special": 13
    },
    {
        "category": "specials",
        "href": "https://www.woolworths.com.au/shop/productdetails/574335/mars-m-m-s-hazelnut-chocolate-block",
        "imgName": "574335.jpg",
        "imgSrc": "https://cdn0.woolworths.media/content/wowproductimages/medium/574335.jpg",
        "name": "Mars M&m's Hazelnut Chocolate Block 155g",
        "price": 4.8,
        "special": 3.5,
        "unitPrice": "$2.26 / 100G"
    },
    {
        "category": "specials",
        "href": "https://www.woolworths.com.au/shop/productdetails/179663/vanish-napisan-inwash-soaker-oxiaction-intelligence",
        "imgName": "179663.jpg",
        "imgSrc": "https://cdn0.woolworths.media/content/wowproductimages/medium/179663.jpg",
        "name": "Vanish Napisan Inwash & Soaker Oxiaction Intelligence 1kg",
        "price": 7,
        "unitPrice": "$7.00 / 1KG"
    },
    {
        "category": "specials",
        "href": "https://www.woolworths.com.au/shop/productdetails/85726/jarlsberg-cheese-wedge",
        "imgName": "085726.jpg",
        "imgSrc": "https://cdn0.woolworths.media/content/wowproductimages/medium/085726.jpg",
        "name": "Jarlsberg Cheese Wedge  min. 250g",
        "price": 5.5,
        "unitPrice": "$22.00 / 1KG"
    },
    {
        "category": "specials",
        "href": "https://www.woolworths.com.au/shop/productdetails/574753/gravox-gravy-mix-pork",
        "imgName": "574753.jpg",
        "imgSrc": "https://cdn0.woolworths.media/content/wowproductimages/medium/574753.jpg",
        "name": "Gravox Gravy Mix Pork 29g",
        "price": 1,
        "special": 0.9,
        "unitPrice": "$3.10 / 100G"
    },
    {
        "category": "specials",
        "href": "https://www.woolworths.com.au/shop/productdetails/662934/buderim-ginger-beer-pear",
        "imgName": "662934.jpg",
        "imgSrc": "https://cdn0.woolworths.media/content/wowproductimages/medium/662934.jpg",
        "name": "Buderim Ginger Beer Pear 4x330ml",
        "price": 5.9,
        "special": 4.6,
        "unitPrice": "$3.48 / 1L"
    },
    {
        "category": "specials",
        "href": "https://www.woolworths.com.au/shop/productdetails/331774/south-cape-vintage-cracked-pepper-club-cheddar-cheese",
        "imgName": "331774.jpg",
        "imgSrc": "https://cdn0.woolworths.media/content/wowproductimages/medium/331774.jpg",
        "name": "South Cape Vintage Cracked Pepper Club Cheddar Cheese 140g",
        "price": 6,
        "special": 4.5,
        "unitPrice": "$32.14 / 1KG"
    },
    {
        "category": "specials",
        "href": "https://www.woolworths.com.au/shop/productdetails/753150/woolworths-australian-sliced-peach-in-juice",
        "imgName": "753150.jpg",
        "imgSrc": "https://cdn0.woolworths.media/content/wowproductimages/medium/753150.jpg",
        "name": "Woolworths Australian Sliced Peach In Juice 410g",
        "price": 2,
        "unitPrice": "$4.88 / 1KG"
    },
    {
        "category": "specials",
        "href": "https://www.woolworths.com.au/shop/productdetails/758377/dolmio-traditional-recipe-pasta-sauce-basil",
        "imgName": "758377.jpg",
        "imgSrc": "https://cdn0.woolworths.media/content/wowproductimages/medium/758377.jpg",
        "name": "Dolmio Traditional Recipe Pasta Sauce Basil 500g",
        "price": 2,
        "unitPrice": "$0.40 / 100G"
    },
    {
        "category": "specials",
        "href": "https://www.woolworths.com.au/shop/productdetails/612452/l-oreal-colorista-wash-out-red",
        "imgName": "612452.jpg",
        "imgSrc": "https://cdn0.woolworths.media/content/wowproductimages/medium/612452.jpg",
        "name": "L'oreal Colorista Wash Out Red 80ml",
        "price": 16.5,
        "special": 11.5,
        "unitPrice": "$14.38 / 100ML"
    },
    {
        "category": "specials",
        "href": "https://www.woolworths.com.au/shop/productdetails/250627/woolworths-cookies-choc-chip",
        "imgName": "250627.jpg",
        "imgSrc": "https://cdn0.woolworths.media/content/wowproductimages/medium/250627.jpg",
        "name": "Woolworths Cookies Choc Chip 24pk 500g",
        "price": 5,
        "unitPrice": "$0.21 / 1EA"
    },
    {
        "category": "specials",
        "href": "https://www.woolworths.com.au/shop/productdetails/664529/mccain-pizza-takeaway-bbq-pulled-pork",
        "imgName": "664529.jpg",
        "imgSrc": "https://cdn0.woolworths.media/content/wowproductimages/medium/664529.jpg",
        "name": "Mccain Pizza Takeaway Bbq Pulled Pork 500g",
        "price": 7.5,
        "unitPrice": "$1.50 / 100G"
    },
    {
        "category": "specials",
        "href": "https://www.woolworths.com.au/shop/productdetails/772398/cote-mas-blanc-rouge-intense",
        "imgName": "772398.jpg",
        "imgSrc": "https://cdn0.woolworths.media/content/wowproductimages/medium/772398.jpg",
        "name": "Cote Mas Blanc Rouge Intense  750ml bottle",
        "price": 15,
        "special": 12
    },
    {
        "category": "specials",
        "href": "https://www.woolworths.com.au/shop/productdetails/72617/twinings-earl-grey-tea-bags",
        "imgName": "072617.jpg",
        "imgSrc": "https://cdn0.woolworths.media/content/wowproductimages/medium/072617.jpg",
        "name": "Twinings Earl Grey Tea Bags 100pk 200g",
        "price": 11,
        "special": 7,
        "unitPrice": "$7.00 / 100EA"
    },
    {
        "category": "specials",
        "href": "https://www.woolworths.com.au/shop/productdetails/858632/woolworths-select-omega3-wholegrain-cereal",
        "imgName": "858632.jpg",
        "imgSrc": "https://cdn0.woolworths.media/content/wowproductimages/medium/858632.jpg",
        "name": "Woolworths Select Omega3 Wholegrain Cereal  400g",
        "price": 4,
        "special": 3,
        "unitPrice": "$0.75 / 100G"
    },
    {
        "category": "specials",
        "href": "https://www.woolworths.com.au/shop/productdetails/941045/essentials-plastic-teaspoons",
        "imgName": "941045.jpg",
        "imgSrc": "https://cdn0.woolworths.media/content/wowproductimages/medium/941045.jpg",
        "name": "Essentials Plastic Teaspoons  20pk",
        "price": 1,
        "unitPrice": "$0.05 / 1EA"
    },
    {
        "category": "specials",
        "href": "https://www.woolworths.com.au/shop/productdetails/376532/strongbow-pear-cider-bottles",
        "imgName": "376532.jpg",
        "imgSrc": "https://cdn0.woolworths.media/content/wowproductimages/medium/376532.jpg",
        "name": "Strongbow Pear Cider Bottles 24x355ml case",
        "price": 56,
        "special": 50
    },
    {
        "category": "specials",
        "href": "https://www.woolworths.com.au/shop/productdetails/211134/lemnos-smooth-fetta-cheese",
        "imgName": "211134.jpg",
        "imgSrc": "https://cdn0.woolworths.media/content/wowproductimages/medium/211134.jpg",
        "name": "Lemnos Smooth Fetta Cheese 200g",
        "price": 4.75,
        "special": 4.2,
        "unitPrice": "$21.00 / 1KG"
    },
    {
        "category": "specials",
        "href": "https://www.woolworths.com.au/shop/productdetails/258204/tip-top-cafe-style-raisin-toast-extra-thick",
        "imgName": "258204.jpg",
        "imgSrc": "https://cdn0.woolworths.media/content/wowproductimages/medium/258204.jpg",
        "name": "Tip Top Cafe Style Raisin Toast Extra Thick 650g",
        "price": 4,
        "unitPrice": "$0.62 / 100G"
    },
    {
        "category": "specials",
        "href": "https://www.woolworths.com.au/shop/productdetails/989701/rekorderlig-mango-raspberry",
        "imgName": "989701.jpg",
        "imgSrc": "https://cdn0.woolworths.media/content/wowproductimages/medium/989701.jpg",
        "name": "Rekorderlig Mango Raspberry  4x330ml",
        "price": 20,
        "special": 18
    },
    {
        "category": "specials",
        "href": "https://www.woolworths.com.au/shop/productdetails/38153/annalisa-tomatoes-diced",
        "imgName": "038153.jpg",
        "imgSrc": "https://cdn0.woolworths.media/content/wowproductimages/medium/038153.jpg",
        "name": "Annalisa Tomatoes Diced 400g",
        "price": 1.4,
        "special": 1,
        "unitPrice": "$2.50 / 1KG"
    },
    {
        "category": "specials",
        "href": "https://www.woolworths.com.au/shop/productdetails/608594/nudie-nothing-but-tropical-coconut-water",
        "imgName": "608594.jpg",
        "imgSrc": "https://cdn0.woolworths.media/content/wowproductimages/medium/608594.jpg",
        "name": "Nudie Nothing But Tropical & Coconut Water 1.5l",
        "price": 7,
        "special": 6,
        "unitPrice": "$4.00 / 1L"
    },
    {
        "category": "specials",
        "href": "https://www.woolworths.com.au/shop/productdetails/665417/nudie-nothing-but-apples-cloudy-juice",
        "imgName": "665417.jpg",
        "imgSrc": "https://cdn0.woolworths.media/content/wowproductimages/medium/665417.jpg",
        "name": "Nudie Nothing But Apples Cloudy Juice 3l",
        "price": 8,
        "unitPrice": "$2.67 / 1L"
    },
    {
        "category": "specials",
        "href": "https://www.woolworths.com.au/shop/productdetails/267931/abe-s-bagel-bakery-roasted-garlic-bagel-crisps",
        "imgName": "267931.jpg",
        "imgSrc": "https://cdn0.woolworths.media/content/wowproductimages/medium/267931.jpg",
        "name": "Abe's Bagel Bakery Roasted Garlic Bagel Crisps 150g",
        "price": 3.2,
        "special": 2,
        "unitPrice": "$1.33 / 100G"
    },
    {
        "category": "specials",
        "href": "https://www.woolworths.com.au/shop/productdetails/608603/nudie-watermelon-in-pine-coconut-water",
        "imgName": "608603.jpg",
        "imgSrc": "https://cdn0.woolworths.media/content/wowproductimages/medium/608603.jpg",
        "name": "Nudie Watermelon In Pine Coconut Water 1.5l",
        "price": 7,
        "special": 6,
        "unitPrice": "$4.00 / 1L"
    },
    {
        "category": "specials",
        "href": "https://www.woolworths.com.au/shop/productdetails/839514/modelco-soothing-day-night-moisturiser",
        "imgName": "839514.jpg",
        "imgSrc": "https://cdn0.woolworths.media/content/wowproductimages/medium/839514.jpg",
        "name": "Modelco Soothing Day & Night Moisturiser 50ml",
        "price": 13,
        "special": 7.8,
        "unitPrice": "$15.60 / 100ML"
    },
    {
        "category": "specials",
        "href": "https://www.woolworths.com.au/shop/productdetails/767993/moccona-mixes-caramel-latte",
        "imgName": "767993.jpg",
        "imgSrc": "https://cdn0.woolworths.media/content/wowproductimages/medium/767993.jpg",
        "name": "Moccona Mixes Caramel Latte 10pk 140g",
        "price": 4.5,
        "unitPrice": "$3.21 / 100G"
    },
    {
        "category": "specials",
        "href": "https://www.woolworths.com.au/shop/productdetails/384245/arnott-s-shapes-chicken-crimpy",
        "imgName": "384245.jpg",
        "imgSrc": "https://cdn0.woolworths.media/content/wowproductimages/medium/384245.jpg",
        "name": "Arnott's Shapes Chicken Crimpy 175g",
        "price": 3,
        "special": 2,
        "unitPrice": "$1.14 / 100G"
    },
    {
        "category": "specials",
        "href": "https://www.woolworths.com.au/shop/productdetails/24723/arnott-s-custard-creams",
        "imgName": "024723.jpg",
        "imgSrc": "https://cdn0.woolworths.media/content/wowproductimages/medium/024723.jpg",
        "name": "Arnott's Custard Creams  250g",
        "price": 2.85,
        "special": 2,
        "unitPrice": "$0.80 / 100G"
    },
    {
        "category": "specials",
        "href": "https://www.woolworths.com.au/shop/productdetails/485732/essano-shampoo-hydrating-coconut-milk",
        "imgName": "485732.jpg",
        "imgSrc": "https://cdn0.woolworths.media/content/wowproductimages/medium/485732.jpg",
        "name": "Essano Shampoo Hydrating Coconut Milk 300ml",
        "price": 16,
        "special": 13,
        "unitPrice": "$4.33 / 100ML"
    },
    {
        "category": "specials",
        "href": "https://www.woolworths.com.au/shop/productdetails/1078/rexona-men-antiperspirant-aerosol-deodorant-sport",
        "imgName": "001078.jpg",
        "imgSrc": "https://cdn0.woolworths.media/content/wowproductimages/medium/001078.jpg",
        "name": "Rexona Men Antiperspirant Aerosol Deodorant Sport 250ml",
        "price": 7,
        "special": 5,
        "unitPrice": "$2.00 / 100ML"
    },
    {
        "category": "specials",
        "href": "https://www.woolworths.com.au/shop/productdetails/76291/spc-pear-sliced-in-natural-juice",
        "imgName": "076291.jpg",
        "imgSrc": "https://cdn0.woolworths.media/content/wowproductimages/medium/076291.jpg",
        "name": "Spc Pear Sliced In Natural Juice 825g",
        "price": 3.5,
        "special": 3,
        "unitPrice": "$3.64 / 1KG"
    },
    {
        "category": "specials",
        "href": "https://www.woolworths.com.au/shop/productdetails/795212/vickery-watervale-riesling",
        "imgName": "795212.jpg",
        "imgSrc": "https://cdn0.woolworths.media/content/wowproductimages/medium/795212.jpg",
        "name": "Vickery Watervale Riesling  750ml",
        "price": 26,
        "special": 21
    },
    {
        "category": "specials",
        "href": "https://www.woolworths.com.au/shop/productdetails/576356/haribo-tangfastics",
        "imgName": "576356.jpg",
        "imgSrc": "https://cdn0.woolworths.media/content/wowproductimages/medium/576356.jpg",
        "name": "Haribo Tangfastics  150g",
        "price": 2.4,
        "special": 2,
        "unitPrice": "$1.33 / 100G"
    },
    {
        "category": "specials",
        "href": "https://www.woolworths.com.au/shop/productdetails/36006/arnott-s-ginger-nut",
        "imgName": "036006.jpg",
        "imgSrc": "https://cdn0.woolworths.media/content/wowproductimages/medium/036006.jpg",
        "name": "Arnott's Ginger Nut  250g",
        "price": 2,
        "special": 1.8,
        "unitPrice": "$0.72 / 100G"
    },
    {
        "category": "specials",
        "href": "https://www.woolworths.com.au/shop/productdetails/826412/maybelline-ny-mascara-glam-black",
        "imgName": "826412.jpg",
        "imgSrc": "https://cdn0.woolworths.media/content/wowproductimages/medium/826412.jpg",
        "name": "Maybelline Ny Mascara Glam Black 9.5ml",
        "price": 19.95,
        "special": 13.95,
        "unitPrice": "$14.38 / 10ML"
    },
    {
        "category": "specials",
        "href": "https://www.woolworths.com.au/shop/productdetails/738639/wonder-wraps-hi-fibre",
        "imgName": "738639.jpg",
        "imgSrc": "https://cdn0.woolworths.media/content/wowproductimages/medium/738639.jpg",
        "name": "Wonder Wraps Hi Fibre 6pk 312g",
        "price": 3.99,
        "special": 3.3,
        "unitPrice": "$1.06 / 100G"
    },
    {
        "category": "specials",
        "href": "https://www.woolworths.com.au/shop/productdetails/35231/fantastic-rice-crackers-original",
        "imgName": "035231.jpg",
        "imgSrc": "https://cdn0.woolworths.media/content/wowproductimages/medium/035231.jpg",
        "name": "Fantastic Rice Crackers Original 100g",
        "price": 1.95,
        "special": 1.5,
        "unitPrice": "$1.50 / 100G"
    },
    {
        "category": "specials",
        "href": "https://www.woolworths.com.au/shop/productdetails/162605/bega-light-peanut-butter-smooth",
        "imgName": "162605.jpg",
        "imgSrc": "https://cdn0.woolworths.media/content/wowproductimages/medium/162605.jpg",
        "name": "Bega Light Peanut Butter Smooth 500g",
        "price": 5.7,
        "special": 5,
        "unitPrice": "$1.00 / 100G"
    },
    {
        "category": "specials",
        "href": "https://www.woolworths.com.au/shop/productdetails/215464/macro-organic-self-raising-flour",
        "imgName": "215464.jpg",
        "imgSrc": "https://cdn0.woolworths.media/content/wowproductimages/medium/215464.jpg",
        "name": "Macro Organic Self Raising Flour  1kg",
        "price": 4.5,
        "special": 4,
        "unitPrice": "$4.00 / 1KG"
    },
    {
        "category": "specials",
        "href": "https://www.woolworths.com.au/shop/productdetails/176852/viva-paper-towel-white",
        "imgName": "176852.jpg",
        "imgSrc": "https://cdn0.woolworths.media/content/wowproductimages/medium/176852.jpg",
        "name": "Viva Paper Towel White 2pk",
        "price": 3.5,
        "special": 2,
        "unitPrice": "$1.67 / 100SS"
    },
    {
        "category": "specials",
        "href": "https://www.woolworths.com.au/shop/productdetails/580243/bosisto-s-multi-purpose-cleaner",
        "imgName": "580243.jpg",
        "imgSrc": "https://cdn0.woolworths.media/content/wowproductimages/medium/580243.jpg",
        "name": "Bosisto's Multi Purpose Cleaner  750ml",
        "price": 6,
        "special": 4,
        "unitPrice": "$0.53 / 100ML"
    },
    {
        "category": "specials",
        "href": "https://www.woolworths.com.au/shop/productdetails/655209/gentleman-jack-cola",
        "imgName": "655209.jpg",
        "imgSrc": "https://cdn0.woolworths.media/content/wowproductimages/medium/655209.jpg",
        "name": "Gentleman Jack & Cola  4x330ml",
        "price": 27,
        "special": 24
    },
    {
        "category": "specials",
        "href": "https://www.woolworths.com.au/shop/productdetails/753177/woolworths-pear-sliced-in-juice-australian",
        "imgName": "753177.jpg",
        "imgSrc": "https://cdn0.woolworths.media/content/wowproductimages/medium/753177.jpg",
        "name": "Woolworths Pear Sliced In Juice Australian 820g",
        "price": 2.8,
        "unitPrice": "$3.41 / 1KG"
    },
    {
        "category": "specials",
        "href": "https://www.woolworths.com.au/shop/productdetails/36012/arnott-s-nice",
        "imgName": "036012.jpg",
        "imgSrc": "https://cdn0.woolworths.media/content/wowproductimages/medium/036012.jpg",
        "name": "Arnott's Nice  250g",
        "price": 2,
        "special": 1.8,
        "unitPrice": "$0.72 / 100G"
    },
    {
        "category": "specials",
        "href": "https://www.woolworths.com.au/shop/productdetails/908022/forester-estate-cabernet-sauvignon",
        "imgName": "908022.jpg",
        "imgSrc": "https://cdn0.woolworths.media/content/wowproductimages/medium/908022.jpg",
        "name": "Forester Estate Cabernet Sauvignon  750ml",
        "price": 33,
        "special": 28
    },
    {
        "category": "specials",
        "href": "https://www.woolworths.com.au/shop/productdetails/144866/arnott-s-cheeseboard-cracker",
        "imgName": "144866.jpg",
        "imgSrc": "https://cdn0.woolworths.media/content/wowproductimages/medium/144866.jpg",
        "name": "Arnott's Cheeseboard Cracker  250g",
        "price": 5.95,
        "special": 5.5,
        "unitPrice": "$2.20 / 100G"
    },
    {
        "category": "specials",
        "href": "https://www.woolworths.com.au/shop/productdetails/312793/south-cape-apricot-almond-cream-cheese",
        "imgName": "312793.jpg",
        "imgSrc": "https://cdn0.woolworths.media/content/wowproductimages/medium/312793.jpg",
        "name": "South Cape Apricot & Almond Cream Cheese 200g",
        "price": 4.29,
        "special": 3.5,
        "unitPrice": "$17.50 / 1KG"
    },
    {
        "category": "specials",
        "href": "https://www.woolworths.com.au/shop/productdetails/75035/helga-s-wholemeal-bread-with-grains",
        "imgName": "075035.jpg",
        "imgSrc": "https://cdn0.woolworths.media/content/wowproductimages/medium/075035.jpg",
        "name": "Helga's Wholemeal Bread With Grains 850g",
        "price": 3.5,
        "unitPrice": "$0.41 / 100G"
    },
    {
        "category": "specials",
        "href": "https://www.woolworths.com.au/shop/productdetails/33908/woolworths-bread-rolls-crusty-lunch",
        "imgName": "033908.jpg",
        "imgSrc": "https://cdn0.woolworths.media/content/wowproductimages/medium/033908.jpg",
        "name": "Woolworths Bread Rolls Crusty Lunch 6pk",
        "price": 2.5,
        "unitPrice": "$0.42 / 1EA"
    },
    {
        "category": "specials",
        "href": "https://www.woolworths.com.au/shop/productdetails/370814/helga-s-grain-bread-pumpkin-five-seeds",
        "imgName": "370814.jpg",
        "imgSrc": "https://cdn0.woolworths.media/content/wowproductimages/medium/370814.jpg",
        "name": "Helga's Grain Bread Pumpkin Five Seeds 720g",
        "price": 3.5,
        "unitPrice": "$0.49 / 100G"
    },
    {
        "category": "specials",
        "href": "https://www.woolworths.com.au/shop/productdetails/586798/cheetos-cheese-bacon-balls-party-bag",
        "imgName": "586798.jpg",
        "imgSrc": "https://cdn0.woolworths.media/content/wowproductimages/medium/586798.jpg",
        "name": "Cheetos Cheese & Bacon Balls Party Bag 190g",
        "price": 3,
        "unitPrice": "$1.58 / 100G"
    },
    {
        "category": "specials",
        "href": "https://www.woolworths.com.au/shop/productdetails/485724/essano-shampoo-nourishing-argan-oil",
        "imgName": "485724.jpg",
        "imgSrc": "https://cdn0.woolworths.media/content/wowproductimages/medium/485724.jpg",
        "name": "Essano Shampoo Nourishing Argan Oil 300ml",
        "price": 16,
        "special": 13,
        "unitPrice": "$4.33 / 100ML"
    },
    {
        "category": "specials",
        "href": "https://www.woolworths.com.au/shop/productdetails/253921/b-rgen-bread-wholemeal-seeds",
        "imgName": "253921.jpg",
        "imgSrc": "https://cdn0.woolworths.media/content/wowproductimages/medium/253921.jpg",
        "name": "B\u00fcrgen Bread Wholemeal & Seeds 700g",
        "price": 4.9,
        "unitPrice": "$0.70 / 100G"
    },
    {
        "category": "specials",
        "href": "https://www.woolworths.com.au/shop/productdetails/67871/james-boag-s-premium-lager-bottles",
        "imgName": "067871.jpg",
        "imgSrc": "https://cdn0.woolworths.media/content/wowproductimages/medium/067871.jpg",
        "name": "James Boag's Premium Lager Bottles 24x375ml case",
        "price": 60,
        "special": 53
    },
    {
        "category": "specials",
        "href": "https://www.woolworths.com.au/shop/productdetails/113792/heinz-classic-canned-soup-italian-minestrone",
        "imgName": "113792.jpg",
        "imgSrc": "https://cdn0.woolworths.media/content/wowproductimages/medium/113792.jpg",
        "name": "Heinz Classic Canned Soup Italian Minestrone 535g",
        "price": 2.5,
        "unitPrice": "$0.47 / 100G"
    },
    {
        "category": "specials",
        "href": "https://www.woolworths.com.au/shop/productdetails/27457/listerine-fresh-burst-mouthwash",
        "imgName": "027457.jpg",
        "imgSrc": "https://cdn0.woolworths.media/content/wowproductimages/medium/027457.jpg",
        "name": "Listerine Fresh Burst Mouthwash  250ml",
        "price": 4.7,
        "unitPrice": "$1.88 / 100ML"
    },
    {
        "category": "specials",
        "href": "https://www.woolworths.com.au/shop/productdetails/332466/wonder-white-white-hi-fibre-sandwich-slice-bread",
        "imgName": "332466.jpg",
        "imgSrc": "https://cdn0.woolworths.media/content/wowproductimages/medium/332466.jpg",
        "name": "Wonder White White Hi Fibre Sandwich Slice Bread 700g",
        "price": 3,
        "unitPrice": "$0.43 / 100G"
    },
    {
        "category": "specials",
        "href": "https://www.woolworths.com.au/shop/productdetails/177190/sunbeam-sultanas-apple",
        "imgName": "177190.jpg",
        "imgSrc": "https://cdn0.woolworths.media/content/wowproductimages/medium/177190.jpg",
        "name": "Sunbeam Sultanas & Apple 6x25g",
        "price": 2.5,
        "unitPrice": "$16.67 / 1KG"
    },
    {
        "category": "specials",
        "href": "https://www.woolworths.com.au/shop/productdetails/308325/woolworths-shortcrust-pastry-tartlet-cases",
        "imgName": "308325.jpg",
        "imgSrc": "https://cdn0.woolworths.media/content/wowproductimages/medium/308325.jpg",
        "name": "Woolworths Shortcrust Pastry Tartlet Cases 150g",
        "price": 5.79,
        "special": 4.5,
        "unitPrice": "$3.00 / 100G"
    },
    {
        "category": "specials",
        "href": "https://www.woolworths.com.au/shop/productdetails/70613/energizer-aa-batteries",
        "imgName": "070613.jpg",
        "imgSrc": "https://cdn0.woolworths.media/content/wowproductimages/medium/070613.jpg",
        "name": "Energizer Aa Batteries  10pk",
        "price": 10,
        "unitPrice": "$1.00 / 1EA"
    },
    {
        "category": "specials",
        "href": "https://www.woolworths.com.au/shop/productdetails/781046/cc-s-corn-chips-tasty-cheese",
        "imgName": "781046.jpg",
        "imgSrc": "https://cdn0.woolworths.media/content/wowproductimages/medium/781046.jpg",
        "name": "Cc's Corn Chips Tasty Cheese 175g",
        "price": 3.2,
        "special": 2.5,
        "unitPrice": "$1.43 / 100G"
    },
    {
        "category": "specials",
        "href": "https://www.woolworths.com.au/shop/productdetails/784113/goulburn-valley-two-fruits",
        "imgName": "784113.jpg",
        "imgSrc": "https://cdn0.woolworths.media/content/wowproductimages/medium/784113.jpg",
        "name": "Goulburn Valley Two Fruits  700g",
        "price": 3.7,
        "unitPrice": "$5.29 / 1KG"
    },
    {
        "category": "specials",
        "href": "https://www.woolworths.com.au/shop/productdetails/797224/edco-handy-sponge",
        "imgName": "797224.jpg",
        "imgSrc": "https://cdn0.woolworths.media/content/wowproductimages/medium/797224.jpg",
        "name": "Edco Handy Sponge  5pk",
        "price": 2.7,
        "unitPrice": "$0.54 / 1EA"
    },
    {
        "category": "specials",
        "href": "https://www.woolworths.com.au/shop/productdetails/251528/woolworths-select-dressings-french-fat-free",
        "imgName": "251528.jpg",
        "imgSrc": "https://cdn0.woolworths.media/content/wowproductimages/medium/251528.jpg",
        "name": "Woolworths Select Dressings French Fat Free 300ml",
        "price": 1.8,
        "unitPrice": "$0.60 / 100ML"
    },
    {
        "category": "specials",
        "href": "https://www.woolworths.com.au/shop/productdetails/558947/mud-long-lasting-foundation-04-new-tan",
        "imgName": "558947.jpg",
        "imgSrc": "https://cdn0.woolworths.media/content/wowproductimages/medium/558947.jpg",
        "name": "Mud Long Lasting Foundation 04 New Tan 28ml",
        "price": 8.5,
        "unitPrice": "$3.04 / 10ML"
    },
    {
        "category": "specials",
        "href": "https://www.woolworths.com.au/shop/productdetails/970105/bundaberg-tropics-mango-passionfruit",
        "imgName": "970105.jpg",
        "imgSrc": "https://cdn0.woolworths.media/content/wowproductimages/medium/970105.jpg",
        "name": "Bundaberg Tropics Mango & Passionfruit 700ml",
        "price": 36,
        "special": 30
    },
    {
        "category": "specials",
        "href": "https://www.woolworths.com.au/shop/productdetails/212347/praise-dressings-french-original",
        "imgName": "212347.jpg",
        "imgSrc": "https://cdn0.woolworths.media/content/wowproductimages/medium/212347.jpg",
        "name": "Praise Dressings French Original 330ml",
        "price": 3,
        "special": 1.75,
        "unitPrice": "$0.53 / 100ML"
    },
    {
        "category": "specials",
        "href": "https://www.woolworths.com.au/shop/productdetails/38723/gravox-gravy-mix-traditional",
        "imgName": "038723.jpg",
        "imgSrc": "https://cdn0.woolworths.media/content/wowproductimages/medium/038723.jpg",
        "name": "Gravox Gravy Mix Traditional 425g",
        "price": 4.5,
        "special": 4,
        "unitPrice": "$0.09 / 10G"
    },
    {
        "category": "specials",
        "href": "https://www.woolworths.com.au/shop/productdetails/331602/abbott-s-village-bakery-light-rye-bread",
        "imgName": "331602.jpg",
        "imgSrc": "https://cdn0.woolworths.media/content/wowproductimages/medium/331602.jpg",
        "name": "Abbott's Village Bakery Light Rye Bread 680g",
        "price": 3.5,
        "unitPrice": "$0.51 / 100G"
    },
    {
        "category": "specials",
        "href": "https://www.woolworths.com.au/shop/productdetails/232833/b-rgen-bread-soy-linseed",
        "imgName": "232833.jpg",
        "imgSrc": "https://cdn0.woolworths.media/content/wowproductimages/medium/232833.jpg",
        "name": "B\u00fcrgen Bread Soy & Linseed 700g",
        "price": 4.9,
        "unitPrice": "$0.70 / 100G"
    },
    {
        "category": "specials",
        "href": "https://www.woolworths.com.au/shop/productdetails/482871/fab-aroma-laundry-powder-relax",
        "imgName": "482871.jpg",
        "imgSrc": "https://cdn0.woolworths.media/content/wowproductimages/medium/482871.jpg",
        "name": "Fab Aroma Laundry Powder Relax 900g",
        "price": 4.49,
        "unitPrice": "$4.99 / 1KG"
    },
    {
        "category": "specials",
        "href": "https://www.woolworths.com.au/shop/productdetails/165219/tip-top-hamburger-rolls",
        "imgName": "165219.jpg",
        "imgSrc": "https://cdn0.woolworths.media/content/wowproductimages/medium/165219.jpg",
        "name": "Tip Top Hamburger Rolls  6pk",
        "price": 5.49,
        "special": 4.99,
        "unitPrice": "$0.83 / 1EA"
    },
    {
        "category": "specials",
        "href": "https://www.woolworths.com.au/shop/productdetails/28125/buttercup-country-split-white-bread",
        "imgName": "028125.jpg",
        "imgSrc": "https://cdn0.woolworths.media/content/wowproductimages/medium/028125.jpg",
        "name": "Buttercup Country Split White Bread 450g",
        "price": 3,
        "unitPrice": "$0.67 / 100G"
    },
    {
        "category": "specials",
        "href": "https://www.woolworths.com.au/shop/productdetails/957606/leggos-providore-tomato-pesto",
        "imgName": "957606.jpg",
        "imgSrc": "https://cdn0.woolworths.media/content/wowproductimages/medium/957606.jpg",
        "name": "Leggos Providore Tomato Pesto 195g",
        "price": 5,
        "unitPrice": "$2.56 / 100G"
    },
    {
        "category": "specials",
        "href": "https://www.woolworths.com.au/shop/productdetails/452050/leggo-s-pasta-bake-creamy-tomato-mozzarella",
        "imgName": "452050.jpg",
        "imgSrc": "https://cdn0.woolworths.media/content/wowproductimages/medium/452050.jpg",
        "name": "Leggo's Pasta Bake Creamy Tomato & Mozzarella 500g",
        "price": 3,
        "unitPrice": "$0.60 / 100G"
    },
    {
        "category": "specials",
        "href": "https://www.woolworths.com.au/shop/productdetails/465143/vagisil-intimate-wash-fresh-plus",
        "imgName": "465143.jpg",
        "imgSrc": "https://cdn0.woolworths.media/content/wowproductimages/medium/465143.jpg",
        "name": "Vagisil Intimate Wash Fresh Plus 240ml",
        "price": 6.99,
        "unitPrice": "$2.91 / 100ML"
    },
    {
        "category": "specials",
        "href": "https://www.woolworths.com.au/shop/productdetails/517467/annalisa-diced-tomatoes-basil-oregano",
        "imgName": "517467.jpg",
        "imgSrc": "https://cdn0.woolworths.media/content/wowproductimages/medium/517467.jpg",
        "name": "Annalisa Diced Tomatoes Basil & Oregano 400g",
        "price": 1.45,
        "special": 1,
        "unitPrice": "$2.50 / 1KG"
    },
    {
        "category": "specials",
        "href": "https://www.woolworths.com.au/shop/productdetails/535602/woolworths-canned-shredded-chicken-teriyaki",
        "imgName": "535602.jpg",
        "imgSrc": "https://cdn0.woolworths.media/content/wowproductimages/medium/535602.jpg",
        "name": "Woolworths Canned Shredded Chicken Teriyaki 85g",
        "price": 1.29,
        "unitPrice": "$15.18 / 1KG"
    },
    {
        "category": "specials",
        "href": "https://www.woolworths.com.au/shop/productdetails/226783/eveready-gold-aaa-batteries",
        "imgName": "226783.jpg",
        "imgSrc": "https://cdn0.woolworths.media/content/wowproductimages/medium/226783.jpg",
        "name": "Eveready Gold Aaa Batteries  8pk",
        "price": 8,
        "unitPrice": "$1.00 / 1EA"
    },
    {
        "category": "specials",
        "href": "https://www.woolworths.com.au/shop/productdetails/775252/the-pure-produce-company-fetta-with-garlic-herbs",
        "imgName": "775252.jpg",
        "imgSrc": "https://cdn0.woolworths.media/content/wowproductimages/medium/775252.jpg",
        "name": "The Pure Produce Company Fetta With Garlic & Herbs 250g",
        "price": 8.49,
        "special": 7,
        "unitPrice": "$28.00 / 1KG"
    },
    {
        "category": "specials",
        "href": "https://www.woolworths.com.au/shop/productdetails/743580/woolworths-baguette-rustic",
        "imgName": "743580.jpg",
        "imgSrc": "https://cdn0.woolworths.media/content/wowproductimages/medium/743580.jpg",
        "name": "Woolworths Baguette Rustic 300g",
        "price": 2.5,
        "unitPrice": "$0.89 / 100G"
    },
    {
        "category": "specials",
        "href": "https://www.woolworths.com.au/shop/productdetails/53367/tabasco-chilli-sauce-red-pepper",
        "imgName": "053367.jpg",
        "imgSrc": "https://cdn0.woolworths.media/content/wowproductimages/medium/053367.jpg",
        "name": "Tabasco Chilli Sauce Red Pepper 150ml",
        "price": 8,
        "special": 7.4,
        "unitPrice": "$4.93 / 100ML"
    },
    {
        "category": "specials",
        "href": "https://www.woolworths.com.au/shop/productdetails/510063/calidad-brother-printer-ink-lc-38-lc-39-lc-67-tri-colour",
        "imgName": "510063.jpg",
        "imgSrc": "https://cdn0.woolworths.media/content/wowproductimages/medium/510063.jpg",
        "name": "Calidad Brother Printer Ink Lc-38 Lc-39 Lc-67 Tri-colour each",
        "price": 33
    },
    {
        "category": "specials",
        "href": "https://www.woolworths.com.au/shop/productdetails/434088/woolworths-deli-style-chips-honey-soy-chicken",
        "imgName": "434088.jpg",
        "imgSrc": "https://cdn0.woolworths.media/content/wowproductimages/medium/434088.jpg",
        "name": "Woolworths Deli Style Chips Honey Soy Chicken 200g",
        "price": 2.5,
        "unitPrice": "$1.25 / 100G"
    },
    {
        "category": "specials",
        "href": "https://www.woolworths.com.au/shop/productdetails/707389/pantene-pro-v-aqua-light-conditioner",
        "imgName": "707389.jpg",
        "imgSrc": "https://cdn0.woolworths.media/content/wowproductimages/medium/707389.jpg",
        "name": "Pantene Pro-v Aqua Light Conditioner 350ml",
        "price": 4.5,
        "unitPrice": "$1.29 / 100ML"
    },
    {
        "category": "specials",
        "href": "https://www.woolworths.com.au/shop/productdetails/750736/woolworths-select-canola-oil",
        "imgName": "750736.jpg",
        "imgSrc": "https://cdn0.woolworths.media/content/wowproductimages/medium/750736.jpg",
        "name": "Woolworths Select Canola Oil 750ml",
        "price": 2.5,
        "unitPrice": "$0.33 / 100ML"
    },
    {
        "category": "specials",
        "href": "https://www.woolworths.com.au/shop/productdetails/256893/woolworths-select-cooking-chocolate-white",
        "imgName": "256893.jpg",
        "imgSrc": "https://cdn0.woolworths.media/content/wowproductimages/medium/256893.jpg",
        "name": "Woolworths Select Cooking Chocolate White 200g",
        "price": 2.5,
        "unitPrice": "$1.25 / 100G"
    },
    {
        "category": "specials",
        "href": "https://www.woolworths.com.au/shop/productdetails/348809/bundaberg-rum-bare-no-sugar-cola",
        "imgName": "348809.jpg",
        "imgSrc": "https://cdn0.woolworths.media/content/wowproductimages/medium/348809.jpg",
        "name": "Bundaberg Rum & Bare No Sugar Cola 24x375ml",
        "price": 87,
        "special": 76
    },
    {
        "category": "specials",
        "href": "https://www.woolworths.com.au/shop/productdetails/37058/don-ham-leg-english-baked-shaved",
        "imgName": "037058.jpg",
        "imgSrc": "https://cdn0.woolworths.media/content/wowproductimages/medium/037058.jpg",
        "name": "Don Ham Leg English Baked Shaved 250g",
        "price": 4.8,
        "unitPrice": "$19.20 / 1KG"
    },
    {
        "category": "specials",
        "href": "https://www.woolworths.com.au/shop/productdetails/826191/whiteglo-tooth-whitening-diamond-series-whitening",
        "imgName": "826191.jpg",
        "imgSrc": "https://cdn0.woolworths.media/content/wowproductimages/medium/826191.jpg",
        "name": "Whiteglo Tooth Whitening Diamond Series Whitening",
        "price": 19.99,
        "special": 18
    },
    {
        "category": "specials",
        "href": "https://www.woolworths.com.au/shop/productdetails/704930/san-remo-linguine-pasta",
        "imgName": "704930.jpg",
        "imgSrc": "https://cdn0.woolworths.media/content/wowproductimages/medium/704930.jpg",
        "name": "San Remo Linguine Pasta 750g",
        "price": 2.9,
        "unitPrice": "$0.39 / 100G"
    },
    {
        "category": "specials",
        "href": "https://www.woolworths.com.au/shop/productdetails/760467/gourmet-delight-adult-cat-food-healthy-weight",
        "imgName": "760467.jpg",
        "imgSrc": "https://cdn0.woolworths.media/content/wowproductimages/medium/760467.jpg",
        "name": "Gourmet Delight Adult Cat Food Healthy Weight 85g",
        "price": 0.79,
        "unitPrice": "$0.93 / 100G"
    },
    {
        "category": "specials",
        "href": "https://www.woolworths.com.au/shop/productdetails/766214/praise-aioli-mayonnaise-deli-style-classic",
        "imgName": "766214.jpg",
        "imgSrc": "https://cdn0.woolworths.media/content/wowproductimages/medium/766214.jpg",
        "name": "Praise Aioli Mayonnaise Deli Style Classic 250ml",
        "price": 4,
        "special": 2.5,
        "unitPrice": "$1.00 / 100ML"
    },
    {
        "category": "specials",
        "href": "https://www.woolworths.com.au/shop/productdetails/38921/bega-peanut-butter-crunchy",
        "imgName": "038921.jpg",
        "imgSrc": "https://cdn0.woolworths.media/content/wowproductimages/medium/038921.jpg",
        "name": "Bega Peanut Butter Crunchy 780g",
        "price": 6.5,
        "unitPrice": "$0.83 / 100G"
    },
    {
        "category": "specials",
        "href": "https://www.woolworths.com.au/shop/productdetails/341264/b-rgen-bread-wholegrain-oats",
        "imgName": "341264.jpg",
        "imgSrc": "https://cdn0.woolworths.media/content/wowproductimages/medium/341264.jpg",
        "name": "B\u00fcrgen Bread Wholegrain & Oats 700g",
        "price": 4.9,
        "unitPrice": "$0.70 / 100G"
    },
    {
        "category": "specials",
        "href": "https://www.woolworths.com.au/shop/productdetails/7928/woolworths-iced-donuts",
        "imgName": "007928.jpg",
        "imgSrc": "https://cdn0.woolworths.media/content/wowproductimages/medium/007928.jpg",
        "name": "Woolworths Iced Donuts  6pk",
        "price": 3,
        "unitPrice": "$0.50 / 1EA"
    },
    {
        "category": "specials",
        "href": "https://www.woolworths.com.au/shop/productdetails/505341/calidad-brother-printer-ink-lc-233-lc-231-tri-colour",
        "imgName": "505341.jpg",
        "imgSrc": "https://cdn0.woolworths.media/content/wowproductimages/medium/505341.jpg",
        "name": "Calidad Brother Printer Ink Lc-233 Lc-231 Tri-colour each",
        "price": 50
    },
    {
        "category": "specials",
        "href": "https://www.woolworths.com.au/shop/productdetails/9591/masterfoods-chilli-freshly-chopped",
        "imgName": "009591.jpg",
        "imgSrc": "https://cdn0.woolworths.media/content/wowproductimages/medium/009591.jpg",
        "name": "Masterfoods Chilli Freshly Chopped 160g",
        "price": 3,
        "unitPrice": "$0.19 / 10G"
    },
    {
        "category": "specials",
        "href": "https://www.woolworths.com.au/shop/productdetails/603319/bonds-stretchies-longsleeve",
        "imgName": "603319.jpg",
        "imgSrc": "https://cdn0.woolworths.media/content/wowproductimages/medium/603319.jpg",
        "name": "Bonds Stretchies Longsleeve  each",
        "price": 18,
        "special": 10.8
    },
    {
        "category": "specials",
        "href": "https://www.woolworths.com.au/shop/productdetails/600496/energizer-ultimate-micro-cable-1-2m",
        "imgName": "600496.jpg",
        "imgSrc": "https://cdn0.woolworths.media/content/wowproductimages/medium/600496.jpg",
        "name": "Energizer Ultimate Micro Cable 1.2m  each",
        "price": 20,
        "special": 18
    },
    {
        "category": "specials",
        "href": "https://www.woolworths.com.au/shop/productdetails/433887/woolworths-country-loaf-wholemeal",
        "imgName": "433887.jpg",
        "imgSrc": "https://cdn0.woolworths.media/content/wowproductimages/medium/433887.jpg",
        "name": "Woolworths Country Loaf Wholemeal 750g",
        "price": 2.5,
        "unitPrice": "$0.33 / 100G"
    },
    {
        "category": "specials",
        "href": "https://www.woolworths.com.au/shop/productdetails/32214/paul-newmans-dressings-balsamic-vinegarette",
        "imgName": "032214.jpg",
        "imgSrc": "https://cdn0.woolworths.media/content/wowproductimages/medium/032214.jpg",
        "name": "Paul Newmans Dressings Balsamic Vinegarette 250ml",
        "price": 4,
        "unitPrice": "$1.60 / 100ML"
    },
    {
        "category": "specials",
        "href": "https://www.woolworths.com.au/shop/productdetails/39362/bega-peanut-butter-smooth",
        "imgName": "039362.jpg",
        "imgSrc": "https://cdn0.woolworths.media/content/wowproductimages/medium/039362.jpg",
        "name": "Bega Peanut Butter Smooth 780g",
        "price": 6.5,
        "unitPrice": "$0.83 / 100G"
    },
    {
        "category": "specials",
        "href": "https://www.woolworths.com.au/shop/productdetails/167628/heinz-big-n-chunky-canned-soup-chicken-corn",
        "imgName": "167628.jpg",
        "imgSrc": "https://cdn0.woolworths.media/content/wowproductimages/medium/167628.jpg",
        "name": "Heinz Big N Chunky Canned Soup Chicken & Corn 535g",
        "price": 2.5,
        "unitPrice": "$0.47 / 100G"
    },
    {
        "category": "specials",
        "href": "https://www.woolworths.com.au/shop/productdetails/38214/woolworths-fresh-donuts-cinnamon",
        "imgName": "038214.jpg",
        "imgSrc": "https://cdn0.woolworths.media/content/wowproductimages/medium/038214.jpg",
        "name": "Woolworths Fresh Donuts Cinnamon 12pk",
        "price": 3,
        "unitPrice": "$0.25 / 1EA"
    },
    {
        "category": "specials",
        "href": "https://www.woolworths.com.au/shop/productdetails/187729/energizer-max-aaa-batteries",
        "imgName": "187729.jpg",
        "imgSrc": "https://cdn0.woolworths.media/content/wowproductimages/medium/187729.jpg",
        "name": "Energizer Max Aaa Batteries  8pk",
        "price": 10,
        "unitPrice": "$1.25 / 1EA"
    },
    {
        "category": "specials",
        "href": "https://www.woolworths.com.au/shop/productdetails/979700/dos-equis-lager-especial",
        "imgName": "979700.jpg",
        "imgSrc": "https://cdn0.woolworths.media/content/wowproductimages/medium/979700.jpg",
        "name": "Dos Equis Lager Especial  24x355ml case",
        "price": 58,
        "special": 49
    },
    {
        "category": "specials",
        "href": "https://www.woolworths.com.au/shop/productdetails/512321/devondale-extra-soft-spread",
        "imgName": "512321.jpg",
        "imgSrc": "https://cdn0.woolworths.media/content/wowproductimages/medium/512321.jpg",
        "name": "Devondale Extra Soft Spread 750g",
        "price": 7,
        "unitPrice": "$0.93 / 100G"
    },
    {
        "category": "specials",
        "href": "https://www.woolworths.com.au/shop/productdetails/367144/woolworths-creams-assorted",
        "imgName": "367144.jpg",
        "imgSrc": "https://cdn0.woolworths.media/content/wowproductimages/medium/367144.jpg",
        "name": "Woolworths Creams Assorted 500g",
        "price": 4,
        "unitPrice": "$0.80 / 100G"
    },
    {
        "category": "specials",
        "href": "https://www.woolworths.com.au/shop/productdetails/510318/calidad-epson-printer-ink-133-tri-colour",
        "imgName": "510318.jpg",
        "imgSrc": "https://cdn0.woolworths.media/content/wowproductimages/medium/510318.jpg",
        "name": "Calidad Epson Printer Ink 133 Tri-colour each",
        "price": 38
    },
    {
        "category": "specials",
        "href": "https://www.woolworths.com.au/shop/productdetails/154953/woolworths-loaf-crusty-cobb",
        "imgName": "154953.jpg",
        "imgSrc": "https://cdn0.woolworths.media/content/wowproductimages/medium/154953.jpg",
        "name": "Woolworths Loaf Crusty Cobb 450g",
        "price": 2.5,
        "unitPrice": "$0.56 / 100G"
    },
    {
        "category": "specials",
        "href": "https://www.woolworths.com.au/shop/productdetails/452083/woolworths-greek-style-fetta",
        "imgName": "452083.jpg",
        "imgSrc": "https://cdn0.woolworths.media/content/wowproductimages/medium/452083.jpg",
        "name": "Woolworths Greek Style Fetta  200g",
        "price": 3,
        "unitPrice": "$15.00 / 1KG"
    },
    {
        "category": "specials",
        "href": "https://www.woolworths.com.au/shop/productdetails/200074/carefree-barely-there-panty-liners-ultra-thin-breathable",
        "imgName": "200074.jpg",
        "imgSrc": "https://cdn0.woolworths.media/content/wowproductimages/medium/200074.jpg",
        "name": "Carefree Barely There Panty Liners Ultra Thin Breathable 42pk",
        "price": 5,
        "unitPrice": "$0.12 / 1EA"
    },
    {
        "category": "specials",
        "href": "https://www.woolworths.com.au/shop/productdetails/977504/steersman-ultra-dry-lager-bottles",
        "imgName": "977504.jpg",
        "imgSrc": "https://cdn0.woolworths.media/content/wowproductimages/medium/977504.jpg",
        "name": "Steersman Ultra Dry Lager Bottles 24x330ml case",
        "price": 42,
        "special": 38
    },
    {
        "category": "specials",
        "href": "https://www.woolworths.com.au/shop/productdetails/543765/obela-dip-tomato-lime",
        "imgName": "543765.jpg",
        "imgSrc": "https://cdn0.woolworths.media/content/wowproductimages/medium/543765.jpg",
        "name": "Obela Dip Tomato & Lime 220g",
        "price": 4.4,
        "special": 4,
        "unitPrice": "$1.82 / 100G"
    },
    {
        "category": "specials",
        "href": "https://www.woolworths.com.au/shop/productdetails/787154/heinz-seriously-good-peri-peri-spicy-mayonnaise",
        "imgName": "787154.jpg",
        "imgSrc": "https://cdn0.woolworths.media/content/wowproductimages/medium/787154.jpg",
        "name": "Heinz Seriously Good Peri Peri Spicy Mayonnaise 295ml",
        "price": 4,
        "special": 3.5,
        "unitPrice": "$1.19 / 100ML"
    },
    {
        "category": "specials",
        "href": "https://www.woolworths.com.au/shop/productdetails/30718/woolworths-bread-rolls-grain-lunch",
        "imgName": "030718.jpg",
        "imgSrc": "https://cdn0.woolworths.media/content/wowproductimages/medium/030718.jpg",
        "name": "Woolworths Bread Rolls Grain Lunch 6pk",
        "price": 2.5,
        "unitPrice": "$0.42 / 1EA"
    },
    {
        "category": "specials",
        "href": "https://www.woolworths.com.au/shop/productdetails/55656/woolworths-bread-white-extra-soft-loaf",
        "imgName": "055656.jpg",
        "imgSrc": "https://cdn0.woolworths.media/content/wowproductimages/medium/055656.jpg",
        "name": "Woolworths Bread White Extra Soft Loaf 680g",
        "price": 1.8,
        "unitPrice": "$0.26 / 100G"
    },
    {
        "category": "specials",
        "href": "https://www.woolworths.com.au/shop/productdetails/581172/woolworths-white-soft-sandwich-bread",
        "imgName": "581172.jpg",
        "imgSrc": "https://cdn0.woolworths.media/content/wowproductimages/medium/581172.jpg",
        "name": "Woolworths White Soft Sandwich Bread 650g",
        "price": 1.5,
        "unitPrice": "$0.23 / 100G"
    },
    {
        "category": "specials",
        "href": "https://www.woolworths.com.au/shop/productdetails/587903/lipton-quality-black-tea-bags",
        "imgName": "587903.jpg",
        "imgSrc": "https://cdn0.woolworths.media/content/wowproductimages/medium/587903.jpg",
        "name": "Lipton Quality Black Tea Bags 200pk",
        "price": 6.9,
        "unitPrice": "$1.73 / 100G"
    },
    {
        "category": "specials",
        "href": "https://www.woolworths.com.au/shop/productdetails/551297/olsent-warm-white-spiral-globe-23-watt",
        "imgName": "551297.jpg",
        "imgSrc": "https://cdn0.woolworths.media/content/wowproductimages/medium/551297.jpg",
        "name": "Olsent Warm White Spiral Globe 23 Watt 2pk",
        "price": 10,
        "unitPrice": "$5.00 / 1EA"
    },
    {
        "category": "specials",
        "href": "https://www.woolworths.com.au/shop/productdetails/313876/pedigree-treat-dentastix-medium",
        "imgName": "313876.jpg",
        "imgSrc": "https://cdn0.woolworths.media/content/wowproductimages/medium/313876.jpg",
        "name": "Pedigree Treat Dentastix Medium 28pk",
        "price": 17.5,
        "special": 12,
        "unitPrice": "$0.43 / 1EA"
    },
    {
        "category": "specials",
        "href": "https://www.woolworths.com.au/shop/productdetails/610126/zantac-extra-24hr-tablets-300mg",
        "imgName": "610126.jpg",
        "imgSrc": "https://cdn0.woolworths.media/content/wowproductimages/medium/610126.jpg",
        "name": "Zantac Extra 24hr Tablets 300mg 7pk",
        "price": 10,
        "special": 8,
        "unitPrice": "$1.14 / 1EA"
    },
    {
        "category": "specials",
        "href": "https://www.woolworths.com.au/shop/productdetails/197276/9-grain-tip-top-bread-original",
        "imgName": "197276.jpg",
        "imgSrc": "https://cdn0.woolworths.media/content/wowproductimages/medium/197276.jpg",
        "name": "9 Grain Tip Top Bread Original 700g",
        "price": 3.3,
        "unitPrice": "$0.47 / 100G"
    },
    {
        "category": "specials",
        "href": "https://www.woolworths.com.au/shop/productdetails/405977/hip-sip-tawny",
        "imgName": "405977.jpg",
        "imgSrc": "https://cdn0.woolworths.media/content/wowproductimages/medium/405977.jpg",
        "name": "Hip Sip Tawny  350ml",
        "price": 19,
        "special": 16
    },
    {
        "category": "specials",
        "href": "https://www.woolworths.com.au/shop/productdetails/230926/pyrex-bakeware-measuring-jug",
        "imgName": "230926.jpg",
        "imgSrc": "https://cdn0.woolworths.media/content/wowproductimages/medium/230926.jpg",
        "name": "Pyrex Bakeware Measuring Jug 250ml",
        "price": 9,
        "special": 6.3
    },
    {
        "category": "specials",
        "href": "https://www.woolworths.com.au/shop/productdetails/956870/i-j-light-crispy-lemon-fish-fillets",
        "imgName": "956870.jpg",
        "imgSrc": "https://cdn0.woolworths.media/content/wowproductimages/medium/956870.jpg",
        "name": "I&j Light & Crispy Lemon Fish Fillets 1kg",
        "price": 10,
        "unitPrice": "$10.00 / 1KG"
    },
    {
        "category": "specials",
        "href": "https://www.woolworths.com.au/shop/productdetails/947168/maybelline-new-york-instant-age-rewind-foundation-creamy-natural",
        "imgName": "947168.jpg",
        "imgSrc": "https://cdn0.woolworths.media/content/wowproductimages/medium/947168.jpg",
        "name": "Maybelline New York Instant Age Rewind Foundation Creamy Natural 30ml",
        "price": 25.95,
        "special": 18.15,
        "unitPrice": "$6.05 / 10ML"
    },
    {
        "category": "specials",
        "href": "https://www.woolworths.com.au/shop/productdetails/460577/impulse-why-not-body-spray",
        "imgName": "460577.jpg",
        "imgSrc": "https://cdn0.woolworths.media/content/wowproductimages/medium/460577.jpg",
        "name": "Impulse Why Not Body Spray 57g",
        "price": 4,
        "unitPrice": "$5.33 / 100ML"
    },
    {
        "category": "specials",
        "href": "https://www.woolworths.com.au/shop/productdetails/505422/kellogg-s-special-k-protein-bliss-bites-coconut-cranberry-cocoa",
        "imgName": "505422.jpg",
        "imgSrc": "https://cdn0.woolworths.media/content/wowproductimages/medium/505422.jpg",
        "name": "Kellogg's Special K Protein Bliss Bites Coconut Cranberry & Cocoa 3pk 81g",
        "price": 4.99,
        "special": 4,
        "unitPrice": "$4.94 / 100G"
    },
    {
        "category": "specials",
        "href": "https://www.woolworths.com.au/shop/productdetails/970160/bundaberg-tropics-pineapple-coconut",
        "imgName": "970160.jpg",
        "imgSrc": "https://cdn0.woolworths.media/content/wowproductimages/medium/970160.jpg",
        "name": "Bundaberg Tropics Pineapple & Coconut 700ml",
        "price": 36,
        "special": 30
    },
    {
        "category": "specials",
        "href": "https://www.woolworths.com.au/shop/productdetails/232124/praise-dressings-thousand-island",
        "imgName": "232124.jpg",
        "imgSrc": "https://cdn0.woolworths.media/content/wowproductimages/medium/232124.jpg",
        "name": "Praise Dressings Thousand Island 330ml",
        "price": 3,
        "special": 1.75,
        "unitPrice": "$0.53 / 100ML"
    },
    {
        "category": "specials",
        "href": "https://www.woolworths.com.au/shop/productdetails/32766/masterfoods-seafood-sauce-tartare",
        "imgName": "032766.jpg",
        "imgSrc": "https://cdn0.woolworths.media/content/wowproductimages/medium/032766.jpg",
        "name": "Masterfoods Seafood Sauce Tartare 220g",
        "price": 2.4,
        "special": 2,
        "unitPrice": "$0.91 / 100G"
    },
    {
        "category": "specials",
        "href": "https://www.woolworths.com.au/shop/productdetails/828496/heinz-classic-canned-soup-soup-creamy-tomato",
        "imgName": "828496.jpg",
        "imgSrc": "https://cdn0.woolworths.media/content/wowproductimages/medium/828496.jpg",
        "name": "Heinz Classic Canned Soup Soup Creamy Tomato 535g",
        "price": 2.5,
        "unitPrice": "$0.47 / 100G"
    },
    {
        "category": "specials",
        "href": "https://www.woolworths.com.au/shop/productdetails/786994/baily-baily-folio-shiraz-cabernet-lngh-creek",
        "imgName": "786994.jpg",
        "imgSrc": "https://cdn0.woolworths.media/content/wowproductimages/medium/786994.jpg",
        "name": "Baily & Baily Folio Shiraz Cabernet Lngh Creek 750ml",
        "price": 16,
        "special": 11
    },
    {
        "category": "specials",
        "href": "https://www.woolworths.com.au/shop/productdetails/165218/tip-top-damper-rolls",
        "imgName": "165218.jpg",
        "imgSrc": "https://cdn0.woolworths.media/content/wowproductimages/medium/165218.jpg",
        "name": "Tip Top Damper Rolls  6pk",
        "price": 5.49,
        "special": 4.99,
        "unitPrice": "$0.83 / 1EA"
    },
    {
        "category": "specials",
        "href": "https://www.woolworths.com.au/shop/productdetails/31023/tooheys-extra-dry-lager-stubbies",
        "imgName": "031023.jpg",
        "imgSrc": "https://cdn0.woolworths.media/content/wowproductimages/medium/031023.jpg",
        "name": "Tooheys Extra Dry Lager Stubbies 24x345ml case",
        "price": 49,
        "special": 45
    },
    {
        "category": "specials",
        "href": "https://www.woolworths.com.au/shop/productdetails/698866/woolworths-select-olive-oil-spanish-mellow",
        "imgName": "698866.jpg",
        "imgSrc": "https://cdn0.woolworths.media/content/wowproductimages/medium/698866.jpg",
        "name": "Woolworths Select Olive Oil Spanish Mellow 500ml",
        "price": 4,
        "unitPrice": "$0.80 / 100ML"
    },
    {
        "category": "specials",
        "href": "https://www.woolworths.com.au/shop/productdetails/416484/bonds-hipster-hi-bikini-size-16",
        "imgName": "416484.jpg",
        "imgSrc": "https://cdn0.woolworths.media/content/wowproductimages/medium/416484.jpg",
        "name": "Bonds Hipster Hi Bikini Size 16 2pk",
        "price": 18,
        "special": 9
    },
    {
        "category": "specials",
        "href": "https://www.woolworths.com.au/shop/productdetails/659614/endeavour-vintage-beer-co-growers-pale-ale-bottles",
        "imgName": "659614.jpg",
        "imgSrc": "https://cdn0.woolworths.media/content/wowproductimages/medium/659614.jpg",
        "name": "Endeavour Vintage Beer Co. Growers Pale Ale Bottles 6x330ml pack",
        "price": 23.8,
        "special": 21
    },
    {
        "category": "specials",
        "href": "https://www.woolworths.com.au/shop/productdetails/975212/vodka-cruiser-mudshake-espresso-martini",
        "imgName": "975212.jpg",
        "imgSrc": "https://cdn0.woolworths.media/content/wowproductimages/medium/975212.jpg",
        "name": "Vodka Cruiser Mudshake Espresso Martini 24x270ml",
        "price": 81,
        "special": 67
    },
    {
        "category": "specials",
        "href": "https://www.woolworths.com.au/shop/productdetails/829978/jim-beam-black-cola-cans",
        "imgName": "829978.jpg",
        "imgSrc": "https://cdn0.woolworths.media/content/wowproductimages/medium/829978.jpg",
        "name": "Jim Beam Black & Cola Cans 10x375ml",
        "price": 42,
        "special": 42
    },
    {
        "category": "specials",
        "href": "https://www.woolworths.com.au/shop/productdetails/420503/philips-light-globe-13w-1400-lument-warm-bc",
        "imgName": "420503.jpg",
        "imgSrc": "https://cdn0.woolworths.media/content/wowproductimages/medium/420503.jpg",
        "name": "Philips Light Globe 13w 1400 Lument Warm Bc each",
        "price": 15,
        "unitPrice": "$15.00 / 1EA"
    },
    {
        "category": "specials",
        "href": "https://www.woolworths.com.au/shop/productdetails/893041/inspire-chopping-board",
        "imgName": "893041.jpg",
        "imgSrc": "https://cdn0.woolworths.media/content/wowproductimages/medium/893041.jpg",
        "name": "Inspire Chopping Board  each",
        "price": 20,
        "special": 14
    },
    {
        "category": "specials",
        "href": "https://www.woolworths.com.au/shop/productdetails/653340/lindt-festive-collection-gift-box",
        "imgName": "653340.jpg",
        "imgSrc": "https://cdn0.woolworths.media/content/wowproductimages/medium/653340.jpg",
        "name": "Lindt Festive Collection Gift Box 400g",
        "price": 20,
        "special": 13.5,
        "unitPrice": "$3.38 / 100G"
    },
    {
        "category": "specials",
        "href": "https://www.woolworths.com.au/shop/productdetails/622972/wokka-udon-noodles",
        "imgName": "622972.jpg",
        "imgSrc": "https://cdn0.woolworths.media/content/wowproductimages/medium/622972.jpg",
        "name": "Wokka Udon Noodles  440g",
        "price": 2.7,
        "unitPrice": "$0.61 / 100G"
    },
    {
        "category": "specials",
        "href": "https://www.woolworths.com.au/shop/productdetails/651352/creative-gourmet-frozen-organic-acai-puree",
        "imgName": "651352.jpg",
        "imgSrc": "https://cdn0.woolworths.media/content/wowproductimages/medium/651352.jpg",
        "name": "Creative Gourmet Frozen Organic Acai Puree 400g",
        "price": 8,
        "special": 6,
        "unitPrice": "$15.00 / 1KG"
    },
    {
        "category": "specials",
        "href": "https://www.woolworths.com.au/shop/productdetails/231580/wrigley-s-eclipse-ice-sugarfree-gum-peppermint",
        "imgName": "231580.jpg",
        "imgSrc": "https://cdn0.woolworths.media/content/wowproductimages/medium/231580.jpg",
        "name": "Wrigley's Eclipse Ice Sugarfree Gum Peppermint 4pk 56g",
        "price": 3.5,
        "special": 3,
        "unitPrice": "$5.36 / 100G"
    },
    {
        "category": "specials",
        "href": "https://www.woolworths.com.au/shop/productdetails/604033/christmas-wrapping-kit-pastel",
        "imgName": "604033.jpg",
        "imgSrc": "https://cdn0.woolworths.media/content/wowproductimages/medium/604033.jpg",
        "name": "Christmas Wrapping Kit Pastel each",
        "price": 5,
        "special": 4,
        "unitPrice": "$4.00 / 1EA"
    },
    {
        "category": "specials",
        "href": "https://www.woolworths.com.au/shop/productdetails/583342/salamanca-basa-fillets",
        "imgName": "583342.jpg",
        "imgSrc": "https://cdn0.woolworths.media/content/wowproductimages/medium/583342.jpg",
        "name": "Salamanca Basa Fillets  500g",
        "price": 10,
        "special": 9,
        "unitPrice": "$18.00 / 1KG"
    },
    {
        "category": "specials",
        "href": "https://www.woolworths.com.au/shop/productdetails/603981/christmas-plush-santa-elf-stocking",
        "imgName": "603981.jpg",
        "imgSrc": "https://cdn0.woolworths.media/content/wowproductimages/medium/603981.jpg",
        "name": "Christmas Plush Santa & Elf Stocking each",
        "price": 8,
        "special": 4,
        "unitPrice": "$4.00 / 1EA"
    },
    {
        "category": "specials",
        "href": "https://www.woolworths.com.au/shop/productdetails/573602/woolworths-thick-creamy-yoghurt-fig-caramel-with-fruit-swirls",
        "imgName": "573602.jpg",
        "imgSrc": "https://cdn0.woolworths.media/content/wowproductimages/medium/573602.jpg",
        "name": "Woolworths Thick & Creamy Yoghurt Fig & Caramel With Fruit Swirls 700g",
        "price": 5,
        "unitPrice": "$0.71 / 100G"
    },
    {
        "category": "specials",
        "href": "https://www.woolworths.com.au/shop/productdetails/569807/woolworths-pineapple-in-juice",
        "imgName": "569807.jpg",
        "imgSrc": "https://cdn0.woolworths.media/content/wowproductimages/medium/569807.jpg",
        "name": "Woolworths Pineapple In Juice 4x125g",
        "price": 2.5,
        "unitPrice": "$20.00 / 1KG"
    },
    {
        "category": "specials",
        "href": "https://www.woolworths.com.au/shop/productdetails/556113/dairy-farmers-kids-milk-plain",
        "imgName": "556113.jpg",
        "imgSrc": "https://cdn0.woolworths.media/content/wowproductimages/medium/556113.jpg",
        "name": "Dairy Farmers Kids Milk Plain 150ml",
        "price": 1,
        "unitPrice": "$6.67 / 1L"
    },
    {
        "category": "specials",
        "href": "https://www.woolworths.com.au/shop/productdetails/565322/moro-extra-virgin-olive-oil-chilli-infusion",
        "imgName": "565322.jpg",
        "imgSrc": "https://cdn0.woolworths.media/content/wowproductimages/medium/565322.jpg",
        "name": "Moro Extra Virgin Olive Oil Chilli Infusion 250ml",
        "price": 5.5,
        "special": 3.8,
        "unitPrice": "$1.52 / 100ML"
    },
    {
        "category": "specials",
        "href": "https://www.woolworths.com.au/shop/productdetails/33517/carnation-creamy-evaporated-milk",
        "imgName": "033517.jpg",
        "imgSrc": "https://cdn0.woolworths.media/content/wowproductimages/medium/033517.jpg",
        "name": "Carnation Creamy Evaporated Milk  375ml",
        "price": 2.7,
        "unitPrice": "$7.20 / 1L"
    },
    {
        "category": "specials",
        "href": "https://www.woolworths.com.au/shop/productdetails/626516/ob-finest-apricot-macadamia-specialty-cracker",
        "imgName": "626516.jpg",
        "imgSrc": "https://cdn0.woolworths.media/content/wowproductimages/medium/626516.jpg",
        "name": "Ob Finest Apricot & Macadamia Specialty Cracker 150g",
        "price": 6,
        "unitPrice": "$4.00 / 100G"
    },
    {
        "category": "specials",
        "href": "https://www.woolworths.com.au/shop/productdetails/604042/christmas-ribbon-curling",
        "imgName": "604042.jpg",
        "imgSrc": "https://cdn0.woolworths.media/content/wowproductimages/medium/604042.jpg",
        "name": "Christmas Ribbon Curling 8pk",
        "price": 2,
        "special": 1.6,
        "unitPrice": "$1.60 / 1EA"
    },
    {
        "category": "specials",
        "href": "https://www.woolworths.com.au/shop/productdetails/260710/maggie-beer-paste-spiced-pear",
        "imgName": "260710.jpg",
        "imgSrc": "https://cdn0.woolworths.media/content/wowproductimages/medium/260710.jpg",
        "name": "Maggie Beer Paste Spiced Pear 100g",
        "price": 5.98,
        "special": 5,
        "unitPrice": "$50.00 / 1KG"
    },
    {
        "category": "specials",
        "href": "https://www.woolworths.com.au/shop/productdetails/504775/garnier-pure-active-charcoal-scrub",
        "imgName": "504775.jpg",
        "imgSrc": "https://cdn0.woolworths.media/content/wowproductimages/medium/504775.jpg",
        "name": "Garnier Pure Active Charcoal Scrub  150ml",
        "price": 13,
        "special": 9.1,
        "unitPrice": "$6.07 / 100ML"
    },
    {
        "category": "specials",
        "href": "https://www.woolworths.com.au/shop/productdetails/790451/woolworths-plastic-plates-large-mixed-colour",
        "imgName": "790451.jpg",
        "imgSrc": "https://cdn0.woolworths.media/content/wowproductimages/medium/790451.jpg",
        "name": "Woolworths Plastic Plates Large Mixed Colour 20pk",
        "price": 7,
        "special": 5.6,
        "unitPrice": "$0.28 / 1EA"
    },
    {
        "category": "specials",
        "href": "https://www.woolworths.com.au/shop/productdetails/619357/felix-sensations-cat-food-fish-selection",
        "imgName": "619357.jpg",
        "imgSrc": "https://cdn0.woolworths.media/content/wowproductimages/medium/619357.jpg",
        "name": "Felix Sensations Cat Food Fish Selection 12x85g",
        "price": 10.69,
        "special": 8.5,
        "unitPrice": "$0.83 / 100G"
    },
    {
        "category": "specials",
        "href": "https://www.woolworths.com.au/shop/productdetails/626523/ob-finest-fig-pecan-specialty-cracker",
        "imgName": "626523.jpg",
        "imgSrc": "https://cdn0.woolworths.media/content/wowproductimages/medium/626523.jpg",
        "name": "Ob Finest Fig & Pecan Specialty Cracker 150g",
        "price": 6,
        "unitPrice": "$4.00 / 100G"
    },
    {
        "category": "specials",
        "href": "https://www.woolworths.com.au/shop/productdetails/318641/bulla-frozen-yoghurt-strawb-mango-wildberry",
        "imgName": "318641.jpg",
        "imgSrc": "https://cdn0.woolworths.media/content/wowproductimages/medium/318641.jpg",
        "name": "Bulla Frozen Yoghurt Strawb Mango Wildberry 8pk 472g",
        "price": 6.8,
        "special": 4.5,
        "unitPrice": "$0.95 / 100G"
    },
    {
        "category": "specials",
        "href": "https://www.woolworths.com.au/shop/productdetails/540312/chris-heritage-passionfruit-creme-brule",
        "imgName": "540312.jpg",
        "imgSrc": "https://cdn0.woolworths.media/content/wowproductimages/medium/540312.jpg",
        "name": "Chris' Heritage Passionfruit Creme Brule  160g",
        "price": 5,
        "special": 4,
        "unitPrice": "$2.50 / 100G"
    },
    {
        "category": "specials",
        "href": "https://www.woolworths.com.au/shop/productdetails/768497/artline-fineline-marker-home-bright",
        "imgName": "768497.jpg",
        "imgSrc": "https://cdn0.woolworths.media/content/wowproductimages/medium/768497.jpg",
        "name": "Artline Fineline Marker Home Bright 2pk",
        "price": 5,
        "special": 3.5
    },
    {
        "category": "specials",
        "href": "https://www.woolworths.com.au/shop/productdetails/446583/ceres-organic-brown-rice-crackers-with-chia",
        "imgName": "446583.jpg",
        "imgSrc": "https://cdn0.woolworths.media/content/wowproductimages/medium/446583.jpg",
        "name": "Ceres Organic Brown Rice Crackers With Chia 115g",
        "price": 3.5,
        "special": 2.5,
        "unitPrice": "$2.17 / 100G"
    },
    {
        "category": "specials",
        "href": "https://www.woolworths.com.au/shop/productdetails/369833/maybelline-ny-lip-gloss-smoothing-cherry",
        "imgName": "369833.jpg",
        "imgSrc": "https://cdn0.woolworths.media/content/wowproductimages/medium/369833.jpg",
        "name": "Maybelline Ny Lip Gloss Smoothing Cherry 4g",
        "price": 3.95,
        "special": 2.75,
        "unitPrice": "$6.88 / 10G"
    },
    {
        "category": "specials",
        "href": "https://www.woolworths.com.au/shop/productdetails/624270/bref-power-active-toilet-cleaner-lemon",
        "imgName": "624270.jpg",
        "imgSrc": "https://cdn0.woolworths.media/content/wowproductimages/medium/624270.jpg",
        "name": "Bref Power Active Toilet Cleaner Lemon 2pk",
        "price": 7,
        "unitPrice": "$3.50 / 1EA"
    },
    {
        "category": "specials",
        "href": "https://www.woolworths.com.au/shop/productdetails/702364/pandaroo-japanese-instant-miso-soup-fried-tofu",
        "imgName": "702364.jpg",
        "imgSrc": "https://cdn0.woolworths.media/content/wowproductimages/medium/702364.jpg",
        "name": "Pandaroo Japanese Instant Miso Soup Fried Tofu 12g",
        "price": 2.25,
        "special": 2,
        "unitPrice": "$16.67 / 100G"
    },
    {
        "category": "specials",
        "href": "https://www.woolworths.com.au/shop/productdetails/661465/sunrice-rice-cake-bites-sour-cream-and-chives-wholegrain",
        "imgName": "661465.jpg",
        "imgSrc": "https://cdn0.woolworths.media/content/wowproductimages/medium/661465.jpg",
        "name": "Sunrice Rice Cake Bites Sour Cream And Chives Wholegrain 100g",
        "price": 3.5,
        "special": 3,
        "unitPrice": "$3.00 / 100G"
    },
    {
        "category": "specials",
        "href": "https://www.woolworths.com.au/shop/productdetails/574623/bulla-custard-tart",
        "imgName": "574623.jpg",
        "imgSrc": "https://cdn0.woolworths.media/content/wowproductimages/medium/574623.jpg",
        "name": "Bulla Custard Tart  6pk 540ml",
        "price": 6.8,
        "special": 4.5,
        "unitPrice": "$0.83 / 100ML"
    },
    {
        "category": "specials",
        "href": "https://www.woolworths.com.au/shop/productdetails/573127/first-force-home-protection-insect-spray",
        "imgName": "573127.jpg",
        "imgSrc": "https://cdn0.woolworths.media/content/wowproductimages/medium/573127.jpg",
        "name": "First Force Home Protection Insect Spray 2l",
        "price": 15,
        "unitPrice": "$0.75 / 100ML"
    },
    {
        "category": "specials",
        "href": "https://www.woolworths.com.au/shop/productdetails/600877/carefree-extra-pads-with-wings-super",
        "imgName": "600877.jpg",
        "imgSrc": "https://cdn0.woolworths.media/content/wowproductimages/medium/600877.jpg",
        "name": "Carefree Extra Pads With Wings Super 14pk",
        "price": 5,
        "special": 4,
        "unitPrice": "$0.29 / 1EA"
    },
    {
        "category": "specials",
        "href": "https://www.woolworths.com.au/shop/productdetails/604171/l-or-espresso-lungo-profondo-coffee-capsule",
        "imgName": "604171.jpg",
        "imgSrc": "https://cdn0.woolworths.media/content/wowproductimages/medium/604171.jpg",
        "name": "L'or Espresso Lungo Profondo Coffee Capsule 10pk 52g",
        "price": 6,
        "special": 4,
        "unitPrice": "$7.69 / 100G"
    },
    {
        "category": "specials",
        "href": "https://www.woolworths.com.au/shop/productdetails/544691/annabel-karmel-chicken-potato-pie",
        "imgName": "544691.jpg",
        "imgSrc": "https://cdn0.woolworths.media/content/wowproductimages/medium/544691.jpg",
        "name": "Annabel Karmel Chicken & Potato Pie 200g",
        "price": 4,
        "special": 3,
        "unitPrice": "$1.50 / 100G"
    },
    {
        "category": "specials",
        "href": "https://www.woolworths.com.au/shop/productdetails/659484/higher-living-organic-golden-tumeric-teabags",
        "imgName": "659484.jpg",
        "imgSrc": "https://cdn0.woolworths.media/content/wowproductimages/medium/659484.jpg",
        "name": "Higher Living Organic Golden Tumeric Teabags 15 bags",
        "price": 3.7,
        "special": 2.5,
        "unitPrice": "$8.33 / 100G"
    },
    {
        "category": "specials",
        "href": "https://www.woolworths.com.au/shop/productdetails/841284/dettol-foam-hand-wash-lime-mint",
        "imgName": "841284.jpg",
        "imgSrc": "https://cdn0.woolworths.media/content/wowproductimages/medium/841284.jpg",
        "name": "Dettol Foam Hand Wash Lime & Mint 250ml",
        "price": 2.5,
        "unitPrice": "$1.00 / 100ML"
    },
    {
        "category": "specials",
        "href": "https://www.woolworths.com.au/shop/productdetails/352753/mishka-vodka-raspberry-splash",
        "imgName": "352753.jpg",
        "imgSrc": "https://cdn0.woolworths.media/content/wowproductimages/medium/352753.jpg",
        "name": "Mishka Vodka Raspberry Splash 4x275ml",
        "price": 14,
        "special": 12
    },
    {
        "category": "specials",
        "href": "https://www.woolworths.com.au/shop/productdetails/375731/nature-s-own-liquid-fish-oil",
        "imgName": "375731.jpg",
        "imgSrc": "https://cdn0.woolworths.media/content/wowproductimages/medium/375731.jpg",
        "name": "Nature's Own Liquid Fish Oil  300ml",
        "price": 16,
        "unitPrice": "$5.33 / 100ML"
    },
    {
        "category": "specials",
        "href": "https://www.woolworths.com.au/shop/productdetails/536242/always-fresh-hommus-crisps",
        "imgName": "536242.jpg",
        "imgSrc": "https://cdn0.woolworths.media/content/wowproductimages/medium/536242.jpg",
        "name": "Always Fresh Hommus Crisps  85g",
        "price": 3.9,
        "special": 2.5,
        "unitPrice": "$2.94 / 100G"
    },
    {
        "category": "specials",
        "href": "https://www.woolworths.com.au/shop/productdetails/696336/woolworths-instant-soup-cream-of-chicken-with-croutons",
        "imgName": "696336.jpg",
        "imgSrc": "https://cdn0.woolworths.media/content/wowproductimages/medium/696336.jpg",
        "name": "Woolworths Instant Soup Cream Of Chicken With Croutons 60g",
        "price": 1,
        "unitPrice": "$1.67 / 100G"
    },
    {
        "category": "specials",
        "href": "https://www.woolworths.com.au/shop/productdetails/571525/original-source-shower-milk-apple-vanilla",
        "imgName": "571525.jpg",
        "imgSrc": "https://cdn0.woolworths.media/content/wowproductimages/medium/571525.jpg",
        "name": "Original Source Shower Milk Apple & Vanilla 250ml",
        "price": 4,
        "special": 3.5,
        "unitPrice": "$1.40 / 100ML"
    },
    {
        "category": "specials",
        "href": "https://www.woolworths.com.au/shop/productdetails/659823/only-organic-pumpkin-potato-beef-8-months",
        "imgName": "659823.jpg",
        "imgSrc": "https://cdn0.woolworths.media/content/wowproductimages/medium/659823.jpg",
        "name": "Only Organic Pumpkin Potato & Beef 8+ Months 170g",
        "price": 2.9,
        "special": 2,
        "unitPrice": "$1.18 / 100G"
    },
    {
        "category": "specials",
        "href": "https://www.woolworths.com.au/shop/productdetails/789681/woolworths-select-wonder-cleaning-cloth",
        "imgName": "789681.jpg",
        "imgSrc": "https://cdn0.woolworths.media/content/wowproductimages/medium/789681.jpg",
        "name": "Woolworths Select Wonder Cleaning Cloth  2pk",
        "price": 3.49,
        "unitPrice": "$1.75 / 1EA"
    },
    {
        "category": "specials",
        "href": "https://www.woolworths.com.au/shop/productdetails/661057/aunt-betty-s-whipped-cream-vanilla-bliss",
        "imgName": "661057.jpg",
        "imgSrc": "https://cdn0.woolworths.media/content/wowproductimages/medium/661057.jpg",
        "name": "Aunt Betty's Whipped Cream Vanilla Bliss 250ml",
        "price": 4,
        "special": 3,
        "unitPrice": "$1.20 / 100ML"
    },
    {
        "category": "specials",
        "href": "https://www.woolworths.com.au/shop/productdetails/416533/bonds-hipster-hi-bikini-size-12",
        "imgName": "416533.jpg",
        "imgSrc": "https://cdn0.woolworths.media/content/wowproductimages/medium/416533.jpg",
        "name": "Bonds Hipster Hi Bikini Size 12 2pk",
        "price": 18,
        "special": 9
    },
    {
        "category": "specials",
        "href": "https://www.woolworths.com.au/shop/productdetails/544697/primo-turkey-breast",
        "imgName": "544697.jpg",
        "imgSrc": "https://cdn0.woolworths.media/content/wowproductimages/medium/544697.jpg",
        "name": "Primo Turkey Breast  80g",
        "price": 3,
        "unitPrice": "$37.50 / 1KG"
    },
    {
        "category": "specials",
        "href": "https://www.woolworths.com.au/shop/productdetails/74045/wild-turkey-rare-breed-bourbon",
        "imgName": "074045.jpg",
        "imgSrc": "https://cdn0.woolworths.media/content/wowproductimages/medium/074045.jpg",
        "name": "Wild Turkey Rare Breed Bourbon  700ml",
        "price": 95,
        "special": 85
    },
    {
        "category": "specials",
        "href": "https://www.woolworths.com.au/shop/productdetails/899675/applaws-it-s-all-good-dry-dog-food-lamb-kangaroo",
        "imgName": "899675.jpg",
        "imgSrc": "https://cdn0.woolworths.media/content/wowproductimages/medium/899675.jpg",
        "name": "Applaws It's All Good Dry Dog Food Lamb & Kangaroo 2.7kg",
        "price": 17.99,
        "special": 14.35,
        "unitPrice": "$0.53 / 100G"
    },
    {
        "category": "specials",
        "href": "https://www.woolworths.com.au/shop/productdetails/661509/greens-red-velvet-cupcake-mix",
        "imgName": "661509.jpg",
        "imgSrc": "https://cdn0.woolworths.media/content/wowproductimages/medium/661509.jpg",
        "name": "Greens Red Velvet Cupcake Mix 410g",
        "price": 4,
        "special": 3,
        "unitPrice": "$0.73 / 100G"
    },
    {
        "category": "specials",
        "href": "https://www.woolworths.com.au/shop/productdetails/892467/patron-xo-cafe",
        "imgName": "892467.jpg",
        "imgSrc": "https://cdn0.woolworths.media/content/wowproductimages/medium/892467.jpg",
        "name": "Patron Xo Cafe  700ml",
        "price": 83,
        "special": 76
    },
    {
        "category": "specials",
        "href": "https://www.woolworths.com.au/shop/productdetails/503287/garnier-micellar-water-infused-oil",
        "imgName": "503287.jpg",
        "imgSrc": "https://cdn0.woolworths.media/content/wowproductimages/medium/503287.jpg",
        "name": "Garnier Micellar Water Infused Oil  400ml",
        "price": 15,
        "special": 10.5,
        "unitPrice": "$2.63 / 100ML"
    },
    {
        "category": "specials",
        "href": "https://www.woolworths.com.au/shop/productdetails/640067/enjoy-life-choc-chip-chewy-bar",
        "imgName": "640067.jpg",
        "imgSrc": "https://cdn0.woolworths.media/content/wowproductimages/medium/640067.jpg",
        "name": "Enjoy Life Choc Chip Chewy Bar 140g",
        "price": 6,
        "special": 4.5,
        "unitPrice": "$3.21 / 100G"
    },
    {
        "category": "specials",
        "href": "https://www.woolworths.com.au/shop/productdetails/593270/schwarzkopf-live-salon-permanent-3-99-deep-violet",
        "imgName": "593270.jpg",
        "imgSrc": "https://cdn0.woolworths.media/content/wowproductimages/medium/593270.jpg",
        "name": "Schwarzkopf Live Salon Permanent 3-99 Deep Violet each",
        "price": 14,
        "special": 8.4,
        "unitPrice": "$8.40 / 1EA"
    },
    {
        "category": "specials",
        "href": "https://www.woolworths.com.au/shop/productdetails/646703/danone-yopro-yoghurt-plain",
        "imgName": "646703.jpg",
        "imgSrc": "https://cdn0.woolworths.media/content/wowproductimages/medium/646703.jpg",
        "name": "Danone Yopro Yoghurt Plain 160g",
        "price": 2.25,
        "special": 2,
        "unitPrice": "$1.25 / 100G"
    },
    {
        "category": "specials",
        "href": "https://www.woolworths.com.au/shop/productdetails/826735/smiths-share-pack-crinkle-cut-cheese-onion",
        "imgName": "826735.jpg",
        "imgSrc": "https://cdn0.woolworths.media/content/wowproductimages/medium/826735.jpg",
        "name": "Smiths Share Pack Crinkle Cut Cheese & Onion 170g",
        "price": 3.29,
        "special": 2.5,
        "unitPrice": "$1.47 / 100G"
    },
    {
        "category": "specials",
        "href": "https://www.woolworths.com.au/shop/productdetails/793126/banana-boat-spf-50-sunscreen-sport-tube",
        "imgName": "793126.jpg",
        "imgSrc": "https://cdn0.woolworths.media/content/wowproductimages/medium/793126.jpg",
        "name": "Banana Boat Spf 50+ Sunscreen Sport Tube 100g",
        "price": 11,
        "special": 8.8,
        "unitPrice": "$8.80 / 100G"
    },
    {
        "category": "specials",
        "href": "https://www.woolworths.com.au/shop/productdetails/657074/nature-s-gift-sustain-kangaroo-dry-dog-food",
        "imgName": "657074.jpg",
        "imgSrc": "https://cdn0.woolworths.media/content/wowproductimages/medium/657074.jpg",
        "name": "Nature's Gift Sustain Kangaroo Dry Dog Food 2.5kg",
        "price": 13,
        "special": 10,
        "unitPrice": "$0.40 / 100G"
    },
    {
        "category": "specials",
        "href": "https://www.woolworths.com.au/shop/productdetails/633849/four-n-twenty-grass-fed-angus-beef-pepper-pie",
        "imgName": "633849.jpg",
        "imgSrc": "https://cdn0.woolworths.media/content/wowproductimages/medium/633849.jpg",
        "name": "Four'n Twenty? Grass Fed Angus Beef & Pepper Pie 220g",
        "price": 3.3,
        "special": 2.8,
        "unitPrice": "$1.27 / 100G"
    },
    {
        "category": "specials",
        "href": "https://www.woolworths.com.au/shop/productdetails/638693/bulla-watermelon-pineapple-blackcurrant-splits",
        "imgName": "638693.jpg",
        "imgSrc": "https://cdn0.woolworths.media/content/wowproductimages/medium/638693.jpg",
        "name": "Bulla Watermelon Pineapple & Blackcurrant Splits 10pk 750ml",
        "price": 6.8,
        "special": 4.5,
        "unitPrice": "$0.60 / 100ML"
    },
    {
        "category": "specials",
        "href": "https://www.woolworths.com.au/shop/productdetails/574627/on-the-menu-beef-lasagne",
        "imgName": "574627.jpg",
        "imgSrc": "https://cdn0.woolworths.media/content/wowproductimages/medium/574627.jpg",
        "name": "On The Menu Beef Lasagne  2kg",
        "price": 9.49,
        "unitPrice": "$0.47 / 100G"
    },
    {
        "category": "specials",
        "href": "https://www.woolworths.com.au/shop/productdetails/751427/nature-s-gift-treat-liver-mini",
        "imgName": "751427.jpg",
        "imgSrc": "https://cdn0.woolworths.media/content/wowproductimages/medium/751427.jpg",
        "name": "Nature's Gift Treat Liver Mini 290g",
        "price": 3.2,
        "special": 2.5,
        "unitPrice": "$0.86 / 100G"
    },
    {
        "category": "specials",
        "href": "https://www.woolworths.com.au/shop/productdetails/481173/smitten-cat-food-casserole-chicken",
        "imgName": "481173.jpg",
        "imgSrc": "https://cdn0.woolworths.media/content/wowproductimages/medium/481173.jpg",
        "name": "Smitten Cat Food Casserole Chicken 100g",
        "price": 0.6,
        "unitPrice": "$0.60 / 100G"
    },
    {
        "category": "specials",
        "href": "https://www.woolworths.com.au/shop/productdetails/665505/carman-s-almond-super-seed-vanilla-bliss-balls",
        "imgName": "665505.jpg",
        "imgSrc": "https://cdn0.woolworths.media/content/wowproductimages/medium/665505.jpg",
        "name": "Carman's Almond Super Seed Vanilla Bliss Balls 80g",
        "price": 4.5,
        "special": 4,
        "unitPrice": "$5.00 / 100G"
    },
    {
        "category": "specials",
        "href": "https://www.woolworths.com.au/shop/productdetails/829542/grinders-caffitaly-coffee-capsules-crema",
        "imgName": "829542.jpg",
        "imgSrc": "https://cdn0.woolworths.media/content/wowproductimages/medium/829542.jpg",
        "name": "Grinders Caffitaly Coffee Capsules Crema 10pk",
        "price": 5.5,
        "unitPrice": "$0.55 / 1EA"
    },
    {
        "category": "specials",
        "href": "https://www.woolworths.com.au/shop/productdetails/761021/mccain-healthy-choice-butter-chicken-bowl",
        "imgName": "761021.jpg",
        "imgSrc": "https://cdn0.woolworths.media/content/wowproductimages/medium/761021.jpg",
        "name": "Mccain Healthy Choice Butter Chicken Bowl 300g",
        "price": 4,
        "unitPrice": "$1.33 / 100G"
    },
    {
        "category": "specials",
        "href": "https://www.woolworths.com.au/shop/productdetails/245951/gravox-gravy-liquid-traditional",
        "imgName": "245951.jpg",
        "imgSrc": "https://cdn0.woolworths.media/content/wowproductimages/medium/245951.jpg",
        "name": "Gravox Gravy Liquid Traditional 165g",
        "price": 2,
        "unitPrice": "$1.21 / 100G"
    },
    {
        "category": "specials",
        "href": "https://www.woolworths.com.au/shop/productdetails/765854/hovex-vapor-gaurd-moth-killer-clothing",
        "imgName": "765854.jpg",
        "imgSrc": "https://cdn0.woolworths.media/content/wowproductimages/medium/765854.jpg",
        "name": "Hovex Vapor Gaurd Moth Killer Clothing each",
        "price": 6,
        "unitPrice": "$3.00 / 1EA"
    },
    {
        "category": "specials",
        "href": "https://www.woolworths.com.au/shop/productdetails/789985/inspire-peeling-knife",
        "imgName": "789985.jpg",
        "imgSrc": "https://cdn0.woolworths.media/content/wowproductimages/medium/789985.jpg",
        "name": "Inspire Peeling Knife  each",
        "price": 3
    },
    {
        "category": "specials",
        "href": "https://www.woolworths.com.au/shop/productdetails/205450/massel-ultracubes-salt-reduced-vegetable",
        "imgName": "205450.jpg",
        "imgSrc": "https://cdn0.woolworths.media/content/wowproductimages/medium/205450.jpg",
        "name": "Massel Ultracubes Salt Reduced Vegetable 105g",
        "price": 3,
        "special": 2.5,
        "unitPrice": "$0.24 / 10G"
    },
    {
        "category": "specials",
        "href": "https://www.woolworths.com.au/shop/productdetails/365430/miller-chill-lager-bottles",
        "imgName": "365430.jpg",
        "imgSrc": "https://cdn0.woolworths.media/content/wowproductimages/medium/365430.jpg",
        "name": "Miller Chill Lager Bottles 6x330ml pack",
        "price": 20.8,
        "special": 19
    },
    {
        "category": "specials",
        "href": "https://www.woolworths.com.au/shop/productdetails/326012/jack-daniels-tennessee-whiskey-cola-cans-4x6pks",
        "imgName": "326012.jpg",
        "imgSrc": "https://cdn0.woolworths.media/content/wowproductimages/medium/326012.jpg",
        "name": "Jack Daniels Tennessee Whiskey & Cola Cans 4x6pks 24x375ml",
        "price": 96,
        "special": 86
    },
    {
        "category": "specials",
        "href": "https://www.woolworths.com.au/shop/productdetails/603311/bonds-wonderbodies",
        "imgName": "603311.jpg",
        "imgSrc": "https://cdn0.woolworths.media/content/wowproductimages/medium/603311.jpg",
        "name": "Bonds Wonderbodies  each",
        "price": 20,
        "special": 12
    },
    {
        "category": "specials",
        "href": "https://www.woolworths.com.au/shop/productdetails/777640/golden-circle-puree-banana-berry-blast",
        "imgName": "777640.jpg",
        "imgSrc": "https://cdn0.woolworths.media/content/wowproductimages/medium/777640.jpg",
        "name": "Golden Circle Puree Banana Berry Blast 120g",
        "price": 1.5,
        "unitPrice": "$12.50 / 1KG"
    },
    {
        "category": "specials",
        "href": "https://www.woolworths.com.au/shop/productdetails/641895/blackmores-fish-oil-1000-capsules",
        "imgName": "641895.jpg",
        "imgSrc": "https://cdn0.woolworths.media/content/wowproductimages/medium/641895.jpg",
        "name": "Blackmores Fish Oil 1000 Capsules 100pk",
        "price": 10,
        "unitPrice": "$10.00 / 100EA"
    },
    {
        "category": "specials",
        "href": "https://www.woolworths.com.au/shop/productdetails/376569/espolon-tequila-repsado",
        "imgName": "376569.jpg",
        "imgSrc": "https://cdn0.woolworths.media/content/wowproductimages/medium/376569.jpg",
        "name": "Espolon Tequila Repsado 700ml",
        "price": 57,
        "special": 47
    },
    {
        "category": "specials",
        "href": "https://www.woolworths.com.au/shop/productdetails/559267/woolworths-english-breakfast-tea",
        "imgName": "559267.jpg",
        "imgSrc": "https://cdn0.woolworths.media/content/wowproductimages/medium/559267.jpg",
        "name": "Woolworths English Breakfast Tea 50pk",
        "price": 2.2,
        "unitPrice": "$2.20 / 100G"
    },
    {
        "category": "specials",
        "href": "https://www.woolworths.com.au/shop/productdetails/337238/pot-noodles-chicken-mushroom",
        "imgName": "337238.jpg",
        "imgSrc": "https://cdn0.woolworths.media/content/wowproductimages/medium/337238.jpg",
        "name": "Pot Noodles Chicken & Mushroom 94g",
        "price": 3.95,
        "special": 3.25,
        "unitPrice": "$3.61 / 100G"
    },
    {
        "category": "specials",
        "href": "https://www.woolworths.com.au/shop/productdetails/65583/heineken-premium-lager-stubbies",
        "imgName": "065583.jpg",
        "imgSrc": "https://cdn0.woolworths.media/content/wowproductimages/medium/065583.jpg",
        "name": "Heineken Premium Lager Stubbies 24x330ml case",
        "price": 56,
        "special": 52
    },
    {
        "category": "specials",
        "href": "https://www.woolworths.com.au/shop/productdetails/167140/lean-cuisine-bowl-chicken-satay-noodles-chicken-satay-noodles",
        "imgName": "167140.jpg",
        "imgSrc": "https://cdn0.woolworths.media/content/wowproductimages/medium/167140.jpg",
        "name": "Lean Cuisine Bowl Chicken Satay Noodles Chicken Satay Noodles 300g",
        "price": 5.7,
        "special": 5,
        "unitPrice": "$1.67 / 100G"
    },
    {
        "category": "specials",
        "href": "https://www.woolworths.com.au/shop/productdetails/52862/veet-hair-removal-cream-normal",
        "imgName": "052862.jpg",
        "imgSrc": "https://cdn0.woolworths.media/content/wowproductimages/medium/052862.jpg",
        "name": "Veet Hair Removal Cream Normal 100g",
        "price": 7,
        "unitPrice": "$7.00 / 100G"
    },
    {
        "category": "specials",
        "href": "https://www.woolworths.com.au/shop/productdetails/660995/arkadia-salted-caramel-diy-ice-cream",
        "imgName": "660995.jpg",
        "imgSrc": "https://cdn0.woolworths.media/content/wowproductimages/medium/660995.jpg",
        "name": "Arkadia Salted Caramel Diy Ice Cream 170g",
        "price": 6,
        "special": 4,
        "unitPrice": "$1.18 / 100G"
    },
    {
        "category": "specials",
        "href": "https://www.woolworths.com.au/shop/productdetails/635320/sealord-gluten-free-hoki-bites",
        "imgName": "635320.jpg",
        "imgSrc": "https://cdn0.woolworths.media/content/wowproductimages/medium/635320.jpg",
        "name": "Sealord Gluten Free Hoki Bites 350g",
        "price": 8.8,
        "special": 7.8,
        "unitPrice": "$2.23 / 100G"
    },
    {
        "category": "specials",
        "href": "https://www.woolworths.com.au/shop/productdetails/663178/farmers-union-greek-style-yoghurt-pouch-hint-of-real-honey",
        "imgName": "663178.jpg",
        "imgSrc": "https://cdn0.woolworths.media/content/wowproductimages/medium/663178.jpg",
        "name": "Farmers Union Greek Style Yoghurt Pouch Hint Of Real Honey 130g",
        "price": 2.25,
        "special": 1.5,
        "unitPrice": "$1.15 / 100G"
    },
    {
        "category": "specials",
        "href": "https://www.woolworths.com.au/shop/productdetails/634834/decor-match-ups-glass-round",
        "imgName": "634834.jpg",
        "imgSrc": "https://cdn0.woolworths.media/content/wowproductimages/medium/634834.jpg",
        "name": "Decor Match-ups Glass Round 1.5l",
        "price": 14.99,
        "special": 7.49
    },
    {
        "category": "specials",
        "href": "https://www.woolworths.com.au/shop/productdetails/655109/jack-daniels-tennessee-whiskey-cola-bottles-6x4pks",
        "imgName": "655109.jpg",
        "imgSrc": "https://cdn0.woolworths.media/content/wowproductimages/medium/655109.jpg",
        "name": "Jack Daniels Tennessee Whiskey & Cola Bottles 6x4pks 24x330ml",
        "price": 96,
        "special": 86
    },
    {
        "category": "specials",
        "href": "https://www.woolworths.com.au/shop/productdetails/634320/woolworths-berry-white-choc-oat-slices",
        "imgName": "634320.jpg",
        "imgSrc": "https://cdn0.woolworths.media/content/wowproductimages/medium/634320.jpg",
        "name": "Woolworths Berry & White Choc Oat Slices 480g",
        "price": 6,
        "unitPrice": "$1.25 / 100G"
    },
    {
        "category": "specials",
        "href": "https://www.woolworths.com.au/shop/productdetails/345861/golden-circle-peas-green",
        "imgName": "345861.jpg",
        "imgSrc": "https://cdn0.woolworths.media/content/wowproductimages/medium/345861.jpg",
        "name": "Golden Circle Peas Green 410g",
        "price": 1.85,
        "special": 1.5,
        "unitPrice": "$3.66 / 1KG"
    },
    {
        "category": "specials",
        "href": "https://www.woolworths.com.au/shop/productdetails/251822/woolworths-blueberries-in-syrup",
        "imgName": "251822.jpg",
        "imgSrc": "https://cdn0.woolworths.media/content/wowproductimages/medium/251822.jpg",
        "name": "Woolworths Blueberries In Syrup 415g",
        "price": 3.8,
        "unitPrice": "$9.16 / 1KG"
    },
    {
        "category": "specials",
        "href": "https://www.woolworths.com.au/shop/productdetails/476715/mud-cosmetics-lip-defining-pencil-nude-interlude",
        "imgName": "476715.jpg",
        "imgSrc": "https://cdn0.woolworths.media/content/wowproductimages/medium/476715.jpg",
        "name": "Mud Cosmetics Lip Defining Pencil Nude Interlude 112",
        "price": 5.5,
        "unitPrice": "$5.50 / 1EA"
    },
    {
        "category": "specials",
        "href": "https://www.woolworths.com.au/shop/productdetails/427916/nestle-milo-protein-clusters",
        "imgName": "427916.jpg",
        "imgSrc": "https://cdn0.woolworths.media/content/wowproductimages/medium/427916.jpg",
        "name": "Nestle Milo Protein Clusters 45g",
        "price": 1.3,
        "unitPrice": "$2.89 / 100G"
    },
    {
        "category": "specials",
        "href": "https://www.woolworths.com.au/shop/productdetails/829814/woolworths-select-haloumi",
        "imgName": "829814.jpg",
        "imgSrc": "https://cdn0.woolworths.media/content/wowproductimages/medium/829814.jpg",
        "name": "Woolworths Select Haloumi  180g",
        "price": 3.5,
        "unitPrice": "$19.44 / 1KG"
    },
    {
        "category": "specials",
        "href": "https://www.woolworths.com.au/shop/productdetails/248084/woolworths-select-australian-extra-virgin-olive-oil",
        "imgName": "248084.jpg",
        "imgSrc": "https://cdn0.woolworths.media/content/wowproductimages/medium/248084.jpg",
        "name": "Woolworths Select Australian Extra Virgin Olive Oil 500ml",
        "price": 5,
        "unitPrice": "$1.00 / 100ML"
    },
    {
        "category": "specials",
        "href": "https://www.woolworths.com.au/shop/productdetails/619807/always-fresh-bruschetta-relish",
        "imgName": "619807.jpg",
        "imgSrc": "https://cdn0.woolworths.media/content/wowproductimages/medium/619807.jpg",
        "name": "Always Fresh Bruschetta Relish  230g",
        "price": 4.5,
        "special": 4,
        "unitPrice": "$1.74 / 100G"
    },
    {
        "category": "specials",
        "href": "https://www.woolworths.com.au/shop/productdetails/544765/primo-pepperoni-salami-hot",
        "imgName": "544765.jpg",
        "imgSrc": "https://cdn0.woolworths.media/content/wowproductimages/medium/544765.jpg",
        "name": "Primo Pepperoni Salami Hot 80g",
        "price": 3,
        "unitPrice": "$37.50 / 1KG"
    },
    {
        "category": "specials",
        "href": "https://www.woolworths.com.au/shop/productdetails/856183/bounty-frozen-bars",
        "imgName": "856183.jpg",
        "imgSrc": "https://cdn0.woolworths.media/content/wowproductimages/medium/856183.jpg",
        "name": "Bounty Frozen Bars  6pk 300ml",
        "price": 8,
        "special": 5,
        "unitPrice": "$1.66 / 100ML"
    },
    {
        "category": "specials",
        "href": "https://www.woolworths.com.au/shop/productdetails/474591/woolworths-ricotta-cheese",
        "imgName": "474591.jpg",
        "imgSrc": "https://cdn0.woolworths.media/content/wowproductimages/medium/474591.jpg",
        "name": "Woolworths Ricotta Cheese  375g",
        "price": 3,
        "unitPrice": "$8.00 / 1KG"
    },
    {
        "category": "specials",
        "href": "https://www.woolworths.com.au/shop/productdetails/744054/amoy-sauce-oyster",
        "imgName": "744054.jpg",
        "imgSrc": "https://cdn0.woolworths.media/content/wowproductimages/medium/744054.jpg",
        "name": "Amoy Sauce Oyster 555g",
        "price": 4,
        "special": 3.6,
        "unitPrice": "$0.65 / 100G"
    },
    {
        "category": "specials",
        "href": "https://www.woolworths.com.au/shop/productdetails/23089/nobbys-nuts-beer-nuts",
        "imgName": "023089.jpg",
        "imgSrc": "https://cdn0.woolworths.media/content/wowproductimages/medium/023089.jpg",
        "name": "Nobbys Nuts Beer Nuts  375g",
        "price": 3.35,
        "special": 3,
        "unitPrice": "$8.00 / 1KG"
    },
    {
        "category": "specials",
        "href": "https://www.woolworths.com.au/shop/productdetails/528238/strike-cleaner-glass-trigger",
        "imgName": "528238.jpg",
        "imgSrc": "https://cdn0.woolworths.media/content/wowproductimages/medium/528238.jpg",
        "name": "Strike Cleaner Glass Trigger  600ml",
        "price": 1.4,
        "unitPrice": "$0.23 / 100ML"
    },
    {
        "category": "specials",
        "href": "https://www.woolworths.com.au/shop/productdetails/766201/asiana-asian-vegetable-samosas",
        "imgName": "766201.jpg",
        "imgSrc": "https://cdn0.woolworths.media/content/wowproductimages/medium/766201.jpg",
        "name": "Asiana Asian Vegetable Samosas 180g",
        "price": 2.5,
        "unitPrice": "$1.39 / 100G"
    },
    {
        "category": "specials",
        "href": "https://www.woolworths.com.au/shop/productdetails/659504/first-response-digital-pregnancy-test",
        "imgName": "659504.jpg",
        "imgSrc": "https://cdn0.woolworths.media/content/wowproductimages/medium/659504.jpg",
        "name": "First Response Digital Pregnancy Test 2pk",
        "price": 23,
        "special": 20,
        "unitPrice": "$10.00 / 1EA"
    },
    {
        "category": "specials",
        "href": "https://www.woolworths.com.au/shop/productdetails/317226/woolworths-hazelnut-chocolate-block",
        "imgName": "317226.jpg",
        "imgSrc": "https://cdn0.woolworths.media/content/wowproductimages/medium/317226.jpg",
        "name": "Woolworths Hazelnut Chocolate Block 200g",
        "price": 2.5,
        "unitPrice": "$1.25 / 100G"
    },
    {
        "category": "specials",
        "href": "https://www.woolworths.com.au/shop/productdetails/583614/john-frieda-sheer-blond-shampoo-brilliantly-brighter",
        "imgName": "583614.jpg",
        "imgSrc": "https://cdn0.woolworths.media/content/wowproductimages/medium/583614.jpg",
        "name": "John Frieda Sheer Blond Shampoo Brilliantly Brighter 250ml",
        "price": 18,
        "special": 10.8,
        "unitPrice": "$4.32 / 100ML"
    },
    {
        "category": "specials",
        "href": "https://www.woolworths.com.au/shop/productdetails/631302/woolworths-savoury-nut-mix",
        "imgName": "631302.jpg",
        "imgSrc": "https://cdn0.woolworths.media/content/wowproductimages/medium/631302.jpg",
        "name": "Woolworths Savoury Nut Mix 650g",
        "price": 8,
        "unitPrice": "$12.31 / 1KG"
    },
    {
        "category": "specials",
        "href": "https://www.woolworths.com.au/shop/productdetails/505883/balnea-liquid-hand-wash-anti-bac-original-refill",
        "imgName": "505883.jpg",
        "imgSrc": "https://cdn0.woolworths.media/content/wowproductimages/medium/505883.jpg",
        "name": "Balnea Liquid Hand Wash Anti-bac Original Refill 750ml",
        "price": 2.5,
        "unitPrice": "$0.33 / 100ML"
    },
    {
        "category": "specials",
        "href": "https://www.woolworths.com.au/shop/productdetails/36976/don-ham-leg-double-smoked-shaved",
        "imgName": "036976.jpg",
        "imgSrc": "https://cdn0.woolworths.media/content/wowproductimages/medium/036976.jpg",
        "name": "Don Ham Leg Double Smoked Shaved 250g",
        "price": 4.8,
        "unitPrice": "$19.20 / 1KG"
    },
    {
        "category": "specials",
        "href": "https://www.woolworths.com.au/shop/productdetails/506143/jinzu-gin",
        "imgName": "506143.jpg",
        "imgSrc": "https://cdn0.woolworths.media/content/wowproductimages/medium/506143.jpg",
        "name": "Jinzu Gin  700ml",
        "price": 65,
        "special": 55
    },
    {
        "category": "specials",
        "href": "https://www.woolworths.com.au/shop/productdetails/957112/moki-kids-safe-headphones-blue-red",
        "imgName": "957112.jpg",
        "imgSrc": "https://cdn0.woolworths.media/content/wowproductimages/medium/957112.jpg",
        "name": "Moki Kids Safe Headphones Blue/red each",
        "price": 29.99,
        "special": 23.99
    },
    {
        "category": "specials",
        "href": "https://www.woolworths.com.au/shop/productdetails/758300/kan-tong-stir-fry-sauce-beef-black-bean",
        "imgName": "758300.jpg",
        "imgSrc": "https://cdn0.woolworths.media/content/wowproductimages/medium/758300.jpg",
        "name": "Kan Tong Stir Fry Sauce Beef & Black Bean 510g",
        "price": 3.29,
        "unitPrice": "$0.65 / 100G"
    },
    {
        "category": "specials",
        "href": "https://www.woolworths.com.au/shop/productdetails/576177/king-of-shaves-2-in-1-shave-cream-moisturisers",
        "imgName": "576177.jpg",
        "imgSrc": "https://cdn0.woolworths.media/content/wowproductimages/medium/576177.jpg",
        "name": "King Of Shaves 2 In 1 Shave Cream & Moisturisers 150ml",
        "price": 10,
        "special": 7,
        "unitPrice": "$4.67 / 100ML"
    },
    {
        "category": "specials",
        "href": "https://www.woolworths.com.au/shop/productdetails/791364/kraft-cheese-singles-original",
        "imgName": "791364.jpg",
        "imgSrc": "https://cdn0.woolworths.media/content/wowproductimages/medium/791364.jpg",
        "name": "Kraft Cheese Singles Original 24pk 432g",
        "price": 6.45,
        "special": 5,
        "unitPrice": "$11.57 / 1KG"
    },
    {
        "category": "specials",
        "href": "https://www.woolworths.com.au/shop/productdetails/544206/annabel-karmel-mummy-s-favourite-fish-pie",
        "imgName": "544206.jpg",
        "imgSrc": "https://cdn0.woolworths.media/content/wowproductimages/medium/544206.jpg",
        "name": "Annabel Karmel Mummy's Favourite Fish Pie 200g",
        "price": 4,
        "special": 3,
        "unitPrice": "$1.50 / 100G"
    },
    {
        "category": "specials",
        "href": "https://www.woolworths.com.au/shop/productdetails/336799/heinz-chicken-shredded-mustard-mayo",
        "imgName": "336799.jpg",
        "imgSrc": "https://cdn0.woolworths.media/content/wowproductimages/medium/336799.jpg",
        "name": "Heinz Chicken Shredded Mustard Mayo 85g",
        "price": 1.5,
        "unitPrice": "$17.65 / 1KG"
    },
    {
        "category": "specials",
        "href": "https://www.woolworths.com.au/shop/productdetails/505186/bulla-greek-frozen-yoghurt-boysenberry-classic-cones",
        "imgName": "505186.jpg",
        "imgSrc": "https://cdn0.woolworths.media/content/wowproductimages/medium/505186.jpg",
        "name": "Bulla Greek Frozen Yoghurt Boysenberry Classic Cones 4pk 475ml",
        "price": 6,
        "special": 5,
        "unitPrice": "$1.67 / 100G"
    },
    {
        "category": "specials",
        "href": "https://www.woolworths.com.au/shop/productdetails/54372/continental-recipe-base-rich-beefy-mince",
        "imgName": "054372.jpg",
        "imgSrc": "https://cdn0.woolworths.media/content/wowproductimages/medium/054372.jpg",
        "name": "Continental Recipe Base Rich Beefy Mince 50g",
        "price": 1.6,
        "unitPrice": "$3.20 / 100G"
    },
    {
        "category": "specials",
        "href": "https://www.woolworths.com.au/shop/productdetails/480284/baxter-s-dog-food-senior-cass-beef-pasta-vege",
        "imgName": "480284.jpg",
        "imgSrc": "https://cdn0.woolworths.media/content/wowproductimages/medium/480284.jpg",
        "name": "Baxter's Dog Food Senior Cass Beef, Pasta & Vege 700g",
        "price": 1.5,
        "unitPrice": "$0.21 / 100G"
    },
    {
        "category": "specials",
        "href": "https://www.woolworths.com.au/shop/productdetails/547136/bulla-sour-cream-light",
        "imgName": "547136.jpg",
        "imgSrc": "https://cdn0.woolworths.media/content/wowproductimages/medium/547136.jpg",
        "name": "Bulla Sour Cream Light 400ml",
        "price": 3.75,
        "unitPrice": "$0.94 / 100ML"
    },
    {
        "category": "specials",
        "href": "https://www.woolworths.com.au/shop/productdetails/608953/my-life-bio-buttery-spread",
        "imgName": "608953.jpg",
        "imgSrc": "https://cdn0.woolworths.media/content/wowproductimages/medium/608953.jpg",
        "name": "My Life Bio Buttery Spread 300g",
        "price": 6,
        "special": 3,
        "unitPrice": "$10.00 / 1KG"
    },
    {
        "category": "specials",
        "href": "https://www.woolworths.com.au/shop/productdetails/19742/caffe-aurora-italian-ground-coffee-italian-style",
        "imgName": "019742.jpg",
        "imgSrc": "https://cdn0.woolworths.media/content/wowproductimages/medium/019742.jpg",
        "name": "Caffe Aurora Italian Ground Coffee Italian Style 250g",
        "price": 5,
        "unitPrice": "$2.00 / 100G"
    },
    {
        "category": "specials",
        "href": "https://www.woolworths.com.au/shop/productdetails/634101/woolworths-muesli-bars-yoghurt-strawberry",
        "imgName": "634101.jpg",
        "imgSrc": "https://cdn0.woolworths.media/content/wowproductimages/medium/634101.jpg",
        "name": "Woolworths Muesli Bars Yoghurt & Strawberry 248g 8pk",
        "price": 1.9,
        "unitPrice": "$0.77 / 100G"
    },
    {
        "category": "specials",
        "href": "https://www.woolworths.com.au/shop/productdetails/662229/mcvities-rich-tea",
        "imgName": "662229.jpg",
        "imgSrc": "https://cdn0.woolworths.media/content/wowproductimages/medium/662229.jpg",
        "name": "Mcvities Rich Tea  300g",
        "price": 3,
        "special": 2,
        "unitPrice": "$0.67 / 100G"
    },
    {
        "category": "specials",
        "href": "https://www.woolworths.com.au/shop/productdetails/603805/l-or-espresso-onyx-coffee-capsule",
        "imgName": "603805.jpg",
        "imgSrc": "https://cdn0.woolworths.media/content/wowproductimages/medium/603805.jpg",
        "name": "L'or Espresso Onyx Coffee Capsule 10pk 52g",
        "price": 6,
        "special": 4,
        "unitPrice": "$7.69 / 100G"
    },
    {
        "category": "specials",
        "href": "https://www.woolworths.com.au/shop/productdetails/528147/woolworths-ice-cream-creme-brulee",
        "imgName": "528147.jpg",
        "imgSrc": "https://cdn0.woolworths.media/content/wowproductimages/medium/528147.jpg",
        "name": "Woolworths Ice Cream Creme Brulee 1l",
        "price": 4.7,
        "unitPrice": "$0.47 / 100ML"
    },
    {
        "category": "specials",
        "href": "https://www.woolworths.com.au/shop/productdetails/327942/aeroplane-jelly-original-pure-grape",
        "imgName": "327942.jpg",
        "imgSrc": "https://cdn0.woolworths.media/content/wowproductimages/medium/327942.jpg",
        "name": "Aeroplane Jelly Original Pure Grape 85g",
        "price": 1.15,
        "unitPrice": "$1.35 / 100G"
    },
    {
        "category": "specials",
        "href": "https://www.woolworths.com.au/shop/productdetails/35742/san-remo-penne-pasta-no-18",
        "imgName": "035742.jpg",
        "imgSrc": "https://cdn0.woolworths.media/content/wowproductimages/medium/035742.jpg",
        "name": "San Remo Penne Pasta No 18 500g",
        "price": 1.95,
        "unitPrice": "$0.39 / 100G"
    },
    {
        "category": "specials",
        "href": "https://www.woolworths.com.au/shop/productdetails/434016/heinz-soup-white-bean-leek-chicken-basil",
        "imgName": "434016.jpg",
        "imgSrc": "https://cdn0.woolworths.media/content/wowproductimages/medium/434016.jpg",
        "name": "Heinz Soup White Bean Leek Chicken Basil 300g",
        "price": 2,
        "unitPrice": "$0.67 / 100G"
    },
    {
        "category": "specials",
        "href": "https://www.woolworths.com.au/shop/productdetails/441597/finish-powerball-max-in-1-tablets-lemon-sparkle",
        "imgName": "441597.jpg",
        "imgSrc": "https://cdn0.woolworths.media/content/wowproductimages/medium/441597.jpg",
        "name": "Finish Powerball Max In 1 Tablets Lemon Sparkle 72pk",
        "price": 29,
        "unitPrice": "$0.40 / 1EA"
    },
    {
        "category": "specials",
        "href": "https://www.woolworths.com.au/shop/productdetails/633629/iddy-biddy-fruit-snacks-assorted-flavours",
        "imgName": "633629.jpg",
        "imgSrc": "https://cdn0.woolworths.media/content/wowproductimages/medium/633629.jpg",
        "name": "Iddy Biddy Fruit Snacks Assorted Flavours 160g 8pk",
        "price": 4,
        "special": 3,
        "unitPrice": "$1.88 / 100G"
    },
    {
        "category": "specials",
        "href": "https://www.woolworths.com.au/shop/productdetails/624768/heinz-spaghetti-tomato-cheesy-sauce",
        "imgName": "624768.jpg",
        "imgSrc": "https://cdn0.woolworths.media/content/wowproductimages/medium/624768.jpg",
        "name": "Heinz Spaghetti Tomato Cheesy Sauce 300g",
        "price": 2,
        "special": 1.5,
        "unitPrice": "$0.50 / 100G"
    },
    {
        "category": "specials",
        "href": "https://www.woolworths.com.au/shop/productdetails/142553/paradise-plain-malt-biscuits",
        "imgName": "142553.jpg",
        "imgSrc": "https://cdn0.woolworths.media/content/wowproductimages/medium/142553.jpg",
        "name": "Paradise Plain Malt Biscuits 200g",
        "price": 1.5,
        "unitPrice": "$0.75 / 100G"
    },
    {
        "category": "specials",
        "href": "https://www.woolworths.com.au/shop/productdetails/714457/twinings-australian-afternoon-tea-bags",
        "imgName": "714457.jpg",
        "imgSrc": "https://cdn0.woolworths.media/content/wowproductimages/medium/714457.jpg",
        "name": "Twinings Australian Afternoon Tea Bags 100pk 200g",
        "price": 11,
        "special": 7,
        "unitPrice": "$3.50 / 100G"
    },
    {
        "category": "specials",
        "href": "https://www.woolworths.com.au/shop/productdetails/740316/moosehead-hair-wax-hard-core",
        "imgName": "740316.jpg",
        "imgSrc": "https://cdn0.woolworths.media/content/wowproductimages/medium/740316.jpg",
        "name": "Moosehead Hair Wax Hard Core 100g",
        "price": 9,
        "unitPrice": "$9.00 / 100G"
    },
    {
        "category": "specials",
        "href": "https://www.woolworths.com.au/shop/productdetails/648161/crayola-washable-fingerpaints",
        "imgName": "648161.jpg",
        "imgSrc": "https://cdn0.woolworths.media/content/wowproductimages/medium/648161.jpg",
        "name": "Crayola Washable Fingerpaints  3pk",
        "price": 12,
        "special": 9.6
    },
    {
        "category": "specials",
        "href": "https://www.woolworths.com.au/shop/productdetails/46808/arnott-s-scotch-finger-chocolate-coated-biscuits",
        "imgName": "046808.jpg",
        "imgSrc": "https://cdn0.woolworths.media/content/wowproductimages/medium/046808.jpg",
        "name": "Arnott's Scotch Finger Chocolate Coated Biscuits 250g",
        "price": 2.5,
        "unitPrice": "$1.00 / 100G"
    },
    {
        "category": "specials",
        "href": "https://www.woolworths.com.au/shop/productdetails/631303/woolworths-spicy-bbq-pub-mix",
        "imgName": "631303.jpg",
        "imgSrc": "https://cdn0.woolworths.media/content/wowproductimages/medium/631303.jpg",
        "name": "Woolworths Spicy Bbq Pub Mix 620g",
        "price": 8,
        "unitPrice": "$12.90 / 1KG"
    },
    {
        "category": "specials",
        "href": "https://www.woolworths.com.au/shop/productdetails/609093/arnotts-scotch-finger-choc-chip",
        "imgName": "609093.jpg",
        "imgSrc": "https://cdn0.woolworths.media/content/wowproductimages/medium/609093.jpg",
        "name": "Arnotts Scotch Finger Choc Chip 232g",
        "price": 2.8,
        "special": 2,
        "unitPrice": "$0.86 / 100G"
    },
    {
        "category": "specials",
        "href": "https://www.woolworths.com.au/shop/productdetails/754074/woolworths-select-aluminium-foil",
        "imgName": "754074.jpg",
        "imgSrc": "https://cdn0.woolworths.media/content/wowproductimages/medium/754074.jpg",
        "name": "Woolworths Select Aluminium Foil  30cmx150m",
        "price": 16.95,
        "special": 12.95,
        "unitPrice": "$0.09 / 1M"
    },
    {
        "category": "specials",
        "href": "https://www.woolworths.com.au/shop/productdetails/474631/darn-tough-steel-cap-boot-socks-black-grey",
        "imgName": "474631.jpg",
        "imgSrc": "https://cdn0.woolworths.media/content/wowproductimages/medium/474631.jpg",
        "name": "Darn Tough Steel Cap Boot Socks Black/grey 2pk",
        "price": 7.95,
        "special": 5.56
    },
    {
        "category": "specials",
        "href": "https://www.woolworths.com.au/shop/productdetails/935878/skyn-elite-condoms",
        "imgName": "935878.jpg",
        "imgSrc": "https://cdn0.woolworths.media/content/wowproductimages/medium/935878.jpg",
        "name": "Skyn Elite Condoms  6pk",
        "price": 7,
        "special": 6,
        "unitPrice": "$1.00 / 1EA"
    },
    {
        "category": "specials",
        "href": "https://www.woolworths.com.au/shop/productdetails/635574/bulla-creamy-classics-frozen-caramel-custard",
        "imgName": "635574.jpg",
        "imgSrc": "https://cdn0.woolworths.media/content/wowproductimages/medium/635574.jpg",
        "name": "Bulla Creamy Classics Frozen Caramel Custard 1l",
        "price": 8,
        "special": 4,
        "unitPrice": "$0.40 / 100ML"
    },
    {
        "category": "specials",
        "href": "https://www.woolworths.com.au/shop/productdetails/633988/rafferty-s-garden-my-first-pear-4-months",
        "imgName": "633988.jpg",
        "imgSrc": "https://cdn0.woolworths.media/content/wowproductimages/medium/633988.jpg",
        "name": "Rafferty's Garden My First Pear 4+months 120g",
        "price": 1.65,
        "unitPrice": "$1.38 / 100G"
    },
    {
        "category": "specials",
        "href": "https://www.woolworths.com.au/shop/productdetails/575575/woolworths-italian-style-meatballs",
        "imgName": "575575.jpg",
        "imgSrc": "https://cdn0.woolworths.media/content/wowproductimages/medium/575575.jpg",
        "name": "Woolworths Italian Style Meatballs 288g",
        "price": 5,
        "special": 4,
        "unitPrice": "$1.39 / 100G"
    },
    {
        "category": "specials",
        "href": "https://www.woolworths.com.au/shop/productdetails/861401/ob-finest-wafer-crackers-black-pepper",
        "imgName": "861401.jpg",
        "imgSrc": "https://cdn0.woolworths.media/content/wowproductimages/medium/861401.jpg",
        "name": "Ob Finest Wafer Crackers Black Pepper 100g",
        "price": 3,
        "unitPrice": "$3.00 / 100G"
    },
    {
        "category": "specials",
        "href": "https://www.woolworths.com.au/shop/productdetails/409977/skin-republic-collagen-hydro-under-eye-patch",
        "imgName": "409977.jpg",
        "imgSrc": "https://cdn0.woolworths.media/content/wowproductimages/medium/409977.jpg",
        "name": "Skin Republic Collagen Hydro Under Eye Patch each",
        "price": 10,
        "special": 8
    },
    {
        "category": "specials",
        "href": "https://www.woolworths.com.au/shop/productdetails/638707/flinders-estate-wash-rind",
        "imgName": "638707.jpg",
        "imgSrc": "https://cdn0.woolworths.media/content/wowproductimages/medium/638707.jpg",
        "name": "Flinders Estate Wash Rind  125g",
        "price": 6,
        "special": 4.7,
        "unitPrice": "$37.60 / 1KG"
    },
    {
        "category": "specials",
        "href": "https://www.woolworths.com.au/shop/productdetails/868629/mud-liquid-foundation-004-new-tan",
        "imgName": "868629.jpg",
        "imgSrc": "https://cdn0.woolworths.media/content/wowproductimages/medium/868629.jpg",
        "name": "Mud Liquid Foundation 004 New Tan 30ml",
        "price": 5.5,
        "unitPrice": "$1.83 / 10ML"
    },
    {
        "category": "specials",
        "href": "https://www.woolworths.com.au/shop/productdetails/577474/sharwoods-sides-chickpea-sabji",
        "imgName": "577474.jpg",
        "imgSrc": "https://cdn0.woolworths.media/content/wowproductimages/medium/577474.jpg",
        "name": "Sharwoods Sides Chickpea Sabji 250g",
        "price": 2.79,
        "special": 2,
        "unitPrice": "$0.80 / 100G"
    },
    {
        "category": "specials",
        "href": "https://www.woolworths.com.au/shop/productdetails/796453/chivas-regal-whisky-extra-blended-scotch-whisky",
        "imgName": "796453.jpg",
        "imgSrc": "https://cdn0.woolworths.media/content/wowproductimages/medium/796453.jpg",
        "name": "Chivas Regal Whisky Extra Blended Scotch Whisky 700ml",
        "price": 75,
        "special": 53
    },
    {
        "category": "specials",
        "href": "https://www.woolworths.com.au/shop/productdetails/579156/curash-water-wipes",
        "imgName": "579156.jpg",
        "imgSrc": "https://cdn0.woolworths.media/content/wowproductimages/medium/579156.jpg",
        "name": "Curash Water Wipes  3x80pk",
        "price": 15,
        "special": 12,
        "unitPrice": "$5.00 / 100EA"
    },
    {
        "category": "specials",
        "href": "https://www.woolworths.com.au/shop/productdetails/582748/darell-lea-bb-s-coconut-rough",
        "imgName": "582748.jpg",
        "imgSrc": "https://cdn0.woolworths.media/content/wowproductimages/medium/582748.jpg",
        "name": "Darell Lea Bb's Coconut Rough  180g",
        "price": 3.9,
        "special": 3.3,
        "unitPrice": "$1.83 / 100G"
    },
    {
        "category": "specials",
        "href": "https://www.woolworths.com.au/shop/productdetails/753970/garnier-olia-6-0-light-brown",
        "imgName": "753970.jpg",
        "imgSrc": "https://cdn0.woolworths.media/content/wowproductimages/medium/753970.jpg",
        "name": "Garnier Olia 6.0 Light Brown 1pk",
        "price": 17,
        "special": 12
    },
    {
        "category": "specials",
        "href": "https://www.woolworths.com.au/shop/productdetails/650295/armor-all-wash-wax-wipes",
        "imgName": "650295.jpg",
        "imgSrc": "https://cdn0.woolworths.media/content/wowproductimages/medium/650295.jpg",
        "name": "Armor All Wash & Wax Wipes  12 pk",
        "price": 12,
        "special": 9.6,
        "unitPrice": "$0.80 / 1EA"
    },
    {
        "category": "specials",
        "href": "https://www.woolworths.com.au/shop/productdetails/840269/sealord-hoki-fillets-tempura-batter",
        "imgName": "840269.jpg",
        "imgSrc": "https://cdn0.woolworths.media/content/wowproductimages/medium/840269.jpg",
        "name": "Sealord Hoki Fillets Tempura Batter 390g",
        "price": 8.79,
        "special": 7,
        "unitPrice": "$17.95 / 1KG"
    },
    {
        "category": "specials",
        "href": "https://www.woolworths.com.au/shop/productdetails/763593/woolworths-select-mini-ice-cream-sticks-almond",
        "imgName": "763593.jpg",
        "imgSrc": "https://cdn0.woolworths.media/content/wowproductimages/medium/763593.jpg",
        "name": "Woolworths Select Mini Ice Cream Sticks Almond 6pk 360ml",
        "price": 4,
        "unitPrice": "$1.11 / 100ML"
    },
    {
        "category": "specials",
        "href": "https://www.woolworths.com.au/shop/productdetails/559257/mud-gel-nail-colour-sandstone",
        "imgName": "559257.jpg",
        "imgSrc": "https://cdn0.woolworths.media/content/wowproductimages/medium/559257.jpg",
        "name": "Mud Gel Nail Colour Sandstone 13ml",
        "price": 3,
        "unitPrice": "$2.31 / 10ML"
    },
    {
        "category": "specials",
        "href": "https://www.woolworths.com.au/shop/productdetails/646685/danone-yopro-yoghurt-mango",
        "imgName": "646685.jpg",
        "imgSrc": "https://cdn0.woolworths.media/content/wowproductimages/medium/646685.jpg",
        "name": "Danone Yopro Yoghurt Mango 160g",
        "price": 2.25,
        "special": 2,
        "unitPrice": "$1.25 / 100G"
    },
    {
        "category": "specials",
        "href": "https://www.woolworths.com.au/shop/productdetails/187766/spc-spaghetti-tomato-reduced-salt",
        "imgName": "187766.jpg",
        "imgSrc": "https://cdn0.woolworths.media/content/wowproductimages/medium/187766.jpg",
        "name": "Spc Spaghetti Tomato Reduced Salt 420g",
        "price": 1.15,
        "special": 1,
        "unitPrice": "$0.24 / 100G"
    },
    {
        "category": "specials",
        "href": "https://www.woolworths.com.au/shop/productdetails/886763/woolworths-delicious-nutritious-meals-mild-massaman-beef",
        "imgName": "886763.jpg",
        "imgSrc": "https://cdn0.woolworths.media/content/wowproductimages/medium/886763.jpg",
        "name": "Woolworths Delicious Nutritious Meals Mild Massaman Beef 365g",
        "price": 6.5,
        "unitPrice": "$1.78 / 100G"
    },
    {
        "category": "specials",
        "href": "https://www.woolworths.com.au/shop/productdetails/72381/masterfoods-marinade-red-wine-garlic",
        "imgName": "072381.jpg",
        "imgSrc": "https://cdn0.woolworths.media/content/wowproductimages/medium/072381.jpg",
        "name": "Masterfoods Marinade Red Wine & Garlic 375g",
        "price": 2.5,
        "unitPrice": "$0.67 / 100G"
    },
    {
        "category": "specials",
        "href": "https://www.woolworths.com.au/shop/productdetails/502732/frantelle-sparkling-water",
        "imgName": "502732.jpg",
        "imgSrc": "https://cdn0.woolworths.media/content/wowproductimages/medium/502732.jpg",
        "name": "Frantelle Sparkling Water  6pk",
        "price": 6.85,
        "special": 5.65,
        "unitPrice": "$1.88 / 1L"
    },
    {
        "category": "specials",
        "href": "https://www.woolworths.com.au/shop/productdetails/195100/annalisa-lentils",
        "imgName": "195100.jpg",
        "imgSrc": "https://cdn0.woolworths.media/content/wowproductimages/medium/195100.jpg",
        "name": "Annalisa Lentils  400g",
        "price": 1.5,
        "special": 1,
        "unitPrice": "$2.50 / 1KG"
    },
    {
        "category": "specials",
        "href": "https://www.woolworths.com.au/shop/productdetails/48736/fantastic-oriental-noodle-cup",
        "imgName": "048736.jpg",
        "imgSrc": "https://cdn0.woolworths.media/content/wowproductimages/medium/048736.jpg",
        "name": "Fantastic Oriental Noodle Cup 70g",
        "price": 1.6,
        "special": 1.4,
        "unitPrice": "$2.00 / 100G"
    },
    {
        "category": "specials",
        "href": "https://www.woolworths.com.au/shop/productdetails/583588/john-frieda-sheer-blond-conditioner-brilliantly-brighter",
        "imgName": "583588.jpg",
        "imgSrc": "https://cdn0.woolworths.media/content/wowproductimages/medium/583588.jpg",
        "name": "John Frieda Sheer Blond Conditioner Brilliantly Brighter 250ml",
        "price": 18,
        "special": 10.8,
        "unitPrice": "$4.32 / 100ML"
    },
    {
        "category": "specials",
        "href": "https://www.woolworths.com.au/shop/productdetails/311322/rexona-men-antiperspirant-aerosol-deodorant-quantum",
        "imgName": "311322.jpg",
        "imgSrc": "https://cdn0.woolworths.media/content/wowproductimages/medium/311322.jpg",
        "name": "Rexona Men Antiperspirant Aerosol Deodorant Quantum 250ml",
        "price": 7,
        "special": 5,
        "unitPrice": "$2.00 / 100ML"
    },
    {
        "category": "specials",
        "href": "https://www.woolworths.com.au/shop/productdetails/854108/inspire-serving-spoon",
        "imgName": "854108.jpg",
        "imgSrc": "https://cdn0.woolworths.media/content/wowproductimages/medium/854108.jpg",
        "name": "Inspire Serving Spoon each",
        "price": 6
    },
    {
        "category": "specials",
        "href": "https://www.woolworths.com.au/shop/productdetails/328494/devils-corner-pinot-grigio",
        "imgName": "328494.jpg",
        "imgSrc": "https://cdn0.woolworths.media/content/wowproductimages/medium/328494.jpg",
        "name": "Devils Corner Pinot Grigio  750ml",
        "price": 23,
        "special": 18
    },
    {
        "category": "specials",
        "href": "https://www.woolworths.com.au/shop/productdetails/828923/cenovis-vit-c-250mg-orange-chewable-tablets",
        "imgName": "828923.jpg",
        "imgSrc": "https://cdn0.woolworths.media/content/wowproductimages/medium/828923.jpg",
        "name": "Cenovis Vit C 250mg Orange Chewable Tablets 150pk",
        "price": 8.5,
        "unitPrice": "$5.67 / 100EA"
    },
    {
        "category": "specials",
        "href": "https://www.woolworths.com.au/shop/productdetails/550385/mccormick-produce-partner-italian-herb-potatoes",
        "imgName": "550385.jpg",
        "imgSrc": "https://cdn0.woolworths.media/content/wowproductimages/medium/550385.jpg",
        "name": "Mccormick Produce Partner Italian Herb Potatoes 40g",
        "price": 1.69,
        "special": 1.5,
        "unitPrice": "$3.75 / 100G"
    },
    {
        "category": "specials",
        "href": "https://www.woolworths.com.au/shop/productdetails/505188/calidad-epson-printer-ink-220-black",
        "imgName": "505188.jpg",
        "imgSrc": "https://cdn0.woolworths.media/content/wowproductimages/medium/505188.jpg",
        "name": "Calidad Epson Printer Ink 220 Black each",
        "price": 11
    },
    {
        "category": "specials",
        "href": "https://www.woolworths.com.au/shop/productdetails/308287/always-fresh-crustini-crispbread-rosemary-sea-salt",
        "imgName": "308287.jpg",
        "imgSrc": "https://cdn0.woolworths.media/content/wowproductimages/medium/308287.jpg",
        "name": "Always Fresh Crustini Crispbread Rosemary & Sea Salt 120g",
        "price": 3.45,
        "special": 2.5,
        "unitPrice": "$2.08 / 100G"
    },
    {
        "category": "specials",
        "href": "https://www.woolworths.com.au/shop/productdetails/635583/bulla-creamy-classics-mint-choc-chip-sandwiches",
        "imgName": "635583.jpg",
        "imgSrc": "https://cdn0.woolworths.media/content/wowproductimages/medium/635583.jpg",
        "name": "Bulla Creamy Classics Mint Choc Chip Sandwiches 4pk 560ml",
        "price": 8,
        "special": 5,
        "unitPrice": "$0.89 / 100ML"
    },
    {
        "category": "specials",
        "href": "https://www.woolworths.com.au/shop/productdetails/826733/smith-s-share-pack-crinkle-cut-bbq",
        "imgName": "826733.jpg",
        "imgSrc": "https://cdn0.woolworths.media/content/wowproductimages/medium/826733.jpg",
        "name": "Smith's Share Pack Crinkle Cut Bbq 170g",
        "price": 3.29,
        "special": 2.5,
        "unitPrice": "$1.47 / 100G"
    },
    {
        "category": "specials",
        "href": "https://www.woolworths.com.au/shop/productdetails/344599/jacobs-jaffa-cakes-jaffa-cakes",
        "imgName": "default.png",
        "imgSrc": "https://cdn0.woolworths.media/content/wowproductimages/large/default.png",
        "name": "Jacobs Jaffa Cakes Jaffa Cakes 147g",
        "price": 4.15,
        "special": 3.05,
        "unitPrice": "$2.07 / 100G"
    },
    {
        "category": "specials",
        "href": "https://www.woolworths.com.au/shop/productdetails/592203/golden-circle-tropical-smash-puree-apple-pineapple-banana",
        "imgName": "592203.jpg",
        "imgSrc": "https://cdn0.woolworths.media/content/wowproductimages/medium/592203.jpg",
        "name": "Golden Circle Tropical Smash Puree Apple Pineapple & Banana 120g",
        "price": 1.5,
        "unitPrice": "$12.50 / 1KG"
    },
    {
        "category": "specials",
        "href": "https://www.woolworths.com.au/shop/productdetails/245847/thins-chips-multipack-top-20-variety",
        "imgName": "245847.jpg",
        "imgSrc": "https://cdn0.woolworths.media/content/wowproductimages/medium/245847.jpg",
        "name": "Thins Chips Multipack Top 20 Variety 20pk 375g",
        "price": 5.5,
        "unitPrice": "$1.47 / 100G"
    },
    {
        "category": "specials",
        "href": "https://www.woolworths.com.au/shop/productdetails/706523/sieur-d-arques-imported-grande-cuvee-1531-de-aimery",
        "imgName": "706523.jpg",
        "imgSrc": "https://cdn0.woolworths.media/content/wowproductimages/medium/706523.jpg",
        "name": "Sieur D'arques Imported Grande Cuvee 1531 De Aimery 750ml",
        "price": 20,
        "special": 16
    },
    {
        "category": "specials",
        "href": "https://www.woolworths.com.au/shop/productdetails/262155/chevron-aa-batteries-super-heavy-duty",
        "imgName": "262155.jpg",
        "imgSrc": "https://cdn0.woolworths.media/content/wowproductimages/medium/262155.jpg",
        "name": "Chevron Aa Batteries Super Heavy Duty 4pk",
        "price": 2.5,
        "unitPrice": "$0.63 / 1EA"
    },
    {
        "category": "specials",
        "href": "https://www.woolworths.com.au/shop/productdetails/790693/woolworths-essentials-stainless-steel-tongs",
        "imgName": "790693.jpg",
        "imgSrc": "https://cdn0.woolworths.media/content/wowproductimages/medium/790693.jpg",
        "name": "Woolworths Essentials Stainless Steel Tongs each",
        "price": 6
    },
    {
        "category": "specials",
        "href": "https://www.woolworths.com.au/shop/productdetails/622351/harpic-fresh-power6-toilet-cleaner-marine-splash",
        "imgName": "622351.jpg",
        "imgSrc": "https://cdn0.woolworths.media/content/wowproductimages/medium/622351.jpg",
        "name": "Harpic Fresh Power6 Toilet Cleaner Marine Splash 39g",
        "price": 5,
        "special": 4,
        "unitPrice": "$10.26 / 100G"
    },
    {
        "category": "specials",
        "href": "https://www.woolworths.com.au/shop/productdetails/73840/tia-maria-liqueur",
        "imgName": "073840.jpg",
        "imgSrc": "https://cdn0.woolworths.media/content/wowproductimages/medium/073840.jpg",
        "name": "Tia Maria Liqueur  700ml",
        "price": 43,
        "special": 30
    },
    {
        "category": "specials",
        "href": "https://www.woolworths.com.au/shop/productdetails/489888/nestle-bakers-choice-dark-choc-melts",
        "imgName": "489888.jpg",
        "imgSrc": "https://cdn0.woolworths.media/content/wowproductimages/medium/489888.jpg",
        "name": "Nestle Bakers' Choice Dark Choc Melts  290g",
        "price": 3.85,
        "special": 3,
        "unitPrice": "$1.03 / 100G"
    },
    {
        "category": "specials",
        "href": "https://www.woolworths.com.au/shop/productdetails/313900/manning-valley-free-range-eggs",
        "imgName": "313900.jpg",
        "imgSrc": "https://cdn0.woolworths.media/content/wowproductimages/medium/313900.jpg",
        "name": "Manning Valley Free Range Eggs 12pk 700g",
        "price": 6.5,
        "special": 5.5,
        "unitPrice": "$0.79 / 100G"
    },
    {
        "category": "specials",
        "href": "https://www.woolworths.com.au/shop/productdetails/618611/leggo-s-fresh-napoli-sauce",
        "imgName": "618611.jpg",
        "imgSrc": "https://cdn0.woolworths.media/content/wowproductimages/medium/618611.jpg",
        "name": "Leggo's Fresh Napoli Sauce 250g",
        "price": 3.3,
        "unitPrice": "$1.32 / 100G"
    },
    {
        "category": "specials",
        "href": "https://www.woolworths.com.au/shop/productdetails/535642/heinz-seriously-good-aioli-garlic-lover-squeezy-bottle",
        "imgName": "535642.jpg",
        "imgSrc": "https://cdn0.woolworths.media/content/wowproductimages/medium/535642.jpg",
        "name": "Heinz Seriously Good Aioli Garlic Lover Squeezy Bottle 295ml",
        "price": 4,
        "special": 3.5,
        "unitPrice": "$1.19 / 100ML"
    },
    {
        "category": "specials",
        "href": "https://www.woolworths.com.au/shop/productdetails/153158/eatrite-rice-crackers-tamari-seaweed",
        "imgName": "153158.jpg",
        "imgSrc": "https://cdn0.woolworths.media/content/wowproductimages/medium/153158.jpg",
        "name": "Eatrite Rice Crackers Tamari Seaweed 100g",
        "price": 3.69,
        "special": 3,
        "unitPrice": "$3.00 / 100G"
    },
    {
        "category": "specials",
        "href": "https://www.woolworths.com.au/shop/productdetails/652308/james-squire-hop-thief-pale-ale-bottles",
        "imgName": "652308.jpg",
        "imgSrc": "https://cdn0.woolworths.media/content/wowproductimages/medium/652308.jpg",
        "name": "James Squire Hop Thief Pale Ale Bottles 24x345ml case",
        "price": 67,
        "special": 54
    },
    {
        "category": "specials",
        "href": "https://www.woolworths.com.au/shop/productdetails/626978/tibaldi-signature-mild-hungarian-salami",
        "imgName": "626978.jpg",
        "imgSrc": "https://cdn0.woolworths.media/content/wowproductimages/medium/626978.jpg",
        "name": "Tibaldi Signature Mild Hungarian Salami  100g",
        "price": 4,
        "special": 3.75,
        "unitPrice": "$37.50 / 1KG"
    },
    {
        "category": "specials",
        "href": "https://www.woolworths.com.au/shop/productdetails/741388/philips-cfl-tornado-cool-daylight-15w-bc-base",
        "imgName": "741388.jpg",
        "imgSrc": "https://cdn0.woolworths.media/content/wowproductimages/medium/741388.jpg",
        "name": "Philips Cfl Tornado Cool Daylight 15w Bc Base each",
        "price": 6.5,
        "special": 5.2,
        "unitPrice": "$5.20 / 1EA"
    },
    {
        "category": "specials",
        "href": "https://www.woolworths.com.au/shop/productdetails/620870/chris-festivale-corn-chilli-lime",
        "imgName": "620870.jpg",
        "imgSrc": "https://cdn0.woolworths.media/content/wowproductimages/medium/620870.jpg",
        "name": "Chris' Festivale Corn Chilli & Lime 170g",
        "price": 5,
        "special": 4.5,
        "unitPrice": "$2.65 / 100G"
    },
    {
        "category": "specials",
        "href": "https://www.woolworths.com.au/shop/productdetails/881513/baily-baily-merlot-folio",
        "imgName": "881513.jpg",
        "imgSrc": "https://cdn0.woolworths.media/content/wowproductimages/medium/881513.jpg",
        "name": "Baily & Baily Merlot Folio 750ml bottle",
        "price": 16,
        "special": 11
    },
    {
        "category": "specials",
        "href": "https://www.woolworths.com.au/shop/productdetails/545880/primo-cabanossi",
        "imgName": "545880.jpg",
        "imgSrc": "https://cdn0.woolworths.media/content/wowproductimages/medium/545880.jpg",
        "name": "Primo Cabanossi  300g",
        "price": 5,
        "special": 4,
        "unitPrice": "$13.33 / 1KG"
    },
    {
        "category": "specials",
        "href": "https://www.woolworths.com.au/shop/productdetails/603304/bonds-baby-zippy-wondersuit-girls",
        "imgName": "603304.jpg",
        "imgSrc": "https://cdn0.woolworths.media/content/wowproductimages/medium/603304.jpg",
        "name": "Bonds Baby Zippy Wondersuit Girls 1pk",
        "price": 22,
        "special": 15.4
    },
    {
        "category": "specials",
        "href": "https://www.woolworths.com.au/shop/productdetails/696795/cruiser-vodka-pure-pineapple",
        "imgName": "696795.jpg",
        "imgSrc": "https://cdn0.woolworths.media/content/wowproductimages/medium/696795.jpg",
        "name": "Cruiser Vodka Pure Pineapple 24x275ml",
        "price": 81,
        "special": 67
    },
    {
        "category": "specials",
        "href": "https://www.woolworths.com.au/shop/productdetails/97467/ansell-lifestyles-condoms-regular",
        "imgName": "097467.jpg",
        "imgSrc": "https://cdn0.woolworths.media/content/wowproductimages/medium/097467.jpg",
        "name": "Ansell Lifestyles Condoms Regular 24pk",
        "price": 10,
        "special": 9,
        "unitPrice": "$0.38 / 1EA"
    },
    {
        "category": "specials",
        "href": "https://www.woolworths.com.au/shop/productdetails/32102/four-n-twenty-pies-meat",
        "imgName": "032102.jpg",
        "imgSrc": "https://cdn0.woolworths.media/content/wowproductimages/medium/032102.jpg",
        "name": "Four N Twenty Pies Meat 6pk 1.05kg",
        "price": 8,
        "unitPrice": "$0.76 / 100G"
    },
    {
        "category": "specials",
        "href": "https://www.woolworths.com.au/shop/productdetails/576362/haribo-sweet-sour-bears",
        "imgName": "576362.jpg",
        "imgSrc": "https://cdn0.woolworths.media/content/wowproductimages/medium/576362.jpg",
        "name": "Haribo Sweet & Sour Bears  140g",
        "price": 2.4,
        "special": 2,
        "unitPrice": "$1.43 / 100G"
    },
    {
        "category": "specials",
        "href": "https://www.woolworths.com.au/shop/productdetails/652664/moro-frutal-extra-virgin-olive-oil",
        "imgName": "652664.jpg",
        "imgSrc": "https://cdn0.woolworths.media/content/wowproductimages/medium/652664.jpg",
        "name": "Moro Frutal Extra Virgin Olive Oil 1l",
        "price": 15,
        "special": 8.5,
        "unitPrice": "$0.85 / 100ML"
    },
    {
        "category": "specials",
        "href": "https://www.woolworths.com.au/shop/productdetails/728984/woolworths-light-tasty-cheese-shredded",
        "imgName": "728984.jpg",
        "imgSrc": "https://cdn0.woolworths.media/content/wowproductimages/medium/728984.jpg",
        "name": "Woolworths Light Tasty Cheese Shredded 250g",
        "price": 3.5,
        "unitPrice": "$14.00 / 1KG"
    },
    {
        "category": "specials",
        "href": "https://www.woolworths.com.au/shop/productdetails/720105/propovir-cold-sore-cream",
        "imgName": "720105.jpg",
        "imgSrc": "https://cdn0.woolworths.media/content/wowproductimages/medium/720105.jpg",
        "name": "Propovir Cold Sore Cream 2g",
        "price": 10.5,
        "unitPrice": "$525.00 / 100G"
    },
    {
        "category": "specials",
        "href": "https://www.woolworths.com.au/shop/productdetails/36044/calidad-epson-printer-ink-138-black",
        "imgName": "036044.jpg",
        "imgSrc": "https://cdn0.woolworths.media/content/wowproductimages/medium/036044.jpg",
        "name": "Calidad Epson Printer Ink 138 Black each",
        "price": 17
    },
    {
        "category": "specials",
        "href": "https://www.woolworths.com.au/shop/productdetails/766503/woolworths-select-mop-premium",
        "imgName": "766503.jpg",
        "imgSrc": "https://cdn0.woolworths.media/content/wowproductimages/medium/766503.jpg",
        "name": "Woolworths Select Mop Premium each",
        "price": 8.99
    },
    {
        "category": "specials",
        "href": "https://www.woolworths.com.au/shop/productdetails/647836/white-glo-charcoal-toothpaste-deep-stain-remover",
        "imgName": "647836.jpg",
        "imgSrc": "https://cdn0.woolworths.media/content/wowproductimages/medium/647836.jpg",
        "name": "White Glo Charcoal Toothpaste Deep Stain Remover 150g",
        "price": 6,
        "special": 5.4,
        "unitPrice": "$3.60 / 100G"
    },
    {
        "category": "specials",
        "href": "https://www.woolworths.com.au/shop/productdetails/659368/swisse-ultivite-effervescent-multivitamin",
        "imgName": "659368.jpg",
        "imgSrc": "https://cdn0.woolworths.media/content/wowproductimages/medium/659368.jpg",
        "name": "Swisse Ultivite Effervescent Multivitamin 60pk",
        "price": 30,
        "special": 15,
        "unitPrice": "$25.00 / 100EA"
    },
    {
        "category": "specials",
        "href": "https://www.woolworths.com.au/shop/productdetails/72472/john-west-tempters-salmon-lemon-cracked-pepper",
        "imgName": "072472.jpg",
        "imgSrc": "https://cdn0.woolworths.media/content/wowproductimages/medium/072472.jpg",
        "name": "John West Tempters Salmon Lemon & Cracked Pepper 95g",
        "price": 2.35,
        "special": 2,
        "unitPrice": "$21.05 / 1KG"
    },
    {
        "category": "specials",
        "href": "https://www.woolworths.com.au/shop/productdetails/482355/dettol-foam-hand-wash-cucumber-pump",
        "imgName": "482355.jpg",
        "imgSrc": "https://cdn0.woolworths.media/content/wowproductimages/medium/482355.jpg",
        "name": "Dettol Foam Hand Wash Cucumber Pump 250ml",
        "price": 2.5,
        "unitPrice": "$1.00 / 100ML"
    },
    {
        "category": "specials",
        "href": "https://www.woolworths.com.au/shop/productdetails/331384/5-seeds-crisp-apple-cider",
        "imgName": "331384.jpg",
        "imgSrc": "https://cdn0.woolworths.media/content/wowproductimages/medium/331384.jpg",
        "name": "5 Seeds Crisp Apple Cider 24x345ml",
        "price": 51,
        "special": 47
    },
    {
        "category": "specials",
        "href": "https://www.woolworths.com.au/shop/productdetails/601757/dutch-bakehouse-almond-fingers",
        "imgName": "601757.jpg",
        "imgSrc": "https://cdn0.woolworths.media/content/wowproductimages/medium/601757.jpg",
        "name": "Dutch Bakehouse Almond Fingers  275g",
        "price": 2.5,
        "unitPrice": "$0.91 / 100G"
    },
    {
        "category": "specials",
        "href": "https://www.woolworths.com.au/shop/productdetails/521961/essentials-mini-nylon-tongs",
        "imgName": "521961.jpg",
        "imgSrc": "https://cdn0.woolworths.media/content/wowproductimages/medium/521961.jpg",
        "name": "Essentials Mini Nylon Tongs  each",
        "price": 2
    },
    {
        "category": "specials",
        "href": "https://www.woolworths.com.au/shop/productdetails/599306/schwarzkopf-live-salon-gloss-golden-chocolate-3-65",
        "imgName": "599306.jpg",
        "imgSrc": "https://cdn0.woolworths.media/content/wowproductimages/medium/599306.jpg",
        "name": "Schwarzkopf Live Salon Gloss Golden Chocolate 3.65 each",
        "price": 14,
        "special": 8.4
    },
    {
        "category": "specials",
        "href": "https://www.woolworths.com.au/shop/productdetails/420493/philips-light-globe-led-10-5w-1055-lumen-warm-es",
        "imgName": "420493.jpg",
        "imgSrc": "https://cdn0.woolworths.media/content/wowproductimages/medium/420493.jpg",
        "name": "Philips Light Globe Led 10.5w 1055 Lumen Warm Es each",
        "price": 13,
        "unitPrice": "$13.00 / 1EA"
    },
    {
        "category": "specials",
        "href": "https://www.woolworths.com.au/shop/productdetails/713593/macro-organic-food-6-months-lamb-sweet-potato",
        "imgName": "713593.jpg",
        "imgSrc": "https://cdn0.woolworths.media/content/wowproductimages/medium/713593.jpg",
        "name": "Macro Organic Food 6 Months Lamb & Sweet Potato 120g",
        "price": 1.5,
        "unitPrice": "$1.25 / 100G"
    },
    {
        "category": "specials",
        "href": "https://www.woolworths.com.au/shop/productdetails/645876/baby-u-goat-milk-shampoo",
        "imgName": "645876.jpg",
        "imgSrc": "https://cdn0.woolworths.media/content/wowproductimages/medium/645876.jpg",
        "name": "Baby U Goat Milk Shampoo 250ml",
        "price": 9,
        "special": 7,
        "unitPrice": "$2.80 / 100ML"
    },
    {
        "category": "specials",
        "href": "https://www.woolworths.com.au/shop/productdetails/579717/maggi-side-dishes-sour-cream-chives-flavoured-potato-bake",
        "imgName": "579717.jpg",
        "imgSrc": "https://cdn0.woolworths.media/content/wowproductimages/medium/579717.jpg",
        "name": "Maggi Side Dishes Sour Cream Chives Flavoured Potato Bake 21g",
        "price": 1.75,
        "unitPrice": "$8.33 / 100G"
    },
    {
        "category": "specials",
        "href": "https://www.woolworths.com.au/shop/productdetails/446864/oreo-cookie-chocolate",
        "imgName": "446864.jpg",
        "imgSrc": "https://cdn0.woolworths.media/content/wowproductimages/medium/446864.jpg",
        "name": "Oreo Cookie Chocolate 274g",
        "price": 3,
        "unitPrice": "$1.09 / 100G"
    },
    {
        "category": "specials",
        "href": "https://www.woolworths.com.au/shop/productdetails/21358/massel-ultra-ultracubes-vegetable",
        "imgName": "021358.jpg",
        "imgSrc": "https://cdn0.woolworths.media/content/wowproductimages/medium/021358.jpg",
        "name": "Massel Ultra Ultracubes Vegetable 105g",
        "price": 3,
        "special": 2.5,
        "unitPrice": "$0.24 / 10G"
    },
    {
        "category": "specials",
        "href": "https://www.woolworths.com.au/shop/productdetails/732392/palmolive-dishwashing-liquid-pomegranate",
        "imgName": "732392.jpg",
        "imgSrc": "https://cdn0.woolworths.media/content/wowproductimages/medium/732392.jpg",
        "name": "Palmolive Dishwashing Liquid Pomegranate 750ml",
        "price": 5.5,
        "special": 4.5,
        "unitPrice": "$0.60 / 100ML"
    },
    {
        "category": "specials",
        "href": "https://www.woolworths.com.au/shop/productdetails/571483/woolworths-98-fat-free-yoghurt-vanilla",
        "imgName": "571483.jpg",
        "imgSrc": "https://cdn0.woolworths.media/content/wowproductimages/medium/571483.jpg",
        "name": "Woolworths 98% Fat Free Yoghurt Vanilla 1kg",
        "price": 3.5,
        "unitPrice": "$0.35 / 100G"
    },
    {
        "category": "specials",
        "href": "https://www.woolworths.com.au/shop/productdetails/255100/annalisa-tomatoes-cherry-in-tomato-juice",
        "imgName": "255100.jpg",
        "imgSrc": "https://cdn0.woolworths.media/content/wowproductimages/medium/255100.jpg",
        "name": "Annalisa Tomatoes Cherry In Tomato Juice 400g",
        "price": 2,
        "special": 1.55,
        "unitPrice": "$3.88 / 1KG"
    },
    {
        "category": "specials",
        "href": "https://www.woolworths.com.au/shop/productdetails/14663/bertocchi-salami-sopressa-mild",
        "imgName": "014663.jpg",
        "imgSrc": "https://cdn0.woolworths.media/content/wowproductimages/medium/014663.jpg",
        "name": "Bertocchi Salami Sopressa Mild per kg",
        "price": 29,
        "special": 23,
        "unitPrice": "$23.00 / 1KG"
    },
    {
        "category": "specials",
        "href": "https://www.woolworths.com.au/shop/productdetails/254823/white-wings-cake-mix-caf-style-banana-bread",
        "imgName": "254823.jpg",
        "imgSrc": "https://cdn0.woolworths.media/content/wowproductimages/medium/254823.jpg",
        "name": "White Wings Cake Mix Caf\u00e9 Style Banana Bread 400g",
        "price": 4,
        "unitPrice": "$1.00 / 100G"
    },
    {
        "category": "specials",
        "href": "https://www.woolworths.com.au/shop/productdetails/481164/apollo-adult-dog-food-tasty-chicken-cheese",
        "imgName": "481164.jpg",
        "imgSrc": "https://cdn0.woolworths.media/content/wowproductimages/medium/481164.jpg",
        "name": "Apollo Adult Dog Food Tasty Chicken & Cheese 100g",
        "price": 0.8,
        "unitPrice": "$0.80 / 100G"
    },
    {
        "category": "specials",
        "href": "https://www.woolworths.com.au/shop/productdetails/559280/mud-lipstick-deep-fuchsia",
        "imgName": "559280.jpg",
        "imgSrc": "https://cdn0.woolworths.media/content/wowproductimages/medium/559280.jpg",
        "name": "Mud Lipstick Deep Fuchsia 3g",
        "price": 3,
        "unitPrice": "$10.00 / 10G"
    },
    {
        "category": "specials",
        "href": "https://www.woolworths.com.au/shop/productdetails/582786/heinz-big-n-chunky-canned-mexican-bean",
        "imgName": "582786.jpg",
        "imgSrc": "https://cdn0.woolworths.media/content/wowproductimages/medium/582786.jpg",
        "name": "Heinz Big N Chunky Canned Mexican Bean 535g",
        "price": 2.5,
        "unitPrice": "$0.47 / 100G"
    },
    {
        "category": "specials",
        "href": "https://www.woolworths.com.au/shop/productdetails/828987/the-natural-confectionery-co-smoothie-chews",
        "imgName": "828987.jpg",
        "imgSrc": "https://cdn0.woolworths.media/content/wowproductimages/medium/828987.jpg",
        "name": "The Natural Confectionery Co Smoothie Chews  220g bag",
        "price": 4,
        "special": 3,
        "unitPrice": "$1.36 / 100G"
    },
    {
        "category": "specials",
        "href": "https://www.woolworths.com.au/shop/productdetails/558972/mud-long-lasting-foundation-03-cream-beige",
        "imgName": "558972.jpg",
        "imgSrc": "https://cdn0.woolworths.media/content/wowproductimages/medium/558972.jpg",
        "name": "Mud Long Lasting Foundation 03 Cream Beige 28ml",
        "price": 8.5,
        "unitPrice": "$3.04 / 10ML"
    },
    {
        "category": "specials",
        "href": "https://www.woolworths.com.au/shop/productdetails/505881/balnea-liquid-hand-wash-anti-bac-vitamin-e-refill",
        "imgName": "505881.jpg",
        "imgSrc": "https://cdn0.woolworths.media/content/wowproductimages/medium/505881.jpg",
        "name": "Balnea Liquid Hand Wash Anti-bac Vitamin E Refill 750ml",
        "price": 2.5,
        "unitPrice": "$0.33 / 100ML"
    },
    {
        "category": "specials",
        "href": "https://www.woolworths.com.au/shop/productdetails/364051/aveeno-face-cream-daily-with-spf15",
        "imgName": "364051.jpg",
        "imgSrc": "https://cdn0.woolworths.media/content/wowproductimages/medium/364051.jpg",
        "name": "Aveeno Face Cream Daily With Spf15 75ml",
        "price": 20.39,
        "special": 16.3,
        "unitPrice": "$21.73 / 100ML"
    },
    {
        "category": "specials",
        "href": "https://www.woolworths.com.au/shop/productdetails/559270/mud-full-colour-lip-lacquer-wild-mauve",
        "imgName": "559270.jpg",
        "imgSrc": "https://cdn0.woolworths.media/content/wowproductimages/medium/559270.jpg",
        "name": "Mud Full Colour Lip Lacquer Wild Mauve 14ml",
        "price": 5.5,
        "unitPrice": "$3.93 / 10ML"
    },
    {
        "category": "specials",
        "href": "https://www.woolworths.com.au/shop/productdetails/177189/sunbeam-sultanas-apricot",
        "imgName": "177189.jpg",
        "imgSrc": "https://cdn0.woolworths.media/content/wowproductimages/medium/177189.jpg",
        "name": "Sunbeam Sultanas & Apricot 6x37g",
        "price": 2.5,
        "unitPrice": "$11.26 / 1KG"
    },
    {
        "category": "specials",
        "href": "https://www.woolworths.com.au/shop/productdetails/425613/olsent-light-globe-led-gu10-6w-450lm",
        "imgName": "425613.jpg",
        "imgSrc": "https://cdn0.woolworths.media/content/wowproductimages/medium/425613.jpg",
        "name": "Olsent Light Globe Led Gu10 6w 450lm each",
        "price": 19,
        "unitPrice": "$4.75 / 1EA"
    },
    {
        "category": "specials",
        "href": "https://www.woolworths.com.au/shop/productdetails/383430/cockburns-special-port-reserve",
        "imgName": "383430.jpg",
        "imgSrc": "https://cdn0.woolworths.media/content/wowproductimages/medium/383430.jpg",
        "name": "Cockburns Special Port Reserve 750ml",
        "price": 31,
        "special": 26
    },
    {
        "category": "specials",
        "href": "https://www.woolworths.com.au/shop/productdetails/826738/smith-s-chips-share-pack-crinkle-cut-salt-vinegar",
        "imgName": "826738.jpg",
        "imgSrc": "https://cdn0.woolworths.media/content/wowproductimages/medium/826738.jpg",
        "name": "Smith's Chips Share Pack Crinkle Cut Salt & Vinegar 170g",
        "price": 3.29,
        "special": 2.5,
        "unitPrice": "$1.47 / 100G"
    },
    {
        "category": "specials",
        "href": "https://www.woolworths.com.au/shop/productdetails/237825/buderim-ginger-naked",
        "imgName": "237825.jpg",
        "imgSrc": "https://cdn0.woolworths.media/content/wowproductimages/medium/237825.jpg",
        "name": "Buderim Ginger Naked 200g",
        "price": 4.5,
        "special": 3.6,
        "unitPrice": "$18.00 / 1KG"
    },
    {
        "category": "specials",
        "href": "https://www.woolworths.com.au/shop/productdetails/527275/tasmanian-heritage-camembert-cheese-snack",
        "imgName": "527275.jpg",
        "imgSrc": "https://cdn0.woolworths.media/content/wowproductimages/medium/527275.jpg",
        "name": "Tasmanian Heritage Camembert Cheese Snack  80g",
        "price": 3.5,
        "unitPrice": "$43.75 / 1KG"
    },
    {
        "category": "specials",
        "href": "https://www.woolworths.com.au/shop/productdetails/942037/nature-s-way-vita-gummies-family-value-pack",
        "imgName": "942037.jpg",
        "imgSrc": "https://cdn0.woolworths.media/content/wowproductimages/medium/942037.jpg",
        "name": "Nature's Way Vita Gummies Family Value Pack 200ea",
        "price": 27,
        "unitPrice": "$13.50 / 100EA"
    },
    {
        "category": "specials",
        "href": "https://www.woolworths.com.au/shop/productdetails/926796/mamee-noodle-snacks-chicken-8pk",
        "imgName": "926796.jpg",
        "imgSrc": "https://cdn0.woolworths.media/content/wowproductimages/medium/926796.jpg",
        "name": "Mamee Noodle Snacks Chicken 8pk 200g",
        "price": 3.15,
        "unitPrice": "$1.58 / 100G"
    },
    {
        "category": "specials",
        "href": "https://www.woolworths.com.au/shop/productdetails/259962/colgate-toothbrush-360-pro-relief-sensitive",
        "imgName": "259962.jpg",
        "imgSrc": "https://cdn0.woolworths.media/content/wowproductimages/medium/259962.jpg",
        "name": "Colgate Toothbrush 360 Pro Relief Sensitive each",
        "price": 5,
        "special": 3,
        "unitPrice": "$3.00 / 1EA"
    },
    {
        "category": "specials",
        "href": "https://www.woolworths.com.au/shop/productdetails/437448/country-cup-soup-sweet-potato-sour-cream-chia",
        "imgName": "437448.jpg",
        "imgSrc": "https://cdn0.woolworths.media/content/wowproductimages/medium/437448.jpg",
        "name": "Country Cup Soup Sweet Potato Sour Cream & Chia 50g",
        "price": 1.5,
        "unitPrice": "$3.00 / 100G"
    },
    {
        "category": "specials",
        "href": "https://www.woolworths.com.au/shop/productdetails/657674/nature-s-table-beef-with-capsicum-green-beans-dog-food",
        "imgName": "657674.jpg",
        "imgSrc": "https://cdn0.woolworths.media/content/wowproductimages/medium/657674.jpg",
        "name": "Nature's Table Beef With Capsicum & Green Beans Dog Food 400g",
        "price": 2.6,
        "special": 1.75,
        "unitPrice": "$0.44 / 100G"
    },
    {
        "category": "specials",
        "href": "https://www.woolworths.com.au/shop/productdetails/641523/vege-chips-deli-crisps-original",
        "imgName": "641523.jpg",
        "imgSrc": "https://cdn0.woolworths.media/content/wowproductimages/medium/641523.jpg",
        "name": "Vege Chips Deli Crisps Original 100g",
        "price": 4.99,
        "special": 2.49,
        "unitPrice": "$2.49 / 100G"
    },
    {
        "category": "specials",
        "href": "https://www.woolworths.com.au/shop/productdetails/77957/peck-s-anchovette-spread",
        "imgName": "077957.jpg",
        "imgSrc": "https://cdn0.woolworths.media/content/wowproductimages/medium/077957.jpg",
        "name": "Peck's Anchovette Spread 125g",
        "price": 2.7,
        "special": 2,
        "unitPrice": "$1.60 / 100G"
    },
    {
        "category": "specials",
        "href": "https://www.woolworths.com.au/shop/productdetails/979105/kopparberg-apple-cider-cans",
        "imgName": "979105.jpg",
        "imgSrc": "https://cdn0.woolworths.media/content/wowproductimages/medium/979105.jpg",
        "name": "Kopparberg Apple Cider Cans 10x330ml",
        "price": 24,
        "special": 18
    },
    {
        "category": "specials",
        "href": "https://www.woolworths.com.au/shop/productdetails/505884/balnea-liquid-hand-wash-enriching-refill",
        "imgName": "505884.jpg",
        "imgSrc": "https://cdn0.woolworths.media/content/wowproductimages/medium/505884.jpg",
        "name": "Balnea Liquid Hand Wash Enriching Refill 750ml",
        "price": 2.5,
        "unitPrice": "$0.33 / 100ML"
    },
    {
        "category": "specials",
        "href": "https://www.woolworths.com.au/shop/productdetails/720125/fountain-plum-sauce",
        "imgName": "720125.jpg",
        "imgSrc": "https://cdn0.woolworths.media/content/wowproductimages/medium/720125.jpg",
        "name": "Fountain Plum Sauce 250ml",
        "price": 2.7,
        "special": 2.2,
        "unitPrice": "$0.88 / 100ML"
    },
    {
        "category": "specials",
        "href": "https://www.woolworths.com.au/shop/productdetails/15044/gourmet-delight-cat-food-whitemeat-tuna-with-chicken",
        "imgName": "015044.jpg",
        "imgSrc": "https://cdn0.woolworths.media/content/wowproductimages/medium/015044.jpg",
        "name": "Gourmet Delight Cat Food Whitemeat Tuna With Chicken 85g",
        "price": 0.79,
        "unitPrice": "$0.93 / 100G"
    },
    {
        "category": "specials",
        "href": "https://www.woolworths.com.au/shop/productdetails/826435/cadbury-dairy-milk-chocolate-hazelnut",
        "imgName": "826435.jpg",
        "imgSrc": "https://cdn0.woolworths.media/content/wowproductimages/medium/826435.jpg",
        "name": "Cadbury Dairy Milk Chocolate Hazelnut 200g block",
        "price": 5,
        "special": 3.5,
        "unitPrice": "$1.75 / 100G"
    },
    {
        "category": "specials",
        "href": "https://www.woolworths.com.au/shop/productdetails/224195/heinz-big-n-chunky-canned-soup-peppered-steak",
        "imgName": "224195.jpg",
        "imgSrc": "https://cdn0.woolworths.media/content/wowproductimages/medium/224195.jpg",
        "name": "Heinz Big N Chunky Canned Soup Peppered Steak 535g",
        "price": 2.5,
        "unitPrice": "$0.47 / 100G"
    },
    {
        "category": "specials",
        "href": "https://www.woolworths.com.au/shop/productdetails/573123/first-force-multi-purpose-insect-killer",
        "imgName": "573123.jpg",
        "imgSrc": "https://cdn0.woolworths.media/content/wowproductimages/medium/573123.jpg",
        "name": "First Force Multi Purpose Insect Killer 300g",
        "price": 2.5,
        "unitPrice": "$0.83 / 100G"
    },
    {
        "category": "specials",
        "href": "https://www.woolworths.com.au/shop/productdetails/574967/peters-icy-pole-marvel-avengers",
        "imgName": "574967.jpg",
        "imgSrc": "https://cdn0.woolworths.media/content/wowproductimages/medium/574967.jpg",
        "name": "Peters Icy Pole Marvel Avengers  8pk 480ml",
        "price": 5,
        "unitPrice": "$1.04 / 100ML"
    },
    {
        "category": "specials",
        "href": "https://www.woolworths.com.au/shop/productdetails/98566/san-remo-spaghetti-egg-pasta",
        "imgName": "098566.jpg",
        "imgSrc": "https://cdn0.woolworths.media/content/wowproductimages/medium/098566.jpg",
        "name": "San Remo Spaghetti Egg Pasta 500g",
        "price": 1.95,
        "unitPrice": "$0.39 / 100G"
    },
    {
        "category": "specials",
        "href": "https://www.woolworths.com.au/shop/productdetails/582928/darell-lea-liqorice-all-sorts",
        "imgName": "582928.jpg",
        "imgSrc": "https://cdn0.woolworths.media/content/wowproductimages/medium/582928.jpg",
        "name": "Darell Lea Liqorice All Sorts  230g",
        "price": 3.5,
        "special": 3,
        "unitPrice": "$1.30 / 100G"
    },
    {
        "category": "specials",
        "href": "https://www.woolworths.com.au/shop/productdetails/854121/woolworths-essentials-kitchen-scissors",
        "imgName": "854121.jpg",
        "imgSrc": "https://cdn0.woolworths.media/content/wowproductimages/medium/854121.jpg",
        "name": "Woolworths Essentials Kitchen Scissors  21cm",
        "price": 2
    },
    {
        "category": "specials",
        "href": "https://www.woolworths.com.au/shop/productdetails/46393/head-shoulders-itchy-scalp-care-eucalyptus-anti-dandruff-shampoo",
        "imgName": "046393.jpg",
        "imgSrc": "https://cdn0.woolworths.media/content/wowproductimages/medium/046393.jpg",
        "name": "Head & Shoulders Itchy Scalp Care Eucalyptus Anti-dandruff Shampoo 620ml",
        "price": 16,
        "special": 11,
        "unitPrice": "$1.77 / 100ML"
    },
    {
        "category": "specials",
        "href": "https://www.woolworths.com.au/shop/productdetails/345301/smith-s-chips-multipack-salt-vinegar",
        "imgName": "345301.jpg",
        "imgSrc": "https://cdn0.woolworths.media/content/wowproductimages/medium/345301.jpg",
        "name": "Smith's Chips Multipack Salt & Vinegar 6pk 114g",
        "price": 3.14,
        "unitPrice": "$2.75 / 100G"
    },
    {
        "category": "specials",
        "href": "https://www.woolworths.com.au/shop/productdetails/612441/l-oreal-colorista-wash-out-blue",
        "imgName": "612441.jpg",
        "imgSrc": "https://cdn0.woolworths.media/content/wowproductimages/medium/612441.jpg",
        "name": "L'oreal Colorista Wash Out Blue 80ml",
        "price": 16.5,
        "special": 11.5,
        "unitPrice": "$14.38 / 100ML"
    },
    {
        "category": "specials",
        "href": "https://www.woolworths.com.au/shop/productdetails/167176/lean-cuisine-bowl-salmon-linguine-salmon-dill-linguine",
        "imgName": "167176.jpg",
        "imgSrc": "https://cdn0.woolworths.media/content/wowproductimages/medium/167176.jpg",
        "name": "Lean Cuisine Bowl Salmon Linguine Salmon & Dill Linguine 300g",
        "price": 5.7,
        "special": 5,
        "unitPrice": "$1.67 / 100G"
    },
    {
        "category": "specials",
        "href": "https://www.woolworths.com.au/shop/productdetails/769493/sensodyne-toothbrush-complete-care",
        "imgName": "769493.jpg",
        "imgSrc": "https://cdn0.woolworths.media/content/wowproductimages/medium/769493.jpg",
        "name": "Sensodyne Toothbrush Complete Care 1pk",
        "price": 5,
        "special": 4.5,
        "unitPrice": "$4.50 / 1EA"
    },
    {
        "category": "specials",
        "href": "https://www.woolworths.com.au/shop/productdetails/365422/miller-chill-lager-bottles",
        "imgName": "365422.jpg",
        "imgSrc": "https://cdn0.woolworths.media/content/wowproductimages/medium/365422.jpg",
        "name": "Miller Chill Lager Bottles 24x330ml case",
        "price": 56,
        "special": 46
    },
    {
        "category": "specials",
        "href": "https://www.woolworths.com.au/shop/productdetails/245952/gravox-finishing-sauce-diane",
        "imgName": "245952.jpg",
        "imgSrc": "https://cdn0.woolworths.media/content/wowproductimages/medium/245952.jpg",
        "name": "Gravox Finishing Sauce Diane 165g",
        "price": 2,
        "unitPrice": "$1.21 / 100G"
    },
    {
        "category": "specials",
        "href": "https://www.woolworths.com.au/shop/productdetails/742304/woolworths-kids-sunscreen-spf-50-",
        "imgName": "742304.jpg",
        "imgSrc": "https://cdn0.woolworths.media/content/wowproductimages/medium/742304.jpg",
        "name": "Woolworths Kids Sunscreen Spf 50+ 250ml",
        "price": 7,
        "unitPrice": "$2.80 / 100ML"
    },
    {
        "category": "specials",
        "href": "https://www.woolworths.com.au/shop/productdetails/302214/oral-b-powered-toothbrush-head-sensitive",
        "imgName": "302214.jpg",
        "imgSrc": "https://cdn0.woolworths.media/content/wowproductimages/medium/302214.jpg",
        "name": "Oral-b Powered Toothbrush Head Sensitive 2pk",
        "price": 13.75,
        "unitPrice": "$6.88 / 1EA"
    },
    {
        "category": "specials",
        "href": "https://www.woolworths.com.au/shop/productdetails/583838/continental-sensations-roast-beef-soup-with-tomato-thyme",
        "imgName": "583838.jpg",
        "imgSrc": "https://cdn0.woolworths.media/content/wowproductimages/medium/583838.jpg",
        "name": "Continental Sensations Roast Beef Soup With Tomato & Thyme 92g",
        "price": 3.5,
        "unitPrice": "$3.80 / 100G"
    },
    {
        "category": "specials",
        "href": "https://www.woolworths.com.au/shop/productdetails/787638/obela-hommus-garnished-with-basil-pesto",
        "imgName": "787638.jpg",
        "imgSrc": "https://cdn0.woolworths.media/content/wowproductimages/medium/787638.jpg",
        "name": "Obela Hommus Garnished With Basil Pesto 220g",
        "price": 4.4,
        "special": 4,
        "unitPrice": "$1.82 / 100G"
    },
    {
        "category": "specials",
        "href": "https://www.woolworths.com.au/shop/productdetails/27726/peroni-nastro-azzurro-lager-bottles",
        "imgName": "027726.jpg",
        "imgSrc": "https://cdn0.woolworths.media/content/wowproductimages/medium/027726.jpg",
        "name": "Peroni Nastro Azzurro Lager Bottles 24x330ml case",
        "price": 62,
        "special": 53
    },
    {
        "category": "specials",
        "href": "https://www.woolworths.com.au/shop/productdetails/328562/maybelline-colossal-mascara-glam-black",
        "imgName": "328562.jpg",
        "imgSrc": "https://cdn0.woolworths.media/content/wowproductimages/medium/328562.jpg",
        "name": "Maybelline Colossal Mascara Glam Black 9.2ml",
        "price": 20,
        "special": 14,
        "unitPrice": "$15.22 / 10ML"
    },
    {
        "category": "specials",
        "href": "https://www.woolworths.com.au/shop/productdetails/754004/garnier-olia-1-0-night-black",
        "imgName": "754004.jpg",
        "imgSrc": "https://cdn0.woolworths.media/content/wowproductimages/medium/754004.jpg",
        "name": "Garnier Olia 1.0 Night Black 1pk",
        "price": 17,
        "special": 12
    },
    {
        "category": "specials",
        "href": "https://www.woolworths.com.au/shop/productdetails/310367/foster-clarks-banana-custard",
        "imgName": "310367.jpg",
        "imgSrc": "https://cdn0.woolworths.media/content/wowproductimages/medium/310367.jpg",
        "name": "Foster Clarks Banana Custard 4x140g",
        "price": 3.7,
        "unitPrice": "$0.66 / 100G"
    },
    {
        "category": "specials",
        "href": "https://www.woolworths.com.au/shop/productdetails/577622/sharwoods-sides-saag-aloo",
        "imgName": "577622.jpg",
        "imgSrc": "https://cdn0.woolworths.media/content/wowproductimages/medium/577622.jpg",
        "name": "Sharwoods Sides Saag Aloo 250g",
        "price": 2.79,
        "special": 2,
        "unitPrice": "$0.80 / 100G"
    },
    {
        "category": "specials",
        "href": "https://www.woolworths.com.au/shop/productdetails/845672/fountain-barbecue-sauce",
        "imgName": "845672.jpg",
        "imgSrc": "https://cdn0.woolworths.media/content/wowproductimages/medium/845672.jpg",
        "name": "Fountain Barbecue Sauce 2l",
        "price": 6,
        "special": 5.4,
        "unitPrice": "$0.27 / 100ML"
    },
    {
        "category": "specials",
        "href": "https://www.woolworths.com.au/shop/productdetails/33186/libra-tampons-regular",
        "imgName": "033186.jpg",
        "imgSrc": "https://cdn0.woolworths.media/content/wowproductimages/medium/033186.jpg",
        "name": "Libra Tampons Regular 16pk",
        "price": 4,
        "unitPrice": "$0.25 / 1EA"
    },
    {
        "category": "specials",
        "href": "https://www.woolworths.com.au/shop/productdetails/629584/loackers-cappuccino-wafers",
        "imgName": "629584.jpg",
        "imgSrc": "https://cdn0.woolworths.media/content/wowproductimages/medium/629584.jpg",
        "name": "Loackers Cappuccino Wafers  100g",
        "price": 4,
        "special": 2.5,
        "unitPrice": "$2.50 / 100G"
    },
    {
        "category": "specials",
        "href": "https://www.woolworths.com.au/shop/productdetails/482298/radiant-colour-care-laundry-powder-front-top-loader",
        "imgName": "482298.jpg",
        "imgSrc": "https://cdn0.woolworths.media/content/wowproductimages/medium/482298.jpg",
        "name": "Radiant Colour Care Laundry Powder Front & Top Loader 2kg",
        "price": 9.5,
        "unitPrice": "$4.75 / 1KG"
    },
    {
        "category": "specials",
        "href": "https://www.woolworths.com.au/shop/productdetails/600064/schwarzkopf-live-salon-gloss-dark-cherry-4-99",
        "imgName": "600064.jpg",
        "imgSrc": "https://cdn0.woolworths.media/content/wowproductimages/medium/600064.jpg",
        "name": "Schwarzkopf Live Salon Gloss Dark Cherry 4.99 each",
        "price": 14,
        "special": 8.4
    },
    {
        "category": "specials",
        "href": "https://www.woolworths.com.au/shop/productdetails/39667/sunbeam-sultanas",
        "imgName": "039667.jpg",
        "imgSrc": "https://cdn0.woolworths.media/content/wowproductimages/medium/039667.jpg",
        "name": "Sunbeam Sultanas  6x40g",
        "price": 2.5,
        "unitPrice": "$10.42 / 1KG"
    },
    {
        "category": "specials",
        "href": "https://www.woolworths.com.au/shop/productdetails/119419/ansell-gloves-dermo-plus-large",
        "imgName": "119419.jpg",
        "imgSrc": "https://cdn0.woolworths.media/content/wowproductimages/medium/119419.jpg",
        "name": "Ansell Gloves Dermo Plus Large 1 pair",
        "price": 4,
        "unitPrice": "$4.00 / 1EA"
    },
    {
        "category": "specials",
        "href": "https://www.woolworths.com.au/shop/productdetails/841061/elastoplast-sport-kinesiology-tape-1-pack-blue-50mm-x-5m",
        "imgName": "841061.jpg",
        "imgSrc": "https://cdn0.woolworths.media/content/wowproductimages/medium/841061.jpg",
        "name": "Elastoplast Sport Kinesiology Tape  1 Pack Blue 50mm X 5m 1pk",
        "price": 13.95,
        "special": 10,
        "unitPrice": "$10.00 / 1EA"
    },
    {
        "category": "specials",
        "href": "https://www.woolworths.com.au/shop/productdetails/648163/crayola-funny-faces-colour-sticker",
        "imgName": "648163.jpg",
        "imgSrc": "https://cdn0.woolworths.media/content/wowproductimages/medium/648163.jpg",
        "name": "Crayola Funny Faces Colour & Sticker 1ea",
        "price": 4,
        "special": 3
    },
    {
        "category": "specials",
        "href": "https://www.woolworths.com.au/shop/productdetails/47605/jose-cuervo-esp-gold-tequila",
        "imgName": "047605.jpg",
        "imgSrc": "https://cdn0.woolworths.media/content/wowproductimages/medium/047605.jpg",
        "name": "Jose Cuervo Esp Gold Tequila  700ml",
        "price": 50,
        "special": 40
    },
    {
        "category": "specials",
        "href": "https://www.woolworths.com.au/shop/productdetails/777843/maggi-stir-fry-creations-sweet-chill-garlic-cashew-chicken",
        "imgName": "777843.jpg",
        "imgSrc": "https://cdn0.woolworths.media/content/wowproductimages/medium/777843.jpg",
        "name": "Maggi Stir Fry Creations Sweet Chill, Garlic & Cashew Chicken 150g",
        "price": 3,
        "unitPrice": "$2.00 / 100G"
    },
    {
        "category": "specials",
        "href": "https://www.woolworths.com.au/shop/productdetails/203420/roast-pork-shoulder-boneless-small",
        "imgName": "203420.jpg",
        "imgSrc": "https://cdn0.woolworths.media/content/wowproductimages/medium/203420.jpg",
        "name": "Roast Pork Shoulder Boneless Small min. 1.9kg",
        "price": 19,
        "special": 15.2,
        "unitPrice": "$8.00 / 1KG"
    },
    {
        "category": "specials",
        "href": "https://www.woolworths.com.au/shop/productdetails/294269/bonds-baby-tights-unisex-6-12-months",
        "imgName": "294269.jpg",
        "imgSrc": "https://cdn0.woolworths.media/content/wowproductimages/medium/294269.jpg",
        "name": "Bonds Baby Tights Unisex 6-12 Months each",
        "price": 12,
        "special": 8.4
    },
    {
        "category": "specials",
        "href": "https://www.woolworths.com.au/shop/productdetails/765611/cottee-s-squeezy-topping-strawberry",
        "imgName": "765611.jpg",
        "imgSrc": "https://cdn0.woolworths.media/content/wowproductimages/medium/765611.jpg",
        "name": "Cottee's Squeezy Topping Strawberry 575g",
        "price": 3.2,
        "unitPrice": "$0.56 / 100G"
    },
    {
        "category": "specials",
        "href": "https://www.woolworths.com.au/shop/productdetails/87056/pimms-no1-aperitif",
        "imgName": "087056.jpg",
        "imgSrc": "https://cdn0.woolworths.media/content/wowproductimages/medium/087056.jpg",
        "name": "Pimms No1 Aperitif  700ml",
        "price": 42,
        "special": 35
    },
    {
        "category": "specials",
        "href": "https://www.woolworths.com.au/shop/productdetails/655418/pringles-chilli-sambal-crisps",
        "imgName": "655418.jpg",
        "imgSrc": "https://cdn0.woolworths.media/content/wowproductimages/medium/655418.jpg",
        "name": "Pringles Chilli Sambal Crisps 134g",
        "price": 4,
        "special": 2,
        "unitPrice": "$1.49 / 100G"
    },
    {
        "category": "specials",
        "href": "https://www.woolworths.com.au/shop/productdetails/648680/thawed-ocean-caught-medium-cooked-tiger-prawns",
        "imgName": "648680.jpg",
        "imgSrc": "https://cdn0.woolworths.media/content/wowproductimages/medium/648680.jpg",
        "name": "Thawed Ocean Caught Medium Cooked Tiger Prawns per kg",
        "price": 29,
        "special": 26,
        "unitPrice": "$26.00 / 1KG"
    },
    {
        "category": "specials",
        "href": "https://www.woolworths.com.au/shop/productdetails/764746/bonds-chesty-singlet-stretchie",
        "imgName": "764746.jpg",
        "imgSrc": "https://cdn0.woolworths.media/content/wowproductimages/medium/764746.jpg",
        "name": "Bonds Chesty Singlet Stretchie each",
        "price": 10,
        "special": 7
    },
    {
        "category": "specials",
        "href": "https://www.woolworths.com.au/shop/productdetails/69759/western-star-soft-n-less-salt-spreadable",
        "imgName": "069759.jpg",
        "imgSrc": "https://cdn0.woolworths.media/content/wowproductimages/medium/069759.jpg",
        "name": "Western Star Soft 'n' Less Salt Spreadable 500g",
        "price": 5.8,
        "special": 4.5,
        "unitPrice": "$0.90 / 100G"
    },
    {
        "category": "specials",
        "href": "https://www.woolworths.com.au/shop/productdetails/622975/duck-toilet-fresh-disc-lavender",
        "imgName": "622975.jpg",
        "imgSrc": "https://cdn0.woolworths.media/content/wowproductimages/medium/622975.jpg",
        "name": "Duck Toilet Fresh Disc Lavender 36ml",
        "price": 5.8,
        "special": 4,
        "unitPrice": "$11.11 / 100ML"
    },
    {
        "category": "specials",
        "href": "https://www.woolworths.com.au/shop/productdetails/900657/wild-turkey-bourbon-cola-cans",
        "imgName": "900657.jpg",
        "imgSrc": "https://cdn0.woolworths.media/content/wowproductimages/medium/900657.jpg",
        "name": "Wild Turkey Bourbon & Cola Cans 4x375ml",
        "price": 19,
        "special": 17
    },
    {
        "category": "specials",
        "href": "https://www.woolworths.com.au/shop/productdetails/775265/the-pure-produce-company-persian-fetta",
        "imgName": "775265.jpg",
        "imgSrc": "https://cdn0.woolworths.media/content/wowproductimages/medium/775265.jpg",
        "name": "The Pure Produce Company Persian Fetta  250g",
        "price": 8.99,
        "special": 8,
        "unitPrice": "$32.00 / 1KG"
    },
    {
        "category": "specials",
        "href": "https://www.woolworths.com.au/shop/productdetails/197462/arnott-s-cruskits-98-fat-free",
        "imgName": "197462.jpg",
        "imgSrc": "https://cdn0.woolworths.media/content/wowproductimages/medium/197462.jpg",
        "name": "Arnott's Cruskits 98% Fat Free 125g",
        "price": 3,
        "unitPrice": "$2.40 / 100G"
    },
    {
        "category": "specials",
        "href": "https://www.woolworths.com.au/shop/productdetails/505877/balnea-liquid-hand-wash-anti-bac-original-pump",
        "imgName": "505877.jpg",
        "imgSrc": "https://cdn0.woolworths.media/content/wowproductimages/medium/505877.jpg",
        "name": "Balnea Liquid Hand Wash Anti-bac Original Pump 250ml",
        "price": 1.5,
        "unitPrice": "$0.60 / 100ML"
    },
    {
        "category": "specials",
        "href": "https://www.woolworths.com.au/shop/productdetails/213850/fruche-strawberry-fields-dessert",
        "imgName": "213850.jpg",
        "imgSrc": "https://cdn0.woolworths.media/content/wowproductimages/medium/213850.jpg",
        "name": "Fruche Strawberry Fields Dessert 2x150g",
        "price": 2.9,
        "special": 2.5,
        "unitPrice": "$0.83 / 100G"
    },
    {
        "category": "specials",
        "href": "https://www.woolworths.com.au/shop/productdetails/213280/praise-whole-egg-mayonnaise-mayonnaise",
        "imgName": "213280.jpg",
        "imgSrc": "https://cdn0.woolworths.media/content/wowproductimages/medium/213280.jpg",
        "name": "Praise Whole Egg Mayonnaise Mayonnaise 445g",
        "price": 5,
        "unitPrice": "$1.12 / 100G"
    },
    {
        "category": "specials",
        "href": "https://www.woolworths.com.au/shop/productdetails/901567/moet-chandon-champagne-rose-non-vintage",
        "imgName": "901567.jpg",
        "imgSrc": "https://cdn0.woolworths.media/content/wowproductimages/medium/901567.jpg",
        "name": "Moet & Chandon Champagne Rose Non Vintage 750ml",
        "price": 100,
        "special": 79
    },
    {
        "category": "specials",
        "href": "https://www.woolworths.com.au/shop/productdetails/89050/finish-dishwasher-cleaner",
        "imgName": "089050.jpg",
        "imgSrc": "https://cdn0.woolworths.media/content/wowproductimages/medium/089050.jpg",
        "name": "Finish Dishwasher Cleaner 250ml",
        "price": 5,
        "unitPrice": "$2.00 / 100ML"
    },
    {
        "category": "specials",
        "href": "https://www.woolworths.com.au/shop/productdetails/623020/duck-deep-action-toilet-cleaning-gel-citrus",
        "imgName": "623020.jpg",
        "imgSrc": "https://cdn0.woolworths.media/content/wowproductimages/medium/623020.jpg",
        "name": "Duck Deep Action Toilet Cleaning Gel Citrus 650ml",
        "price": 4,
        "special": 3,
        "unitPrice": "$0.46 / 100ML"
    },
    {
        "category": "specials",
        "href": "https://www.woolworths.com.au/shop/productdetails/698865/woolworths-select-olive-oil-spanish-mellow",
        "imgName": "698865.jpg",
        "imgSrc": "https://cdn0.woolworths.media/content/wowproductimages/medium/698865.jpg",
        "name": "Woolworths Select Olive Oil Spanish Mellow 1l",
        "price": 7,
        "unitPrice": "$0.70 / 100ML"
    },
    {
        "category": "specials",
        "href": "https://www.woolworths.com.au/shop/productdetails/544369/annabel-karmel-spaghetti-meatballs",
        "imgName": "544369.jpg",
        "imgSrc": "https://cdn0.woolworths.media/content/wowproductimages/medium/544369.jpg",
        "name": "Annabel Karmel Spaghetti & Meatballs  200g",
        "price": 4,
        "special": 3,
        "unitPrice": "$1.50 / 100G"
    },
    {
        "category": "specials",
        "href": "https://www.woolworths.com.au/shop/productdetails/559220/mud-eyeshadow-palette-smokey-charcoal",
        "imgName": "559220.jpg",
        "imgSrc": "https://cdn0.woolworths.media/content/wowproductimages/medium/559220.jpg",
        "name": "Mud Eyeshadow Palette Smokey Charcoal 5g",
        "price": 11.5,
        "unitPrice": "$23.00 / 10G"
    },
    {
        "category": "specials",
        "href": "https://www.woolworths.com.au/shop/productdetails/732357/woolworths-select-dishwashing-extreme-tablets",
        "imgName": "732357.jpg",
        "imgSrc": "https://cdn0.woolworths.media/content/wowproductimages/medium/732357.jpg",
        "name": "Woolworths Select Dishwashing Extreme Tablets 20pk",
        "price": 7,
        "unitPrice": "$0.35 / 1EA"
    },
    {
        "category": "specials",
        "href": "https://www.woolworths.com.au/shop/productdetails/46066/flora-spread-salt-reduced",
        "imgName": "046066.jpg",
        "imgSrc": "https://cdn0.woolworths.media/content/wowproductimages/medium/046066.jpg",
        "name": "Flora Spread Salt Reduced 500g",
        "price": 2.99,
        "unitPrice": "$0.60 / 100G"
    },
    {
        "category": "specials",
        "href": "https://www.woolworths.com.au/shop/productdetails/518023/mother-earth-choc-chip-muesli-bars",
        "imgName": "518023.jpg",
        "imgSrc": "https://cdn0.woolworths.media/content/wowproductimages/medium/518023.jpg",
        "name": "Mother Earth Choc Chip Muesli Bars 12pk 372g",
        "price": 5,
        "unitPrice": "$1.34 / 100G"
    },
    {
        "category": "specials",
        "href": "https://www.woolworths.com.au/shop/productdetails/73881/stone-s-ginger-wine",
        "imgName": "073881.jpg",
        "imgSrc": "https://cdn0.woolworths.media/content/wowproductimages/medium/073881.jpg",
        "name": "Stone's Ginger Wine  750ml",
        "price": 12,
        "special": 11
    },
    {
        "category": "specials",
        "href": "https://www.woolworths.com.au/shop/productdetails/720962/woolworths-select-dishwashing-powder-concentrate",
        "imgName": "720962.jpg",
        "imgSrc": "https://cdn0.woolworths.media/content/wowproductimages/medium/720962.jpg",
        "name": "Woolworths Select Dishwashing Powder Concentrate 1kg",
        "price": 4,
        "unitPrice": "$0.40 / 100G"
    },
    {
        "category": "specials",
        "href": "https://www.woolworths.com.au/shop/productdetails/726608/woolworths-select-panty-liners-breathable",
        "imgName": "726608.jpg",
        "imgSrc": "https://cdn0.woolworths.media/content/wowproductimages/medium/726608.jpg",
        "name": "Woolworths Select Panty Liners Breathable 48pk",
        "price": 2.5,
        "unitPrice": "$0.05 / 1EA"
    },
    {
        "category": "specials",
        "href": "https://www.woolworths.com.au/shop/productdetails/352734/mishka-vodka-pineapple-crush",
        "imgName": "352734.jpg",
        "imgSrc": "https://cdn0.woolworths.media/content/wowproductimages/medium/352734.jpg",
        "name": "Mishka Vodka Pineapple Crush 4x275ml",
        "price": 14,
        "special": 12
    },
    {
        "category": "specials",
        "href": "https://www.woolworths.com.au/shop/productdetails/208511/arnott-s-cruskits-corn-97-fat-free",
        "imgName": "208511.jpg",
        "imgSrc": "https://cdn0.woolworths.media/content/wowproductimages/medium/208511.jpg",
        "name": "Arnott's Cruskits Corn 97% Fat Free 125g",
        "price": 3,
        "unitPrice": "$2.40 / 100G"
    },
    {
        "category": "specials",
        "href": "https://www.woolworths.com.au/shop/productdetails/797781/nice-natural-roasted-nut-bar-mixed-berry",
        "imgName": "797781.jpg",
        "imgSrc": "https://cdn0.woolworths.media/content/wowproductimages/medium/797781.jpg",
        "name": "Nice & Natural Roasted Nut Bar Mixed Berry 192g",
        "price": 4,
        "special": 3,
        "unitPrice": "$1.56 / 100G"
    },
    {
        "category": "specials",
        "href": "https://www.woolworths.com.au/shop/productdetails/667526/coon-cheese-colby-block",
        "imgName": "667526.jpg",
        "imgSrc": "https://cdn0.woolworths.media/content/wowproductimages/medium/667526.jpg",
        "name": "Coon Cheese Colby Block 1kg",
        "price": 9.5,
        "unitPrice": "$9.50 / 1KG"
    },
    {
        "category": "specials",
        "href": "https://www.woolworths.com.au/shop/productdetails/626149/pure-tassie-organic-apple-blueberry-juice",
        "imgName": "626149.jpg",
        "imgSrc": "https://cdn0.woolworths.media/content/wowproductimages/medium/626149.jpg",
        "name": "Pure Tassie Organic Apple Blueberry Juice 1.5l",
        "price": 5.5,
        "special": 4,
        "unitPrice": "$2.67 / 1L"
    },
    {
        "category": "specials",
        "href": "https://www.woolworths.com.au/shop/productdetails/759449/toni-guy-shampoo-for-normal-hair",
        "imgName": "759449.jpg",
        "imgSrc": "https://cdn0.woolworths.media/content/wowproductimages/medium/759449.jpg",
        "name": "Toni & Guy Shampoo For Normal Hair 250ml",
        "price": 16,
        "unitPrice": "$6.40 / 100ML"
    },
    {
        "category": "specials",
        "href": "https://www.woolworths.com.au/shop/productdetails/612273/woolworths-delicious-nutritious-meals-spinach-ricotta-chicken-pasta",
        "imgName": "612273.jpg",
        "imgSrc": "https://cdn0.woolworths.media/content/wowproductimages/medium/612273.jpg",
        "name": "Woolworths Delicious Nutritious Meals Spinach & Ricotta Chicken Pasta 395g",
        "price": 6.5,
        "unitPrice": "$1.65 / 100G"
    },
    {
        "category": "specials",
        "href": "https://www.woolworths.com.au/shop/productdetails/666068/daily-juice-apple-watermelon-raspberry",
        "imgName": "666068.jpg",
        "imgSrc": "https://cdn0.woolworths.media/content/wowproductimages/medium/666068.jpg",
        "name": "Daily Juice Apple Watermelon Raspberry 2l",
        "price": 5.3,
        "special": 5,
        "unitPrice": "$2.50 / 1L"
    },
    {
        "category": "specials",
        "href": "https://www.woolworths.com.au/shop/productdetails/748806/banana-boat-spf-50-sunscreen-faces",
        "imgName": "748806.jpg",
        "imgSrc": "https://cdn0.woolworths.media/content/wowproductimages/medium/748806.jpg",
        "name": "Banana Boat Spf 50+ Sunscreen Faces 100g",
        "price": 11,
        "special": 8.8,
        "unitPrice": "$8.80 / 100G"
    },
    {
        "category": "specials",
        "href": "https://www.woolworths.com.au/shop/productdetails/557952/platinum-blush-brush",
        "imgName": "557952.jpg",
        "imgSrc": "https://cdn0.woolworths.media/content/wowproductimages/medium/557952.jpg",
        "name": "Platinum Blush Brush each",
        "price": 19,
        "special": 13.3,
        "unitPrice": "$13.30 / 1EA"
    },
    {
        "category": "specials",
        "href": "https://www.woolworths.com.au/shop/productdetails/245717/south-cape-reduced-fat-tasmanian-fetta",
        "imgName": "245717.jpg",
        "imgSrc": "https://cdn0.woolworths.media/content/wowproductimages/medium/245717.jpg",
        "name": "South Cape Reduced Fat Tasmanian Fetta 200g",
        "price": 5,
        "unitPrice": "$25.00 / 1KG"
    },
    {
        "category": "specials",
        "href": "https://www.woolworths.com.au/shop/productdetails/77750/campbells-real-chicken-liquid-stock",
        "imgName": "077750.jpg",
        "imgSrc": "https://cdn0.woolworths.media/content/wowproductimages/medium/077750.jpg",
        "name": "Campbells Real Chicken Liquid Stock 1l",
        "price": 3.99,
        "unitPrice": "$0.40 / 100ML"
    },
    {
        "category": "specials",
        "href": "https://www.woolworths.com.au/shop/productdetails/33584/cottee-s-conserve-breakfast-marmalade",
        "imgName": "033584.jpg",
        "imgSrc": "https://cdn0.woolworths.media/content/wowproductimages/medium/033584.jpg",
        "name": "Cottee's Conserve Breakfast Marmalade 500g",
        "price": 2.5,
        "unitPrice": "$0.50 / 100G"
    },
    {
        "category": "specials",
        "href": "https://www.woolworths.com.au/shop/productdetails/603315/bonds-wonderbodies-bodysuit-size-1",
        "imgName": "603315.jpg",
        "imgSrc": "https://cdn0.woolworths.media/content/wowproductimages/medium/603315.jpg",
        "name": "Bonds Wonderbodies Bodysuit Size 1 each",
        "price": 26,
        "special": 15.6
    },
    {
        "category": "specials",
        "href": "https://www.woolworths.com.au/shop/productdetails/691550/coldstream-apple-cider-cans",
        "imgName": "691550.jpg",
        "imgSrc": "https://cdn0.woolworths.media/content/wowproductimages/medium/691550.jpg",
        "name": "Coldstream Apple Cider Cans 4x330ml pack",
        "price": 13,
        "special": 11
    },
    {
        "category": "specials",
        "href": "https://www.woolworths.com.au/shop/productdetails/750412/heinz-classic-canned-soup-sweet-potato-pumpkin",
        "imgName": "750412.jpg",
        "imgSrc": "https://cdn0.woolworths.media/content/wowproductimages/medium/750412.jpg",
        "name": "Heinz Classic Canned Soup Sweet Potato & Pumpkin 535g",
        "price": 2.5,
        "unitPrice": "$0.47 / 100G"
    },
    {
        "category": "specials",
        "href": "https://www.woolworths.com.au/shop/productdetails/641706/red-bull-energy-drink-ruby-grapefruit",
        "imgName": "641706.jpg",
        "imgSrc": "https://cdn0.woolworths.media/content/wowproductimages/medium/641706.jpg",
        "name": "Red Bull Energy Drink Ruby Grapefruit 4x250ml",
        "price": 10.75,
        "special": 6,
        "unitPrice": "$6.00 / 1L"
    },
    {
        "category": "specials",
        "href": "https://www.woolworths.com.au/shop/productdetails/664155/john-west-salmon-tempters-soy-garlic-sesame",
        "imgName": "664155.jpg",
        "imgSrc": "https://cdn0.woolworths.media/content/wowproductimages/medium/664155.jpg",
        "name": "John West Salmon Tempters Soy Garlic & Sesame 95g",
        "price": 2.35,
        "special": 2,
        "unitPrice": "$21.05 / 1KG"
    },
    {
        "category": "specials",
        "href": "https://www.woolworths.com.au/shop/productdetails/312737/praise-dressings-balsamic",
        "imgName": "312737.jpg",
        "imgSrc": "https://cdn0.woolworths.media/content/wowproductimages/medium/312737.jpg",
        "name": "Praise Dressings Balsamic 330ml",
        "price": 3,
        "special": 1.75,
        "unitPrice": "$0.53 / 100ML"
    },
    {
        "category": "specials",
        "href": "https://www.woolworths.com.au/shop/productdetails/593299/bhuja-deli-style-nuts-chipotle-mayonnaise",
        "imgName": "593299.jpg",
        "imgSrc": "https://cdn0.woolworths.media/content/wowproductimages/medium/593299.jpg",
        "name": "Bhuja Deli Style Nuts Chipotle Mayonnaise 140g",
        "price": 5,
        "special": 3.2,
        "unitPrice": "$22.86 / 1KG"
    },
    {
        "category": "specials",
        "href": "https://www.woolworths.com.au/shop/productdetails/610241/deeko-collection-white-dinner-napkins-39cm-x-39cm",
        "imgName": "610241.jpg",
        "imgSrc": "https://cdn0.woolworths.media/content/wowproductimages/medium/610241.jpg",
        "name": "Deeko Collection White Dinner Napkins 39cm X 39cm 10pk",
        "price": 5,
        "special": 4,
        "unitPrice": "$0.40 / 1EA"
    },
    {
        "category": "specials",
        "href": "https://www.woolworths.com.au/shop/productdetails/661446/always-fresh-crispy-thin-ancient-grain",
        "imgName": "661446.jpg",
        "imgSrc": "https://cdn0.woolworths.media/content/wowproductimages/medium/661446.jpg",
        "name": "Always Fresh Crispy Thin Ancient Grain 85g",
        "price": 3.9,
        "special": 2.5,
        "unitPrice": "$2.94 / 100G"
    },
    {
        "category": "specials",
        "href": "https://www.woolworths.com.au/shop/productdetails/636330/coca-cola-no-sugar-8x200ml",
        "imgName": "636330.jpg",
        "imgSrc": "https://cdn0.woolworths.media/content/wowproductimages/medium/636330.jpg",
        "name": "Coca Cola No Sugar 8x200ml 1ea",
        "price": 9.5
    },
    {
        "category": "specials",
        "href": "https://www.woolworths.com.au/shop/productdetails/99691/armor-all-car-care-protectant",
        "imgName": "099691.jpg",
        "imgSrc": "https://cdn0.woolworths.media/content/wowproductimages/medium/099691.jpg",
        "name": "Armor All Car Care Protectant 500ml",
        "price": 17,
        "special": 13.6,
        "unitPrice": "$2.72 / 100ML"
    },
    {
        "category": "specials",
        "href": "https://www.woolworths.com.au/shop/productdetails/481163/apollo-adult-dog-food-gourmet-beef",
        "imgName": "481163.jpg",
        "imgSrc": "https://cdn0.woolworths.media/content/wowproductimages/medium/481163.jpg",
        "name": "Apollo Adult Dog Food Gourmet Beef 100g",
        "price": 0.8,
        "unitPrice": "$0.80 / 100G"
    },
    {
        "category": "specials",
        "href": "https://www.woolworths.com.au/shop/productdetails/173167/john-frieda-frizz-ease-secret-weapon-finishing-cream",
        "imgName": "173167.jpg",
        "imgSrc": "https://cdn0.woolworths.media/content/wowproductimages/medium/173167.jpg",
        "name": "John Frieda Frizz Ease Secret Weapon Finishing Cream 113g",
        "price": 17,
        "special": 10.2,
        "unitPrice": "$9.03 / 100G"
    },
    {
        "category": "specials",
        "href": "https://www.woolworths.com.au/shop/productdetails/726030/maynards-wine-gums",
        "imgName": "726030.jpg",
        "imgSrc": "https://cdn0.woolworths.media/content/wowproductimages/medium/726030.jpg",
        "name": "Maynards Wine Gums  190g",
        "price": 5.2,
        "special": 4.65,
        "unitPrice": "$2.45 / 100G"
    },
    {
        "category": "specials",
        "href": "https://www.woolworths.com.au/shop/productdetails/757556/gravox-gravy-liquid-diane-sauce",
        "imgName": "757556.jpg",
        "imgSrc": "https://cdn0.woolworths.media/content/wowproductimages/medium/757556.jpg",
        "name": "Gravox Gravy Liquid Diane Sauce 29g",
        "price": 1,
        "special": 0.9,
        "unitPrice": "$0.31 / 10G"
    },
    {
        "category": "specials",
        "href": "https://www.woolworths.com.au/shop/productdetails/505875/balnea-liquid-hand-wash-refreshing-pump",
        "imgName": "505875.jpg",
        "imgSrc": "https://cdn0.woolworths.media/content/wowproductimages/medium/505875.jpg",
        "name": "Balnea Liquid Hand Wash Refreshing Pump 250ml",
        "price": 1.5,
        "unitPrice": "$0.60 / 100ML"
    },
    {
        "category": "specials",
        "href": "https://www.woolworths.com.au/shop/productdetails/652029/bertolli-organic-extra-virgin-olive-oil",
        "imgName": "652029.jpg",
        "imgSrc": "https://cdn0.woolworths.media/content/wowproductimages/medium/652029.jpg",
        "name": "Bertolli Organic Extra Virgin Olive Oil 500ml",
        "price": 10,
        "special": 8,
        "unitPrice": "$1.60 / 100ML"
    },
    {
        "category": "specials",
        "href": "https://www.woolworths.com.au/shop/productdetails/774413/woolworths-chicken-breast-crunchy-bites",
        "imgName": "774413.jpg",
        "imgSrc": "https://cdn0.woolworths.media/content/wowproductimages/medium/774413.jpg",
        "name": "Woolworths Chicken Breast Crunchy Bites 400g",
        "price": 4.5,
        "unitPrice": "$11.25 / 1KG"
    },
    {
        "category": "specials",
        "href": "https://www.woolworths.com.au/shop/productdetails/544856/primo-roasties-southern-style",
        "imgName": "544856.jpg",
        "imgSrc": "https://cdn0.woolworths.media/content/wowproductimages/medium/544856.jpg",
        "name": "Primo Roasties Southern Style 70g",
        "price": 3,
        "special": 2,
        "unitPrice": "$28.57 / 1KG"
    },
    {
        "category": "specials",
        "href": "https://www.woolworths.com.au/shop/productdetails/544761/primo-champagne-ham-thinly-sliced",
        "imgName": "544761.jpg",
        "imgSrc": "https://cdn0.woolworths.media/content/wowproductimages/medium/544761.jpg",
        "name": "Primo Champagne Ham Thinly Sliced 100g",
        "price": 3,
        "unitPrice": "$30.00 / 1KG"
    },
    {
        "category": "specials",
        "href": "https://www.woolworths.com.au/shop/productdetails/651264/bic-gelocity-pro-blue-pen",
        "imgName": "651264.jpg",
        "imgSrc": "https://cdn0.woolworths.media/content/wowproductimages/medium/651264.jpg",
        "name": "Bic Gelocity Pro Blue Pen 2pk",
        "price": 6.5,
        "special": 4.75
    },
    {
        "category": "specials",
        "href": "https://www.woolworths.com.au/shop/productdetails/655208/yenda-pale-ale-bottles",
        "imgName": "655208.jpg",
        "imgSrc": "https://cdn0.woolworths.media/content/wowproductimages/medium/655208.jpg",
        "name": "Yenda Pale Ale Bottles 24x330ml case",
        "price": 60,
        "special": 51
    },
    {
        "category": "specials",
        "href": "https://www.woolworths.com.au/shop/productdetails/847751/scotts-osmocote-outdoor",
        "imgName": "847751.jpg",
        "imgSrc": "https://cdn0.woolworths.media/content/wowproductimages/medium/847751.jpg",
        "name": "Scotts Osmocote Outdoor 500g",
        "price": 7,
        "special": 5.6,
        "unitPrice": "$1.12 / 100G"
    },
    {
        "category": "specials",
        "href": "https://www.woolworths.com.au/shop/productdetails/640820/vege-chips-deli-crisps-hummus",
        "imgName": "640820.jpg",
        "imgSrc": "https://cdn0.woolworths.media/content/wowproductimages/medium/640820.jpg",
        "name": "Vege Chips Deli Crisps Hummus 100g",
        "price": 4.99,
        "special": 2.49,
        "unitPrice": "$2.49 / 100G"
    },
    {
        "category": "specials",
        "href": "https://www.woolworths.com.au/shop/productdetails/247098/easy-off-bam-bathroom-cleaner-with-bleach",
        "imgName": "247098.jpg",
        "imgSrc": "https://cdn0.woolworths.media/content/wowproductimages/medium/247098.jpg",
        "name": "Easy Off Bam Bathroom Cleaner With Bleach 735ml",
        "price": 5,
        "unitPrice": "$0.68 / 100ML"
    },
    {
        "category": "specials",
        "href": "https://www.woolworths.com.au/shop/productdetails/299003/clio-plain-bikini-brief-underwear-assorted-colours-14-16",
        "imgName": "299003.jpg",
        "imgSrc": "https://cdn0.woolworths.media/content/wowproductimages/medium/299003.jpg",
        "name": "Clio Plain Bikini Brief Underwear Assorted Colours 14-16 each",
        "price": 7.5,
        "special": 5.25
    },
    {
        "category": "specials",
        "href": "https://www.woolworths.com.au/shop/productdetails/36067/calidad-hp-printer-ink-61-xl-tri-colour",
        "imgName": "036067.jpg",
        "imgSrc": "https://cdn0.woolworths.media/content/wowproductimages/medium/036067.jpg",
        "name": "Calidad Hp Printer Ink 61 Xl Tri-colour each",
        "price": 38
    },
    {
        "category": "specials",
        "href": "https://www.woolworths.com.au/shop/productdetails/847709/friskies-surfin-turfin-favourites",
        "imgName": "847709.jpg",
        "imgSrc": "https://cdn0.woolworths.media/content/wowproductimages/medium/847709.jpg",
        "name": "Friskies Surfin' & Turfin' Favourites 1kg",
        "price": 4,
        "unitPrice": "$0.40 / 100G"
    },
    {
        "category": "specials",
        "href": "https://www.woolworths.com.au/shop/productdetails/77908/budweiser-lager-bottles",
        "imgName": "077908.jpg",
        "imgSrc": "https://cdn0.woolworths.media/content/wowproductimages/medium/077908.jpg",
        "name": "Budweiser Lager Bottles 6x355ml pack",
        "price": 20.8,
        "special": 19
    },
    {
        "category": "specials",
        "href": "https://www.woolworths.com.au/shop/productdetails/789418/impulse-women-body-spray-aerosol-deodorant-merely-musk",
        "imgName": "789418.jpg",
        "imgSrc": "https://cdn0.woolworths.media/content/wowproductimages/medium/789418.jpg",
        "name": "Impulse Women Body Spray Aerosol Deodorant Merely Musk 75ml",
        "price": 4,
        "unitPrice": "$5.33 / 100ML"
    },
    {
        "category": "specials",
        "href": "https://www.woolworths.com.au/shop/productdetails/98906/barilla-spaghetti-no-7-pasta-spaghettoni",
        "imgName": "098906.jpg",
        "imgSrc": "https://cdn0.woolworths.media/content/wowproductimages/medium/098906.jpg",
        "name": "Barilla Spaghetti No 7 Pasta Spaghettoni 500g",
        "price": 1.99,
        "unitPrice": "$0.40 / 100G"
    },
    {
        "category": "specials",
        "href": "https://www.woolworths.com.au/shop/productdetails/250679/woolworths-select-gravy-mix-traditional",
        "imgName": "250679.jpg",
        "imgSrc": "https://cdn0.woolworths.media/content/wowproductimages/medium/250679.jpg",
        "name": "Woolworths Select Gravy Mix Traditional 120g",
        "price": 1.8,
        "unitPrice": "$0.15 / 10G"
    },
    {
        "category": "specials",
        "href": "https://www.woolworths.com.au/shop/productdetails/660292/red-rock-deli-special-reserve-slow-roast-pork-belly-chips",
        "imgName": "660292.jpg",
        "imgSrc": "https://cdn0.woolworths.media/content/wowproductimages/medium/660292.jpg",
        "name": "Red Rock Deli Special Reserve Slow Roast Pork Belly Chips 150g",
        "price": 4.49,
        "special": 3,
        "unitPrice": "$2.00 / 100G"
    },
    {
        "category": "specials",
        "href": "https://www.woolworths.com.au/shop/productdetails/559254/mud-velvet-matte-lipstick-mulberry",
        "imgName": "559254.jpg",
        "imgSrc": "https://cdn0.woolworths.media/content/wowproductimages/medium/559254.jpg",
        "name": "Mud Velvet Matte Lipstick Mulberry 3g",
        "price": 4.5,
        "unitPrice": "$15.00 / 10G"
    },
    {
        "category": "specials",
        "href": "https://www.woolworths.com.au/shop/productdetails/661865/sunrice-rice-cake-bites-seasalt-and-rosmary-wholegrain",
        "imgName": "661865.jpg",
        "imgSrc": "https://cdn0.woolworths.media/content/wowproductimages/medium/661865.jpg",
        "name": "Sunrice Rice Cake Bites Seasalt And Rosmary Wholegrain 100g",
        "price": 3.5,
        "special": 3,
        "unitPrice": "$3.00 / 100G"
    },
    {
        "category": "specials",
        "href": "https://www.woolworths.com.au/shop/productdetails/845561/john-frieda-beach-blonde-ocean-waves-spray",
        "imgName": "845561.jpg",
        "imgSrc": "https://cdn0.woolworths.media/content/wowproductimages/medium/845561.jpg",
        "name": "John Frieda Beach Blonde Ocean Waves Spray 150ml",
        "price": 17,
        "special": 10.2,
        "unitPrice": "$6.80 / 100ML"
    },
    {
        "category": "specials",
        "href": "https://www.woolworths.com.au/shop/productdetails/595427/scholl-velvet-smooth-extra-coarse-roller-head-refills",
        "imgName": "595427.jpg",
        "imgSrc": "https://cdn0.woolworths.media/content/wowproductimages/medium/595427.jpg",
        "name": "Scholl Velvet Smooth Extra Coarse Roller Head Refills 2pk",
        "price": 25,
        "special": 20,
        "unitPrice": "$10.00 / 1EA"
    },
    {
        "category": "specials",
        "href": "https://www.woolworths.com.au/shop/productdetails/656969/kan-tong-teriyaki-chicken-meal-base-pouch",
        "imgName": "656969.jpg",
        "imgSrc": "https://cdn0.woolworths.media/content/wowproductimages/medium/656969.jpg",
        "name": "Kan Tong Teriyaki Chicken Meal Base Pouch 175g",
        "price": 2.89,
        "unitPrice": "$1.65 / 100G"
    },
    {
        "category": "specials",
        "href": "https://www.woolworths.com.au/shop/productdetails/64761/tanqueray-gin",
        "imgName": "064761.jpg",
        "imgSrc": "https://cdn0.woolworths.media/content/wowproductimages/medium/064761.jpg",
        "name": "Tanqueray Gin  700ml",
        "price": 52,
        "special": 40
    },
    {
        "category": "specials",
        "href": "https://www.woolworths.com.au/shop/productdetails/65578/budweiser-lager-bottles",
        "imgName": "065578.jpg",
        "imgSrc": "https://cdn0.woolworths.media/content/wowproductimages/medium/065578.jpg",
        "name": "Budweiser Lager Bottles 24x355ml case",
        "price": 58,
        "special": 51
    },
    {
        "category": "specials",
        "href": "https://www.woolworths.com.au/shop/productdetails/212343/praise-dressings-italian-original",
        "imgName": "212343.jpg",
        "imgSrc": "https://cdn0.woolworths.media/content/wowproductimages/medium/212343.jpg",
        "name": "Praise Dressings Italian Original 330ml",
        "price": 3,
        "special": 1.75,
        "unitPrice": "$0.53 / 100ML"
    },
    {
        "category": "specials",
        "href": "https://www.woolworths.com.au/shop/productdetails/257224/twinings-lady-grey-tea-bags",
        "imgName": "257224.jpg",
        "imgSrc": "https://cdn0.woolworths.media/content/wowproductimages/medium/257224.jpg",
        "name": "Twinings Lady Grey Tea Bags 100pk 200g",
        "price": 11,
        "special": 7,
        "unitPrice": "$3.50 / 100G"
    },
    {
        "category": "specials",
        "href": "https://www.woolworths.com.au/shop/productdetails/801235/macleans-multi-action-toothpaste-original",
        "imgName": "801235.jpg",
        "imgSrc": "https://cdn0.woolworths.media/content/wowproductimages/medium/801235.jpg",
        "name": "Macleans Multi Action Toothpaste Original 170g",
        "price": 3,
        "unitPrice": "$1.76 / 100G"
    },
    {
        "category": "specials",
        "href": "https://www.woolworths.com.au/shop/productdetails/659660/smiths-peri-peri-crinkle-cut-limited-edition",
        "imgName": "659660.jpg",
        "imgSrc": "https://cdn0.woolworths.media/content/wowproductimages/medium/659660.jpg",
        "name": "Smiths Peri Peri Crinkle Cut Limited Edition 150g",
        "price": 3.29,
        "special": 2.5,
        "unitPrice": "$1.67 / 100G"
    },
    {
        "category": "specials",
        "href": "https://www.woolworths.com.au/shop/productdetails/826726/doritos-share-pack-mexicana",
        "imgName": "826726.jpg",
        "imgSrc": "https://cdn0.woolworths.media/content/wowproductimages/medium/826726.jpg",
        "name": "Doritos Share Pack Mexicana 170g",
        "price": 3.29,
        "special": 2.5,
        "unitPrice": "$1.47 / 100G"
    },
    {
        "category": "specials",
        "href": "https://www.woolworths.com.au/shop/productdetails/633946/banana-boat-dry-balance-lotion-spf-50-plus",
        "imgName": "633946.jpg",
        "imgSrc": "https://cdn0.woolworths.media/content/wowproductimages/medium/633946.jpg",
        "name": "Banana Boat Dry Balance Lotion Spf 50 Plus 175ml",
        "price": 17,
        "special": 13.6,
        "unitPrice": "$7.77 / 100ML"
    },
    {
        "category": "specials",
        "href": "https://www.woolworths.com.au/shop/productdetails/583629/val-verde-italian-tomatoes-diced",
        "imgName": "583629.jpg",
        "imgSrc": "https://cdn0.woolworths.media/content/wowproductimages/medium/583629.jpg",
        "name": "Val Verde Italian Tomatoes Diced 390g",
        "price": 1.5,
        "special": 1,
        "unitPrice": "$0.26 / 100G"
    },
    {
        "category": "specials",
        "href": "https://www.woolworths.com.au/shop/productdetails/345992/gravox-finishing-sauce-cheese",
        "imgName": "345992.jpg",
        "imgSrc": "https://cdn0.woolworths.media/content/wowproductimages/medium/345992.jpg",
        "name": "Gravox Finishing Sauce Cheese 165g",
        "price": 2,
        "unitPrice": "$1.21 / 100G"
    },
    {
        "category": "specials",
        "href": "https://www.woolworths.com.au/shop/productdetails/575198/pro-clean-advanced-performance-laundry-liquid",
        "imgName": "575198.jpg",
        "imgSrc": "https://cdn0.woolworths.media/content/wowproductimages/medium/575198.jpg",
        "name": "Pro Clean Advanced Performance Laundry Liquid 1l",
        "price": 4,
        "unitPrice": "$4.00 / 1L"
    },
    {
        "category": "specials",
        "href": "https://www.woolworths.com.au/shop/productdetails/259400/woolworths-lentils-no-added-salt",
        "imgName": "259400.jpg",
        "imgSrc": "https://cdn0.woolworths.media/content/wowproductimages/medium/259400.jpg",
        "name": "Woolworths Lentils No Added Salt 420g",
        "price": 0.8,
        "unitPrice": "$1.90 / 1KG"
    },
    {
        "category": "specials",
        "href": "https://www.woolworths.com.au/shop/productdetails/587296/kettle-big-bag-chips-honey-soy-chicken",
        "imgName": "587296.jpg",
        "imgSrc": "https://cdn0.woolworths.media/content/wowproductimages/medium/587296.jpg",
        "name": "Kettle Big Bag Chips Honey Soy Chicken 300g",
        "price": 5,
        "unitPrice": "$1.67 / 100G"
    },
    {
        "category": "specials",
        "href": "https://www.woolworths.com.au/shop/productdetails/659989/surf-laundry-powder-limited-edition",
        "imgName": "659989.jpg",
        "imgSrc": "https://cdn0.woolworths.media/content/wowproductimages/medium/659989.jpg",
        "name": "Surf Laundry Powder Limited Edition 2kg",
        "price": 7,
        "unitPrice": "$3.50 / 1KG"
    },
    {
        "category": "specials",
        "href": "https://www.woolworths.com.au/shop/productdetails/601888/dutch-bakehouse-coconut-rings",
        "imgName": "601888.jpg",
        "imgSrc": "https://cdn0.woolworths.media/content/wowproductimages/medium/601888.jpg",
        "name": "Dutch Bakehouse Coconut Rings  180g",
        "price": 2.5,
        "unitPrice": "$1.39 / 100G"
    },
    {
        "category": "specials",
        "href": "https://www.woolworths.com.au/shop/productdetails/346833/woolworths-pasta-spirals",
        "imgName": "346833.jpg",
        "imgSrc": "https://cdn0.woolworths.media/content/wowproductimages/medium/346833.jpg",
        "name": "Woolworths Pasta Spirals 500g",
        "price": 1,
        "unitPrice": "$0.20 / 100G"
    },
    {
        "category": "specials",
        "href": "https://www.woolworths.com.au/shop/productdetails/777912/woolworths-frozen-pitted-cherries",
        "imgName": "777912.jpg",
        "imgSrc": "https://cdn0.woolworths.media/content/wowproductimages/medium/777912.jpg",
        "name": "Woolworths Frozen Pitted Cherries  500g",
        "price": 4,
        "unitPrice": "$8.00 / 1KG"
    },
    {
        "category": "specials",
        "href": "https://www.woolworths.com.au/shop/productdetails/43973/san-remo-thin-spaghetti-no-4",
        "imgName": "043973.jpg",
        "imgSrc": "https://cdn0.woolworths.media/content/wowproductimages/medium/043973.jpg",
        "name": "San Remo Thin Spaghetti No. 4 500g",
        "price": 1.95,
        "unitPrice": "$0.39 / 100G"
    },
    {
        "category": "specials",
        "href": "https://www.woolworths.com.au/shop/productdetails/659986/omo-specialty-laundry-liquid-sports-active-fresh",
        "imgName": "659986.jpg",
        "imgSrc": "https://cdn0.woolworths.media/content/wowproductimages/medium/659986.jpg",
        "name": "Omo Specialty Laundry Liquid Sports Active Fresh 1l",
        "price": 12,
        "special": 8.6,
        "unitPrice": "$8.60 / 1L"
    },
    {
        "category": "specials",
        "href": "https://www.woolworths.com.au/shop/productdetails/655207/yenda-pale-ale-bottles",
        "imgName": "655207.jpg",
        "imgSrc": "https://cdn0.woolworths.media/content/wowproductimages/medium/655207.jpg",
        "name": "Yenda Pale Ale Bottles 6x330ml pack",
        "price": 23,
        "special": 20
    },
    {
        "category": "specials",
        "href": "https://www.woolworths.com.au/shop/productdetails/165478/woolworths-bbq-foil-tray-mini",
        "imgName": "165478.jpg",
        "imgSrc": "https://cdn0.woolworths.media/content/wowproductimages/medium/165478.jpg",
        "name": "Woolworths Bbq Foil Tray Mini 4pk",
        "price": 3.5,
        "special": 3,
        "unitPrice": "$0.75 / 1EA"
    },
    {
        "category": "specials",
        "href": "https://www.woolworths.com.au/shop/productdetails/792122/sunrice-heat-serve-rice-quinoa",
        "imgName": "792122.jpg",
        "imgSrc": "https://cdn0.woolworths.media/content/wowproductimages/medium/792122.jpg",
        "name": "Sunrice Heat & Serve Rice & Quinoa 250g",
        "price": 2.8,
        "unitPrice": "$1.12 / 100G"
    },
    {
        "category": "specials",
        "href": "https://www.woolworths.com.au/shop/productdetails/654210/gage-roads-single-fin-summer-ale-bottles",
        "imgName": "654210.jpg",
        "imgSrc": "https://cdn0.woolworths.media/content/wowproductimages/medium/654210.jpg",
        "name": "Gage Roads Single Fin Summer Ale Bottles 24x330ml case",
        "price": 62,
        "special": 56
    },
    {
        "category": "specials",
        "href": "https://www.woolworths.com.au/shop/productdetails/661185/glade-car-primary-radiant-berries",
        "imgName": "661185.jpg",
        "imgSrc": "https://cdn0.woolworths.media/content/wowproductimages/medium/661185.jpg",
        "name": "Glade Car Primary Radiant Berries 7ml",
        "price": 8.5,
        "special": 7,
        "unitPrice": "$100.00 / 100ML"
    },
    {
        "category": "specials",
        "href": "https://www.woolworths.com.au/shop/productdetails/588208/ocean-chef-marinated-prawns-garlic-herb",
        "imgName": "588208.jpg",
        "imgSrc": "https://cdn0.woolworths.media/content/wowproductimages/medium/588208.jpg",
        "name": "Ocean Chef Marinated Prawns Garlic & Herb 500g",
        "price": 18.5,
        "special": 15,
        "unitPrice": "$30.00 / 1KG"
    },
    {
        "category": "specials",
        "href": "https://www.woolworths.com.au/shop/productdetails/91576/aspro-clear-soluble-analgesic",
        "imgName": "091576.jpg",
        "imgSrc": "https://cdn0.woolworths.media/content/wowproductimages/medium/091576.jpg",
        "name": "Aspro Clear Soluble Analgesic 24pk",
        "price": 4.3,
        "special": 3.5,
        "unitPrice": "$0.15 / 1EA"
    },
    {
        "category": "specials",
        "href": "https://www.woolworths.com.au/shop/productdetails/250673/woolworths-brown-onion-instant-gravy",
        "imgName": "250673.jpg",
        "imgSrc": "https://cdn0.woolworths.media/content/wowproductimages/medium/250673.jpg",
        "name": "Woolworths Brown Onion Instant Gravy 120g",
        "price": 1.8,
        "unitPrice": "$0.15 / 10G"
    },
    {
        "category": "specials",
        "href": "https://www.woolworths.com.au/shop/productdetails/372519/sargents-premium-pies-angus-beef-family",
        "imgName": "372519.jpg",
        "imgSrc": "https://cdn0.woolworths.media/content/wowproductimages/medium/372519.jpg",
        "name": "Sargents Premium Pies Angus Beef Family 550g",
        "price": 7,
        "special": 5,
        "unitPrice": "$0.91 / 100G"
    },
    {
        "category": "specials",
        "href": "https://www.woolworths.com.au/shop/productdetails/505340/calidad-canon-printer-ink-cli-526-4-colour",
        "imgName": "505340.jpg",
        "imgSrc": "https://cdn0.woolworths.media/content/wowproductimages/medium/505340.jpg",
        "name": "Calidad Canon Printer Ink Cli-526 4 Colour each",
        "price": 49
    },
    {
        "category": "specials",
        "href": "https://www.woolworths.com.au/shop/productdetails/727770/st-hallett-western-front-shiraz",
        "imgName": "727770.jpg",
        "imgSrc": "https://cdn0.woolworths.media/content/wowproductimages/medium/727770.jpg",
        "name": "St Hallett Western Front Shiraz  750ml",
        "price": 18,
        "special": 15
    },
    {
        "category": "specials",
        "href": "https://www.woolworths.com.au/shop/productdetails/476927/maybelline-push-up-drama-mascara-waterproof-very-black",
        "imgName": "476927.jpg",
        "imgSrc": "https://cdn0.woolworths.media/content/wowproductimages/medium/476927.jpg",
        "name": "Maybelline Push Up Drama Mascara Waterproof Very Black 420",
        "price": 21.95,
        "special": 15.35,
        "unitPrice": "$15.82 / 10ML"
    },
    {
        "category": "specials",
        "href": "https://www.woolworths.com.au/shop/productdetails/732217/edgell-beans-butter",
        "imgName": "732217.jpg",
        "imgSrc": "https://cdn0.woolworths.media/content/wowproductimages/medium/732217.jpg",
        "name": "Edgell Beans Butter 400g",
        "price": 1.78,
        "unitPrice": "$4.45 / 1KG"
    },
    {
        "category": "specials",
        "href": "https://www.woolworths.com.au/shop/productdetails/786476/woolworths-essentials-straws-clear",
        "imgName": "786476.jpg",
        "imgSrc": "https://cdn0.woolworths.media/content/wowproductimages/medium/786476.jpg",
        "name": "Woolworths Essentials Straws Clear 100pk",
        "price": 1,
        "unitPrice": "$0.01 / 1EA"
    },
    {
        "category": "specials",
        "href": "https://www.woolworths.com.au/shop/productdetails/452213/majans-bhuja-mix-original",
        "imgName": "452213.jpg",
        "imgSrc": "https://cdn0.woolworths.media/content/wowproductimages/medium/452213.jpg",
        "name": "Majans Bhuja Mix Original 200g",
        "price": 3.85,
        "special": 2.5,
        "unitPrice": "$1.25 / 100G"
    },
    {
        "category": "specials",
        "href": "https://www.woolworths.com.au/shop/productdetails/258673/masterfoods-barbecue-sauce",
        "imgName": "258673.jpg",
        "imgSrc": "https://cdn0.woolworths.media/content/wowproductimages/medium/258673.jpg",
        "name": "Masterfoods Barbecue Sauce  920ml",
        "price": 4,
        "unitPrice": "$0.43 / 100ML"
    },
    {
        "category": "specials",
        "href": "https://www.woolworths.com.au/shop/productdetails/783896/easiyo-pineapple-coconut-bits-yoghurt-base",
        "imgName": "783896.jpg",
        "imgSrc": "https://cdn0.woolworths.media/content/wowproductimages/medium/783896.jpg",
        "name": "Easiyo Pineapple & Coconut Bits Yoghurt Base 230g",
        "price": 4.5,
        "unitPrice": "$1.96 / 100G"
    },
    {
        "category": "specials",
        "href": "https://www.woolworths.com.au/shop/productdetails/789959/inspire-kitchen-scissors",
        "imgName": "789959.jpg",
        "imgSrc": "https://cdn0.woolworths.media/content/wowproductimages/medium/789959.jpg",
        "name": "Inspire Kitchen Scissors  each",
        "price": 10
    },
    {
        "category": "specials",
        "href": "https://www.woolworths.com.au/shop/productdetails/900822/carlton-dry-low-carb-lager-stubbies",
        "imgName": "900822.jpg",
        "imgSrc": "https://cdn0.woolworths.media/content/wowproductimages/medium/900822.jpg",
        "name": "Carlton Dry Low Carb Lager Stubbies 24x355ml case",
        "price": 54,
        "special": 47
    },
    {
        "category": "specials",
        "href": "https://www.woolworths.com.au/shop/productdetails/544763/primo-pastrami",
        "imgName": "544763.jpg",
        "imgSrc": "https://cdn0.woolworths.media/content/wowproductimages/medium/544763.jpg",
        "name": "Primo Pastrami  80g",
        "price": 3,
        "unitPrice": "$37.50 / 1KG"
    },
    {
        "category": "specials",
        "href": "https://www.woolworths.com.au/shop/productdetails/37787/glad-oven-bags-large",
        "imgName": "037787.jpg",
        "imgSrc": "https://cdn0.woolworths.media/content/wowproductimages/medium/037787.jpg",
        "name": "Glad Oven Bags Large 4pk",
        "price": 2.4,
        "special": 1.9,
        "unitPrice": "$0.48 / 1EA"
    },
    {
        "category": "specials",
        "href": "https://www.woolworths.com.au/shop/productdetails/117822/arnott-s-tee-vee-snacks-malt-sticks",
        "imgName": "117822.jpg",
        "imgSrc": "https://cdn0.woolworths.media/content/wowproductimages/medium/117822.jpg",
        "name": "Arnott's Tee Vee Snacks Malt Sticks 175g",
        "price": 2.5,
        "unitPrice": "$1.43 / 100G"
    },
    {
        "category": "specials",
        "href": "https://www.woolworths.com.au/shop/productdetails/697154/homebrand-honey-poppas",
        "imgName": "697154.jpg",
        "imgSrc": "https://cdn0.woolworths.media/content/wowproductimages/medium/697154.jpg",
        "name": "Homebrand Honey Poppas  250g",
        "price": 2,
        "unitPrice": "$0.80 / 100G"
    },
    {
        "category": "specials",
        "href": "https://www.woolworths.com.au/shop/productdetails/52313/ixl-plum-jam",
        "imgName": "052313.jpg",
        "imgSrc": "https://cdn0.woolworths.media/content/wowproductimages/medium/052313.jpg",
        "name": "Ixl Plum Jam 250g",
        "price": 2.6,
        "special": 2,
        "unitPrice": "$0.80 / 100G"
    },
    {
        "category": "specials",
        "href": "https://www.woolworths.com.au/shop/productdetails/753174/woolworths-fruit-salad-in-juice",
        "imgName": "753174.jpg",
        "imgSrc": "https://cdn0.woolworths.media/content/wowproductimages/medium/753174.jpg",
        "name": "Woolworths Fruit Salad In Juice 410g",
        "price": 2,
        "unitPrice": "$4.88 / 1KG"
    },
    {
        "category": "specials",
        "href": "https://www.woolworths.com.au/shop/productdetails/128900/praise-99-fat-free-mayonnaise",
        "imgName": "128900.jpg",
        "imgSrc": "https://cdn0.woolworths.media/content/wowproductimages/medium/128900.jpg",
        "name": "Praise 99% Fat Free Mayonnaise 410g",
        "price": 3.4,
        "special": 1.7,
        "unitPrice": "$0.41 / 100G"
    },
    {
        "category": "specials",
        "href": "https://www.woolworths.com.au/shop/productdetails/336347/lowan-swiss-muesli",
        "imgName": "336347.jpg",
        "imgSrc": "https://cdn0.woolworths.media/content/wowproductimages/medium/336347.jpg",
        "name": "Lowan Swiss Muesli 750g",
        "price": 4,
        "unitPrice": "$0.53 / 100G"
    },
    {
        "category": "specials",
        "href": "https://www.woolworths.com.au/shop/productdetails/257603/i-j-light-and-crispy-battered-fish-crumbed-original",
        "imgName": "257603.jpg",
        "imgSrc": "https://cdn0.woolworths.media/content/wowproductimages/medium/257603.jpg",
        "name": "I&j Light And Crispy Battered Fish Crumbed Original 570g",
        "price": 6.5,
        "unitPrice": "$11.40 / 1KG"
    },
    {
        "category": "specials",
        "href": "https://www.woolworths.com.au/shop/productdetails/46638/darrell-lea-licorice-twists-grape",
        "imgName": "046638.jpg",
        "imgSrc": "https://cdn0.woolworths.media/content/wowproductimages/medium/046638.jpg",
        "name": "Darrell Lea Licorice Twists Grape 300g bag",
        "price": 3.8,
        "unitPrice": "$1.27 / 100G"
    },
    {
        "category": "specials",
        "href": "https://www.woolworths.com.au/shop/productdetails/91446/san-remo-shells-large-pasta-no-29",
        "imgName": "091446.jpg",
        "imgSrc": "https://cdn0.woolworths.media/content/wowproductimages/medium/091446.jpg",
        "name": "San Remo Shells Large Pasta No 29 500g",
        "price": 1.95,
        "unitPrice": "$0.39 / 100G"
    },
    {
        "category": "specials",
        "href": "https://www.woolworths.com.au/shop/productdetails/211293/loacker-quadratini-wafers-napolitaner",
        "imgName": "211293.jpg",
        "imgSrc": "https://cdn0.woolworths.media/content/wowproductimages/medium/211293.jpg",
        "name": "Loacker Quadratini Wafers Napolitaner 125g",
        "price": 2.3,
        "special": 2,
        "unitPrice": "$1.60 / 100G"
    },
    {
        "category": "specials",
        "href": "https://www.woolworths.com.au/shop/productdetails/205356/nature-s-own-calcium-magnesium-vitamin-d3-tablets",
        "imgName": "205356.jpg",
        "imgSrc": "https://cdn0.woolworths.media/content/wowproductimages/medium/205356.jpg",
        "name": "Nature's Own Calcium Magnesium & Vitamin D3 Tablets 120",
        "price": 12.5,
        "unitPrice": "$10.42 / 100EA"
    },
    {
        "category": "specials",
        "href": "https://www.woolworths.com.au/shop/productdetails/213800/clearasil-facial-scrub-blackhead-clearing",
        "imgName": "213800.jpg",
        "imgSrc": "https://cdn0.woolworths.media/content/wowproductimages/medium/213800.jpg",
        "name": "Clearasil Facial Scrub Blackhead Clearing 150ml",
        "price": 10.99,
        "unitPrice": "$7.33 / 100ML"
    },
    {
        "category": "specials",
        "href": "https://www.woolworths.com.au/shop/productdetails/331286/homebrand-rice-crackers-plain",
        "imgName": "331286.jpg",
        "imgSrc": "https://cdn0.woolworths.media/content/wowproductimages/medium/331286.jpg",
        "name": "Homebrand Rice Crackers Plain 100g",
        "price": 0.9,
        "unitPrice": "$0.90 / 100G"
    },
    {
        "category": "specials",
        "href": "https://www.woolworths.com.au/shop/productdetails/505300/the-natural-confectionery-co-jelly-pops-raspberry",
        "imgName": "505300.jpg",
        "imgSrc": "https://cdn0.woolworths.media/content/wowproductimages/medium/505300.jpg",
        "name": "The Natural Confectionery Co Jelly Pops Raspberry 10pk 400ml",
        "price": 6.8,
        "special": 4.5,
        "unitPrice": "$0.90 / 100G"
    },
    {
        "category": "specials",
        "href": "https://www.woolworths.com.au/shop/productdetails/700497/duck-toilet-fresh-disc-citrus-refill",
        "imgName": "700497.jpg",
        "imgSrc": "https://cdn0.woolworths.media/content/wowproductimages/medium/700497.jpg",
        "name": "Duck Toilet Fresh Disc Citrus Refill 2x36ml",
        "price": 9.7,
        "special": 8,
        "unitPrice": "$11.11 / 100ML"
    },
    {
        "category": "specials",
        "href": "https://www.woolworths.com.au/shop/productdetails/606054/artline-fineline-pen-assorted-0-4mm",
        "imgName": "606054.jpg",
        "imgSrc": "https://cdn0.woolworths.media/content/wowproductimages/medium/606054.jpg",
        "name": "Artline Fineline Pen Assorted 0.4mm 4pk",
        "price": 10,
        "special": 7
    },
    {
        "category": "specials",
        "href": "https://www.woolworths.com.au/shop/productdetails/740149/mud-lipstick-013-pure-passion",
        "imgName": "740149.jpg",
        "imgSrc": "https://cdn0.woolworths.media/content/wowproductimages/medium/740149.jpg",
        "name": "Mud Lipstick 013 Pure Passion 2.1g",
        "price": 4.5,
        "unitPrice": "$21.43 / 10G"
    },
    {
        "category": "specials",
        "href": "https://www.woolworths.com.au/shop/productdetails/784402/whiskas-adult-cat-food-in-mince",
        "imgName": "784402.jpg",
        "imgSrc": "https://cdn0.woolworths.media/content/wowproductimages/medium/784402.jpg",
        "name": "Whiskas Adult Cat Food In Mince 12pk",
        "price": 7,
        "unitPrice": "$0.69 / 100G"
    },
    {
        "category": "specials",
        "href": "https://www.woolworths.com.au/shop/productdetails/28700/chris-dips-spring-onion",
        "imgName": "028700.jpg",
        "imgSrc": "https://cdn0.woolworths.media/content/wowproductimages/medium/028700.jpg",
        "name": "Chris' Dips Spring Onion  200g",
        "price": 3.5,
        "unitPrice": "$1.75 / 100G"
    },
    {
        "category": "specials",
        "href": "https://www.woolworths.com.au/shop/productdetails/347667/heinz-big-eat-spaghetti-bolognese",
        "imgName": "347667.jpg",
        "imgSrc": "https://cdn0.woolworths.media/content/wowproductimages/medium/347667.jpg",
        "name": "Heinz Big Eat Spaghetti Bolognese 410g",
        "price": 2.5,
        "unitPrice": "$6.10 / 1KG"
    },
    {
        "category": "specials",
        "href": "https://www.woolworths.com.au/shop/productdetails/313472/canesten-foot-care-cream-for-athletes-foot",
        "imgName": "313472.jpg",
        "imgSrc": "https://cdn0.woolworths.media/content/wowproductimages/medium/313472.jpg",
        "name": "Canesten Foot Care Cream For Athletes Foot 50g",
        "price": 11,
        "special": 8.8,
        "unitPrice": "$17.60 / 100G"
    },
    {
        "category": "specials",
        "href": "https://www.woolworths.com.au/shop/productdetails/321780/essentials-toilet-tissue-1ply-white-1000sheets",
        "imgName": "321780.jpg",
        "imgSrc": "https://cdn0.woolworths.media/content/wowproductimages/medium/321780.jpg",
        "name": "Essentials Toilet Tissue 1ply White 1000sheets 1pk",
        "price": 1.15,
        "unitPrice": "$0.12 / 100SS"
    },
    {
        "category": "specials",
        "href": "https://www.woolworths.com.au/shop/productdetails/789900/ansell-gloves-sensitive-touch-medium",
        "imgName": "789900.jpg",
        "imgSrc": "https://cdn0.woolworths.media/content/wowproductimages/medium/789900.jpg",
        "name": "Ansell Gloves Sensitive Touch Medium each",
        "price": 2.49,
        "special": 1.99,
        "unitPrice": "$1.99 / 1EA"
    },
    {
        "category": "specials",
        "href": "https://www.woolworths.com.au/shop/productdetails/42862/deeko-dinner-plates-plastic",
        "imgName": "042862.jpg",
        "imgSrc": "https://cdn0.woolworths.media/content/wowproductimages/medium/042862.jpg",
        "name": "Deeko Dinner Plates Plastic 20pk",
        "price": 5,
        "special": 4,
        "unitPrice": "$0.20 / 1EA"
    },
    {
        "category": "specials",
        "href": "https://www.woolworths.com.au/shop/productdetails/119411/ansell-gloves-dermo-plus-small",
        "imgName": "119411.jpg",
        "imgSrc": "https://cdn0.woolworths.media/content/wowproductimages/medium/119411.jpg",
        "name": "Ansell Gloves Dermo Plus Small 1 pair",
        "price": 4,
        "unitPrice": "$4.00 / 1EA"
    },
    {
        "category": "specials",
        "href": "https://www.woolworths.com.au/shop/productdetails/179481/gravox-gravy-mix-lamb-rosemary",
        "imgName": "179481.jpg",
        "imgSrc": "https://cdn0.woolworths.media/content/wowproductimages/medium/179481.jpg",
        "name": "Gravox Gravy Mix Lamb & Rosemary 120g",
        "price": 3.3,
        "special": 2.5,
        "unitPrice": "$0.21 / 10G"
    },
    {
        "category": "specials",
        "href": "https://www.woolworths.com.au/shop/productdetails/363085/oxfam-organic-fair-trade-ground-coffee-africa-blend",
        "imgName": "363085.jpg",
        "imgSrc": "https://cdn0.woolworths.media/content/wowproductimages/medium/363085.jpg",
        "name": "Oxfam Organic Fair Trade Ground Coffee Africa Blend 250g",
        "price": 9,
        "special": 7,
        "unitPrice": "$2.80 / 100G"
    },
    {
        "category": "specials",
        "href": "https://www.woolworths.com.au/shop/productdetails/329036/hermesetas-sweetener-stevia-sachets",
        "imgName": "329036.jpg",
        "imgSrc": "https://cdn0.woolworths.media/content/wowproductimages/medium/329036.jpg",
        "name": "Hermesetas Sweetener Stevia Sachets 50g",
        "price": 5.3,
        "special": 4,
        "unitPrice": "$8.00 / 100G"
    },
    {
        "category": "specials",
        "href": "https://www.woolworths.com.au/shop/productdetails/440153/wrigley-s-extra-gum-spearmint",
        "imgName": "440153.jpg",
        "imgSrc": "https://cdn0.woolworths.media/content/wowproductimages/medium/440153.jpg",
        "name": "Wrigley's Extra Gum Spearmint 4pk",
        "price": 3.5,
        "special": 3,
        "unitPrice": "$5.36 / 100G"
    },
    {
        "category": "specials",
        "href": "https://www.woolworths.com.au/shop/productdetails/824189/woolworths-select-family-assorted-biscuits",
        "imgName": "824189.jpg",
        "imgSrc": "https://cdn0.woolworths.media/content/wowproductimages/medium/824189.jpg",
        "name": "Woolworths Select Family Assorted Biscuits 500g",
        "price": 2.49,
        "unitPrice": "$0.50 / 100G"
    },
    {
        "category": "specials",
        "href": "https://www.woolworths.com.au/shop/productdetails/827709/nature-s-own-tripple-strngth-garlic-c-horseradish-tablets",
        "imgName": "827709.jpg",
        "imgSrc": "https://cdn0.woolworths.media/content/wowproductimages/medium/827709.jpg",
        "name": "Nature's Own Tripple Strngth Garlic+c Horseradish Tablets 60pk",
        "price": 14,
        "unitPrice": "$23.33 / 100EA"
    },
    {
        "category": "specials",
        "href": "https://www.woolworths.com.au/shop/productdetails/269054/bic-kids-colouring-pencils",
        "imgName": "269054.jpg",
        "imgSrc": "https://cdn0.woolworths.media/content/wowproductimages/medium/269054.jpg",
        "name": "Bic Kids Colouring Pencils  12pk",
        "price": 3.8,
        "special": 2.8
    },
    {
        "category": "specials",
        "href": "https://www.woolworths.com.au/shop/productdetails/313400/j-j-snacks-multipack-chicken-chips",
        "imgName": "313400.jpg",
        "imgSrc": "https://cdn0.woolworths.media/content/wowproductimages/medium/313400.jpg",
        "name": "J.j. Snacks Multipack Chicken Chips 12pk 180g",
        "price": 4.5,
        "unitPrice": "$2.50 / 100G"
    },
    {
        "category": "specials",
        "href": "https://www.woolworths.com.au/shop/productdetails/6576/king-island-camembert-cheese",
        "imgName": "006576.jpg",
        "imgSrc": "https://cdn0.woolworths.media/content/wowproductimages/medium/006576.jpg",
        "name": "King Island Camembert Cheese 200g",
        "price": 12,
        "special": 8,
        "unitPrice": "$40.00 / 1KG"
    },
    {
        "category": "specials",
        "href": "https://www.woolworths.com.au/shop/productdetails/34037/heinz-baked-beans-tomato-sauce",
        "imgName": "034037.jpg",
        "imgSrc": "https://cdn0.woolworths.media/content/wowproductimages/medium/034037.jpg",
        "name": "Heinz Baked Beans Tomato Sauce 220g",
        "price": 1.65,
        "special": 1.4,
        "unitPrice": "$0.64 / 100G"
    },
    {
        "category": "specials",
        "href": "https://www.woolworths.com.au/shop/productdetails/153757/wokka-noodles-golden-hokkien-shelf-fresh",
        "imgName": "153757.jpg",
        "imgSrc": "https://cdn0.woolworths.media/content/wowproductimages/medium/153757.jpg",
        "name": "Wokka Noodles Golden Hokkien Shelf Fresh 440g",
        "price": 2.7,
        "unitPrice": "$0.61 / 100G"
    },
    {
        "category": "specials",
        "href": "https://www.woolworths.com.au/shop/productdetails/330394/aerogard-insect-repellent-tropical-strength-20-free",
        "imgName": "330394.jpg",
        "imgSrc": "https://cdn0.woolworths.media/content/wowproductimages/medium/330394.jpg",
        "name": "Aerogard Insect Repellent Tropical Strength 20% Free 300g",
        "price": 8.99,
        "unitPrice": "$3.00 / 100G"
    },
    {
        "category": "specials",
        "href": "https://www.woolworths.com.au/shop/productdetails/334732/woolworths-plum-jam",
        "imgName": "334732.jpg",
        "imgSrc": "https://cdn0.woolworths.media/content/wowproductimages/medium/334732.jpg",
        "name": "Woolworths Plum Jam 500g",
        "price": 2.5,
        "unitPrice": "$0.50 / 100G"
    },
    {
        "category": "specials",
        "href": "https://www.woolworths.com.au/shop/productdetails/696340/woolworths-canned-soup-chunky-beef-stockpot",
        "imgName": "696340.jpg",
        "imgSrc": "https://cdn0.woolworths.media/content/wowproductimages/medium/696340.jpg",
        "name": "Woolworths Canned Soup Chunky Beef Stockpot 505g",
        "price": 2,
        "unitPrice": "$0.40 / 100G"
    },
    {
        "category": "specials",
        "href": "https://www.woolworths.com.au/shop/productdetails/781942/blue-ribbon-reduced-fat-ice-cream-cookies-cream",
        "imgName": "781942.jpg",
        "imgSrc": "https://cdn0.woolworths.media/content/wowproductimages/medium/781942.jpg",
        "name": "Blue Ribbon Reduced Fat Ice Cream Cookies & Cream 2l tub",
        "price": 4.9,
        "unitPrice": "$0.25 / 100ML"
    },
    {
        "category": "specials",
        "href": "https://www.woolworths.com.au/shop/productdetails/854127/inspire-garlic-press",
        "imgName": "854127.jpg",
        "imgSrc": "https://cdn0.woolworths.media/content/wowproductimages/medium/854127.jpg",
        "name": "Inspire Garlic Press  each",
        "price": 6
    },
    {
        "category": "specials",
        "href": "https://www.woolworths.com.au/shop/productdetails/423764/maybelline-new-york-creamy-matte-daringly-nude",
        "imgName": "423764.jpg",
        "imgSrc": "https://cdn0.woolworths.media/content/wowproductimages/medium/423764.jpg",
        "name": "Maybelline New York Creamy Matte Daringly Nude 4.2g",
        "price": 17.95,
        "special": 12.55,
        "unitPrice": "$29.88 / 10G"
    },
    {
        "category": "specials",
        "href": "https://www.woolworths.com.au/shop/productdetails/786295/palmolive-handwash-foam-pump-fig-coconut",
        "imgName": "786295.jpg",
        "imgSrc": "https://cdn0.woolworths.media/content/wowproductimages/medium/786295.jpg",
        "name": "Palmolive Handwash Foam Pump Fig & Coconut 250ml",
        "price": 3.5,
        "special": 2.9,
        "unitPrice": "$1.16 / 100ML"
    },
    {
        "category": "specials",
        "href": "https://www.woolworths.com.au/shop/productdetails/46629/whittakers-dark-chocolate-72-cocoa-ghana-peppermint",
        "imgName": "046629.jpg",
        "imgSrc": "https://cdn0.woolworths.media/content/wowproductimages/medium/046629.jpg",
        "name": "Whittakers Dark Chocolate 72% Cocoa Ghana Peppermint 220g block",
        "price": 4.8,
        "special": 3.5,
        "unitPrice": "$1.59 / 100G"
    },
    {
        "category": "specials",
        "href": "https://www.woolworths.com.au/shop/productdetails/193763/devondale-tasty-cheese",
        "imgName": "193763.jpg",
        "imgSrc": "https://cdn0.woolworths.media/content/wowproductimages/medium/193763.jpg",
        "name": "Devondale Tasty Cheese 625g",
        "price": 7,
        "unitPrice": "$11.20 / 1KG"
    },
    {
        "category": "specials",
        "href": "https://www.woolworths.com.au/shop/productdetails/360626/finish-powerball-quantum-tablets-lemon-sparkle",
        "imgName": "360626.jpg",
        "imgSrc": "https://cdn0.woolworths.media/content/wowproductimages/medium/360626.jpg",
        "name": "Finish Powerball Quantum Tablets Lemon Sparkle 20pk",
        "price": 12,
        "unitPrice": "$0.60 / 1EA"
    },
    {
        "category": "specials",
        "href": "https://www.woolworths.com.au/shop/productdetails/586412/finish-quantum-ultimate-dishwashing-tablets-lemon",
        "imgName": "586412.jpg",
        "imgSrc": "https://cdn0.woolworths.media/content/wowproductimages/medium/586412.jpg",
        "name": "Finish Quantum Ultimate Dishwashing Tablets Lemon 32pk",
        "price": 28,
        "special": 18,
        "unitPrice": "$0.56 / 1EA"
    },
    {
        "category": "specials",
        "href": "https://www.woolworths.com.au/shop/productdetails/633616/connoisseur-kangaroo-island-honey-with-honeycomb-shards-ice-cream",
        "imgName": "633616.jpg",
        "imgSrc": "https://cdn0.woolworths.media/content/wowproductimages/medium/633616.jpg",
        "name": "Connoisseur Kangaroo Island Honey With Honeycomb Shards Ice Cream 4pk 455ml",
        "price": 8.4,
        "special": 6,
        "unitPrice": "$1.32 / 100ML"
    },
    {
        "category": "specials",
        "href": "https://www.woolworths.com.au/shop/productdetails/740748/woolworths-select-cream-cheese-spread",
        "imgName": "740748.jpg",
        "imgSrc": "https://cdn0.woolworths.media/content/wowproductimages/medium/740748.jpg",
        "name": "Woolworths Select Cream Cheese Spread 245g",
        "price": 2.9,
        "unitPrice": "$11.84 / 1KG"
    },
    {
        "category": "specials",
        "href": "https://www.woolworths.com.au/shop/productdetails/713569/baby-macro-organic-4-months-apple-mango-pear",
        "imgName": "713569.jpg",
        "imgSrc": "https://cdn0.woolworths.media/content/wowproductimages/medium/713569.jpg",
        "name": "Baby Macro Organic 4 Months+ Apple Mango & Pear 120g",
        "price": 1.5,
        "unitPrice": "$1.25 / 100G"
    },
    {
        "category": "specials",
        "href": "https://www.woolworths.com.au/shop/productdetails/756680/once-upon-a-time-6-months-potato-beef-casserole",
        "imgName": "756680.jpg",
        "imgSrc": "https://cdn0.woolworths.media/content/wowproductimages/medium/756680.jpg",
        "name": "Once Upon A Time 6 Months Potato Beef Casserole 120g",
        "price": 1.1,
        "unitPrice": "$0.92 / 100G"
    },
    {
        "category": "specials",
        "href": "https://www.woolworths.com.au/shop/productdetails/763404/ansell-gloves-heavy-duty-medium",
        "imgName": "763404.jpg",
        "imgSrc": "https://cdn0.woolworths.media/content/wowproductimages/medium/763404.jpg",
        "name": "Ansell Gloves Heavy Duty Medium each",
        "price": 3.8,
        "unitPrice": "$3.80 / 1EA"
    },
    {
        "category": "specials",
        "href": "https://www.woolworths.com.au/shop/productdetails/19752/lindt-excellence-milk-chocolate-extra-creamy",
        "imgName": "019752.jpg",
        "imgSrc": "https://cdn0.woolworths.media/content/wowproductimages/medium/019752.jpg",
        "name": "Lindt Excellence Milk Chocolate Extra Creamy 100g block",
        "price": 4.25,
        "special": 2.12,
        "unitPrice": "$2.12 / 100G"
    },
    {
        "category": "specials",
        "href": "https://www.woolworths.com.au/shop/productdetails/208687/schwarzkopf-extra-care-shampoo-liquid-silk",
        "imgName": "208687.jpg",
        "imgSrc": "https://cdn0.woolworths.media/content/wowproductimages/medium/208687.jpg",
        "name": "Schwarzkopf Extra Care Shampoo Liquid Silk 400ml",
        "price": 6.9,
        "special": 3.44,
        "unitPrice": "$0.86 / 100ML"
    },
    {
        "category": "specials",
        "href": "https://www.woolworths.com.au/shop/productdetails/259079/nescafe-coffee-sachets-strong-cappucino",
        "imgName": "259079.jpg",
        "imgSrc": "https://cdn0.woolworths.media/content/wowproductimages/medium/259079.jpg",
        "name": "Nescafe Coffee Sachets Strong Cappucino 10pk",
        "price": 6.59,
        "special": 3.29,
        "unitPrice": "$2.63 / 100G"
    },
    {
        "category": "specials",
        "href": "https://www.woolworths.com.au/shop/productdetails/320872/olay-total-effects-7-in-1-touch-of-foundation-bb-creme-spf-15",
        "imgName": "320872.jpg",
        "imgSrc": "https://cdn0.woolworths.media/content/wowproductimages/medium/320872.jpg",
        "name": "Olay Total Effects 7-in-1 Touch Of Foundation Bb Creme Spf 15 50g",
        "price": 33.5,
        "special": 16.75,
        "unitPrice": "$33.50 / 100G"
    },
    {
        "category": "specials",
        "href": "https://www.woolworths.com.au/shop/productdetails/330971/peckish-thins-rice-crackers-sweet-chilli",
        "imgName": "330971.jpg",
        "imgSrc": "https://cdn0.woolworths.media/content/wowproductimages/medium/330971.jpg",
        "name": "Peckish Thins Rice Crackers Sweet Chilli 100g",
        "price": 2.2,
        "special": 1,
        "unitPrice": "$1.00 / 100G"
    },
    {
        "category": "specials",
        "href": "https://www.woolworths.com.au/shop/productdetails/570993/extra-care-sun-repair-conditioner",
        "imgName": "570993.jpg",
        "imgSrc": "https://cdn0.woolworths.media/content/wowproductimages/medium/570993.jpg",
        "name": "Extra Care Sun Repair Conditioner 400ml",
        "price": 6.9,
        "special": 3.44,
        "unitPrice": "$0.86 / 100ML"
    },
    {
        "category": "specials",
        "href": "https://www.woolworths.com.au/shop/productdetails/574488/lindt-excellence-salted-caramel-chocolate",
        "imgName": "574488.jpg",
        "imgSrc": "https://cdn0.woolworths.media/content/wowproductimages/medium/574488.jpg",
        "name": "Lindt Excellence Salted Caramel Chocolate 100g block",
        "price": 4.25,
        "special": 2.12,
        "unitPrice": "$2.12 / 100G"
    },
    {
        "category": "specials",
        "href": "https://www.woolworths.com.au/shop/productdetails/602854/nescafe-sachets-chai-coffee-latte",
        "imgName": "602854.jpg",
        "imgSrc": "https://cdn0.woolworths.media/content/wowproductimages/medium/602854.jpg",
        "name": "Nescafe Sachets Chai Coffee Latte 10pk",
        "price": 6.59,
        "special": 3.29,
        "unitPrice": "$1.94 / 100G"
    },
    {
        "category": "specials",
        "href": "https://www.woolworths.com.au/shop/productdetails/608712/masterfoods-reduced-salt-sugar-tomato-sauce",
        "imgName": "608712.jpg",
        "imgSrc": "https://cdn0.woolworths.media/content/wowproductimages/medium/608712.jpg",
        "name": "Masterfoods Reduced Salt & Sugar Tomato Sauce 475ml",
        "price": 2.95,
        "special": 1.47,
        "unitPrice": "$0.31 / 100ML"
    },
    {
        "category": "specials",
        "href": "https://www.woolworths.com.au/shop/productdetails/633600/olay-regenerist-detox-scrub",
        "imgName": "633600.jpg",
        "imgSrc": "https://cdn0.woolworths.media/content/wowproductimages/medium/633600.jpg",
        "name": "Olay Regenerist Detox Scrub 150ml",
        "price": 15,
        "special": 7.5,
        "unitPrice": "$5.00 / 100ML"
    },
    {
        "category": "specials",
        "href": "https://www.woolworths.com.au/shop/productdetails/637158/lipton-infused-water-cucumber-mint",
        "imgName": "637158.jpg",
        "imgSrc": "https://cdn0.woolworths.media/content/wowproductimages/medium/637158.jpg",
        "name": "Lipton Infused Water Cucumber & Mint 1.5l",
        "price": 3.65,
        "special": 1.75,
        "unitPrice": "$1.17 / 1L"
    },
    {
        "category": "specials",
        "href": "https://www.woolworths.com.au/shop/productdetails/662394/loreal-elvive-fibralogy-conditioner",
        "imgName": "662394.jpg",
        "imgSrc": "https://cdn0.woolworths.media/content/wowproductimages/medium/662394.jpg",
        "name": "Loreal Elvive Fibralogy Conditioner 325ml",
        "price": 8,
        "special": 4,
        "unitPrice": "$1.23 / 100ML"
    },
    {
        "category": "specials",
        "href": "https://www.woolworths.com.au/shop/productdetails/662409/loreal-elvive-clay-conditioner",
        "imgName": "662409.jpg",
        "imgSrc": "https://cdn0.woolworths.media/content/wowproductimages/medium/662409.jpg",
        "name": "Loreal Elvive Clay Conditioner 325ml",
        "price": 8,
        "special": 4,
        "unitPrice": "$1.23 / 100ML"
    },
    {
        "category": "specials",
        "href": "https://www.woolworths.com.au/shop/productdetails/662430/loreal-elvive-total-repair-conditioner",
        "imgName": "662430.jpg",
        "imgSrc": "https://cdn0.woolworths.media/content/wowproductimages/medium/662430.jpg",
        "name": "Loreal Elvive Total Repair Conditioner 325ml",
        "price": 8,
        "special": 4,
        "unitPrice": "$1.23 / 100ML"
    },
    {
        "category": "specials",
        "href": "https://www.woolworths.com.au/shop/productdetails/662432/loreal-elvive-ex-oil-shampoo",
        "imgName": "662432.jpg",
        "imgSrc": "https://cdn0.woolworths.media/content/wowproductimages/medium/662432.jpg",
        "name": "Loreal Elvive Ex Oil Shampoo 325ml",
        "price": 8,
        "special": 4,
        "unitPrice": "$1.23 / 100ML"
    },
    {
        "category": "specials",
        "href": "https://www.woolworths.com.au/shop/productdetails/662433/loreal-elvive-ex-oil-conditioner",
        "imgName": "662433.jpg",
        "imgSrc": "https://cdn0.woolworths.media/content/wowproductimages/medium/662433.jpg",
        "name": "Loreal Elvive Ex Oil Conditioner 325ml",
        "price": 8,
        "special": 4,
        "unitPrice": "$1.23 / 100ML"
    },
    {
        "category": "specials",
        "href": "https://www.woolworths.com.au/shop/productdetails/750291/lindt-creation-milk-chocolate-divine-hazelnut",
        "imgName": "750291.jpg",
        "imgSrc": "https://cdn0.woolworths.media/content/wowproductimages/medium/750291.jpg",
        "name": "Lindt Creation Milk Chocolate Divine Hazelnut 100g block",
        "price": 4.25,
        "special": 2.12,
        "unitPrice": "$2.12 / 100G"
    },
    {
        "category": "specials",
        "href": "https://www.woolworths.com.au/shop/productdetails/829320/espressotoria-vittoria-coffee-oro-coffee-capsules",
        "imgName": "829320.jpg",
        "imgSrc": "https://cdn0.woolworths.media/content/wowproductimages/medium/829320.jpg",
        "name": "Espressotoria Vittoria Coffee Oro Coffee Capsules 12pk",
        "price": 8.4,
        "special": 4.2,
        "unitPrice": "$0.35 / 1EA"
    },
    {
        "category": "specials",
        "href": "https://www.woolworths.com.au/shop/productdetails/99633/masterfoods-tomato-sauce",
        "imgName": "099633.jpg",
        "imgSrc": "https://cdn0.woolworths.media/content/wowproductimages/medium/099633.jpg",
        "name": "Masterfoods Tomato Sauce  500ml",
        "price": 2.95,
        "special": 1.47,
        "unitPrice": "$0.29 / 100ML"
    },
    {
        "category": "specials",
        "href": "https://www.woolworths.com.au/shop/productdetails/246916/bonds-womens-underwear-bikini-hipster-size-16",
        "imgName": "246916.jpg",
        "imgSrc": "https://cdn0.woolworths.media/content/wowproductimages/medium/246916.jpg",
        "name": "Bonds Womens Underwear Bikini Hipster Size 16 2pk",
        "price": 18,
        "special": 9
    },
    {
        "category": "specials",
        "href": "https://www.woolworths.com.au/shop/productdetails/595410/biozet-attack-laundry-powder-with-softener",
        "imgName": "595410.jpg",
        "imgSrc": "https://cdn0.woolworths.media/content/wowproductimages/medium/595410.jpg",
        "name": "Biozet Attack Laundry Powder With Softener 2kg",
        "price": 22,
        "special": 9.99,
        "unitPrice": "$5.00 / 1KG"
    },
    {
        "category": "specials",
        "href": "https://www.woolworths.com.au/shop/productdetails/829794/bonds-comfy-tops-very-opaque-leggings-sml-med",
        "imgName": "829794.jpg",
        "imgSrc": "https://cdn0.woolworths.media/content/wowproductimages/medium/829794.jpg",
        "name": "Bonds Comfy Tops Very Opaque Leggings Sml-med each",
        "price": 13,
        "special": 6.5
    },
    {
        "category": "specials",
        "href": "https://www.woolworths.com.au/shop/productdetails/246921/bonds-womens-underwear-hipster-boyleg-size-16",
        "imgName": "246921.jpg",
        "imgSrc": "https://cdn0.woolworths.media/content/wowproductimages/medium/246921.jpg",
        "name": "Bonds Womens Underwear Hipster Boyleg Size 16 2pk",
        "price": 18,
        "special": 9
    },
    {
        "category": "specials",
        "href": "https://www.woolworths.com.au/shop/productdetails/828655/bonds-comfy-tops-semi-opaque-knee-high-nude-1-size",
        "imgName": "828655.jpg",
        "imgSrc": "https://cdn0.woolworths.media/content/wowproductimages/medium/828655.jpg",
        "name": "Bonds Comfy Tops Semi Opaque Knee High Nude 1 Size each",
        "price": 5,
        "special": 2.5
    },
    {
        "category": "specials",
        "href": "https://www.woolworths.com.au/shop/productdetails/828686/bonds-comfy-tops-very-opaque-tights-black-sml-med",
        "imgName": "828686.jpg",
        "imgSrc": "https://cdn0.woolworths.media/content/wowproductimages/medium/828686.jpg",
        "name": "Bonds Comfy Tops Very Opaque Tights Black Sml-med each",
        "price": 12,
        "special": 6
    },
    {
        "category": "specials",
        "href": "https://www.woolworths.com.au/shop/productdetails/829049/bonds-comfy-tops-fleecy-tights-black-tl-xt",
        "imgName": "829049.jpg",
        "imgSrc": "https://cdn0.woolworths.media/content/wowproductimages/medium/829049.jpg",
        "name": "Bonds Comfy Tops Fleecy Tights Black Tl-xt each",
        "price": 20,
        "special": 10
    },
    {
        "category": "specials",
        "href": "https://www.woolworths.com.au/shop/productdetails/258957/lean-cuisine-steam-satay-beef-with-rice",
        "imgName": "258957.jpg",
        "imgSrc": "https://cdn0.woolworths.media/content/wowproductimages/medium/258957.jpg",
        "name": "Lean Cuisine Steam Satay Beef With Rice 390g",
        "price": 5,
        "unitPrice": "$1.28 / 100G"
    },
    {
        "category": "specials",
        "href": "https://www.woolworths.com.au/shop/productdetails/311091/lean-cuisine-steam-spicy-meatball-arrabiata-spaghetti",
        "imgName": "311091.jpg",
        "imgSrc": "https://cdn0.woolworths.media/content/wowproductimages/medium/311091.jpg",
        "name": "Lean Cuisine Steam Spicy Meatball Arrabiata Spaghetti 380g",
        "price": 5,
        "unitPrice": "$1.32 / 100G"
    },
    {
        "category": "specials",
        "href": "https://www.woolworths.com.au/shop/productdetails/720679/mini-bread-rolls-soft-hot-dog",
        "imgName": "720679.jpg",
        "imgSrc": "https://cdn0.woolworths.media/content/wowproductimages/medium/720679.jpg",
        "name": "Mini Bread Rolls Soft Hot Dog 12pk",
        "price": 4,
        "special": 3,
        "unitPrice": "$0.25 / 1EA"
    },
    {
        "category": "specials",
        "href": "https://www.woolworths.com.au/shop/productdetails/259143/babylove-cosifit-bulk-nappies-newborn",
        "imgName": "259143.jpg",
        "imgSrc": "https://cdn0.woolworths.media/content/wowproductimages/medium/259143.jpg",
        "name": "Babylove Cosifit Bulk Nappies Newborn 54pk bulk",
        "price": 14,
        "special": 12,
        "unitPrice": "$0.22 / 1EA"
    },
    {
        "category": "specials",
        "href": "https://www.woolworths.com.au/shop/productdetails/38833/whiskas-adult-cat-food-ocean-fish-platter",
        "imgName": "038833.jpg",
        "imgSrc": "https://cdn0.woolworths.media/content/wowproductimages/medium/038833.jpg",
        "name": "Whiskas Adult Cat Food Ocean Fish Platter 400g",
        "price": 1.5,
        "unitPrice": "$0.38 / 100G"
    },
    {
        "category": "specials",
        "href": "https://www.woolworths.com.au/shop/productdetails/725005/johnson-s-body-wash-moisturising",
        "imgName": "725005.jpg",
        "imgSrc": "https://cdn0.woolworths.media/content/wowproductimages/medium/725005.jpg",
        "name": "Johnson's Body Wash Moisturising 1l",
        "price": 8.5,
        "unitPrice": "$0.85 / 100ML"
    },
    {
        "category": "specials",
        "href": "https://www.woolworths.com.au/shop/productdetails/54624/suimin-chicken-noodle-cup",
        "imgName": "054624.jpg",
        "imgSrc": "https://cdn0.woolworths.media/content/wowproductimages/medium/054624.jpg",
        "name": "Suimin Chicken Noodle Cup 70g",
        "price": 1.4,
        "special": 1.2,
        "unitPrice": "$1.71 / 100G"
    },
    {
        "category": "specials",
        "href": "https://www.woolworths.com.au/shop/productdetails/14766/libra-pads-extra-wings-regular",
        "imgName": "014766.jpg",
        "imgSrc": "https://cdn0.woolworths.media/content/wowproductimages/medium/014766.jpg",
        "name": "Libra Pads Extra Wings Regular 14pk",
        "price": 4.65,
        "unitPrice": "$0.33 / 1EA"
    },
    {
        "category": "specials",
        "href": "https://www.woolworths.com.au/shop/productdetails/77341/stayfree-pads-super-no-wings",
        "imgName": "077341.jpg",
        "imgSrc": "https://cdn0.woolworths.media/content/wowproductimages/medium/077341.jpg",
        "name": "Stayfree Pads Super No Wings 18pk",
        "price": 5,
        "unitPrice": "$0.28 / 1EA"
    },
    {
        "category": "specials",
        "href": "https://www.woolworths.com.au/shop/productdetails/176106/safcol-salmon-lemon-dill-in-springwater",
        "imgName": "176106.jpg",
        "imgSrc": "https://cdn0.woolworths.media/content/wowproductimages/medium/176106.jpg",
        "name": "Safcol Salmon Lemon & Dill In Springwater 100g",
        "price": 2,
        "unitPrice": "$20.00 / 1KG"
    },
    {
        "category": "specials",
        "href": "https://www.woolworths.com.au/shop/productdetails/326628/cadbury-dairy-milk-giant-freddo-frog-milk-chocolate",
        "imgName": "326628.jpg",
        "imgSrc": "https://cdn0.woolworths.media/content/wowproductimages/medium/326628.jpg",
        "name": "Cadbury Dairy Milk Giant Freddo Frog Milk Chocolate 35g bar",
        "price": 1,
        "special": 0.8,
        "unitPrice": "$2.29 / 100G"
    },
    {
        "category": "specials",
        "href": "https://www.woolworths.com.au/shop/productdetails/441653/finish-dishwasher-tablets-all-in-1",
        "imgName": "441653.jpg",
        "imgSrc": "https://cdn0.woolworths.media/content/wowproductimages/medium/441653.jpg",
        "name": "Finish Dishwasher Tablets All-in-1 80pk",
        "price": 28,
        "unitPrice": "$0.35 / 1EA"
    },
    {
        "category": "specials",
        "href": "https://www.woolworths.com.au/shop/productdetails/297415/whittakers-almond-slab-milk-chocolate",
        "imgName": "297415.jpg",
        "imgSrc": "https://cdn0.woolworths.media/content/wowproductimages/medium/297415.jpg",
        "name": "Whittakers Almond Slab Milk Chocolate 45g bar",
        "price": 1.4,
        "special": 1.1,
        "unitPrice": "$2.44 / 100G"
    },
    {
        "category": "specials",
        "href": "https://www.woolworths.com.au/shop/productdetails/721523/sealord-classic-crumbed-fish-bites",
        "imgName": "721523.jpg",
        "imgSrc": "https://cdn0.woolworths.media/content/wowproductimages/medium/721523.jpg",
        "name": "Sealord Classic Crumbed Fish Bites 400g",
        "price": 8.29,
        "special": 7,
        "unitPrice": "$17.50 / 1KG"
    },
    {
        "category": "specials",
        "href": "https://www.woolworths.com.au/shop/productdetails/268735/napro-palette-10-1-light-ash-blonde",
        "imgName": "268735.jpg",
        "imgSrc": "https://cdn0.woolworths.media/content/wowproductimages/medium/268735.jpg",
        "name": "Napro Palette 10.1 Light Ash Blonde 1pk",
        "price": 7.95
    },
    {
        "category": "specials",
        "href": "https://www.woolworths.com.au/shop/productdetails/291333/my-dog-adult-dog-food-classic-lamb-multipack",
        "imgName": "291333.jpg",
        "imgSrc": "https://cdn0.woolworths.media/content/wowproductimages/medium/291333.jpg",
        "name": "My Dog Adult Dog Food Classic Lamb Multipack 6pk 100g",
        "price": 7.3,
        "special": 5.5,
        "unitPrice": "$0.92 / 100G"
    },
    {
        "category": "specials",
        "href": "https://www.woolworths.com.au/shop/productdetails/250469/bonds-baby-socks-wonder-size-000",
        "imgName": "250469.jpg",
        "imgSrc": "https://cdn0.woolworths.media/content/wowproductimages/medium/250469.jpg",
        "name": "Bonds Baby Socks Wonder Size 000 3pk",
        "price": 8,
        "special": 5.6,
        "unitPrice": "$1.87 / 1EA"
    },
    {
        "category": "specials",
        "href": "https://www.woolworths.com.au/shop/productdetails/480222/your-majesty-kitten-food-delicate-tuna-flakes",
        "imgName": "480222.jpg",
        "imgSrc": "https://cdn0.woolworths.media/content/wowproductimages/medium/480222.jpg",
        "name": "Your Majesty Kitten Food Delicate Tuna Flakes 85g",
        "price": 0.7,
        "unitPrice": "$0.82 / 100G"
    },
    {
        "category": "specials",
        "href": "https://www.woolworths.com.au/shop/productdetails/667700/uncle-tobys-farmers-pick-passionfruit-macadamia-yoghurt",
        "imgName": "667700.jpg",
        "imgSrc": "https://cdn0.woolworths.media/content/wowproductimages/medium/667700.jpg",
        "name": "Uncle Tobys Farmers Pick Passionfruit Macadamia Yoghurt 175g",
        "price": 5.5,
        "special": 4,
        "unitPrice": "$2.29 / 100G"
    },
    {
        "category": "specials",
        "href": "https://www.woolworths.com.au/shop/productdetails/258867/pantene-pro-v-always-smooth-conditioner",
        "imgName": "258867.jpg",
        "imgSrc": "https://cdn0.woolworths.media/content/wowproductimages/medium/258867.jpg",
        "name": "Pantene Pro-v Always Smooth Conditioner 350ml",
        "price": 4.5,
        "unitPrice": "$1.29 / 100ML"
    },
    {
        "category": "specials",
        "href": "https://www.woolworths.com.au/shop/productdetails/262038/white-king-3-in-1-bleach-toilet-cleaner-block-in-cistern-marble-citrus",
        "imgName": "262038.jpg",
        "imgSrc": "https://cdn0.woolworths.media/content/wowproductimages/medium/262038.jpg",
        "name": "White King 3 In 1 Bleach Toilet Cleaner Block In Cistern Marble Citrus 2x50g",
        "price": 4.49,
        "special": 3.8,
        "unitPrice": "$3.80 / 100G"
    },
    {
        "category": "specials",
        "href": "https://www.woolworths.com.au/shop/productdetails/730333/vaseline-intensive-care-body-lotion-deep-restore",
        "imgName": "730333.jpg",
        "imgSrc": "https://cdn0.woolworths.media/content/wowproductimages/medium/730333.jpg",
        "name": "Vaseline Intensive Care Body Lotion Deep Restore 225ml",
        "price": 5,
        "unitPrice": "$2.22 / 100ML"
    },
    {
        "category": "specials",
        "href": "https://www.woolworths.com.au/shop/productdetails/362496/farex-baby-food-9-months-muesli-with-apple",
        "imgName": "362496.jpg",
        "imgSrc": "https://cdn0.woolworths.media/content/wowproductimages/medium/362496.jpg",
        "name": "Farex Baby Food 9 Months Muesli With Apple 150g",
        "price": 3,
        "unitPrice": "$2.00 / 100G"
    },
    {
        "category": "specials",
        "href": "https://www.woolworths.com.au/shop/productdetails/789956/inspire-bread-knife",
        "imgName": "789956.jpg",
        "imgSrc": "https://cdn0.woolworths.media/content/wowproductimages/medium/789956.jpg",
        "name": "Inspire Bread Knife  each",
        "price": 6
    },
    {
        "category": "specials",
        "href": "https://www.woolworths.com.au/shop/productdetails/868509/mud-liquid-foundation-001-ivory",
        "imgName": "868509.jpg",
        "imgSrc": "https://cdn0.woolworths.media/content/wowproductimages/medium/868509.jpg",
        "name": "Mud Liquid Foundation 001 Ivory 30ml",
        "price": 5.5,
        "unitPrice": "$1.83 / 10ML"
    },
    {
        "category": "specials",
        "href": "https://www.woolworths.com.au/shop/productdetails/881425/connoisseur-ice-cream-mint-choc-cookie",
        "imgName": "881425.jpg",
        "imgSrc": "https://cdn0.woolworths.media/content/wowproductimages/medium/881425.jpg",
        "name": "Connoisseur Ice Cream Mint Choc Cookie 4pk 455ml",
        "price": 8.4,
        "special": 6,
        "unitPrice": "$1.32 / 100ML"
    },
    {
        "category": "specials",
        "href": "https://www.woolworths.com.au/shop/productdetails/841202/air-wick-home-signature-flower-diffuser-water-iris-night-orchid",
        "imgName": "841202.jpg",
        "imgSrc": "https://cdn0.woolworths.media/content/wowproductimages/medium/841202.jpg",
        "name": "Air Wick Home Signature Flower Diffuser Water Iris & Night Orchid each",
        "price": 14.99,
        "special": 12
    },
    {
        "category": "specials",
        "href": "https://www.woolworths.com.au/shop/productdetails/854125/woolworths-essentials-sink-plug",
        "imgName": "854125.jpg",
        "imgSrc": "https://cdn0.woolworths.media/content/wowproductimages/medium/854125.jpg",
        "name": "Woolworths Essentials Sink Plug  each",
        "price": 2
    },
    {
        "category": "specials",
        "href": "https://www.woolworths.com.au/shop/productdetails/760517/ansell-gloves-heavy-duty-black-xl",
        "imgName": "760517.jpg",
        "imgSrc": "https://cdn0.woolworths.media/content/wowproductimages/medium/760517.jpg",
        "name": "Ansell Gloves Heavy Duty Black Xl each",
        "price": 3.8,
        "unitPrice": "$3.80 / 1EA"
    },
    {
        "category": "specials",
        "href": "https://www.woolworths.com.au/shop/productdetails/31429/old-el-paso-enchilada-dinner-kit",
        "imgName": "031429.jpg",
        "imgSrc": "https://cdn0.woolworths.media/content/wowproductimages/medium/031429.jpg",
        "name": "Old El Paso Enchilada Dinner Kit 520g",
        "price": 4.75,
        "unitPrice": "$0.91 / 100G"
    },
    {
        "category": "specials",
        "href": "https://www.woolworths.com.au/shop/productdetails/35625/avent-teats-6-months-fast-flow",
        "imgName": "035625.jpg",
        "imgSrc": "https://cdn0.woolworths.media/content/wowproductimages/medium/035625.jpg",
        "name": "Avent Teats 6 Months+ Fast Flow 2pk",
        "price": 10.5,
        "special": 7.35,
        "unitPrice": "$3.68 / 1EA"
    },
    {
        "category": "specials",
        "href": "https://www.woolworths.com.au/shop/productdetails/49587/gravox-gravy-mix-pepper-sauce",
        "imgName": "049587.jpg",
        "imgSrc": "https://cdn0.woolworths.media/content/wowproductimages/medium/049587.jpg",
        "name": "Gravox Gravy Mix Pepper Sauce 140g",
        "price": 3.3,
        "special": 2.5,
        "unitPrice": "$0.18 / 10G"
    },
    {
        "category": "specials",
        "href": "https://www.woolworths.com.au/shop/productdetails/250031/essentials-plastic-knives",
        "imgName": "250031.jpg",
        "imgSrc": "https://cdn0.woolworths.media/content/wowproductimages/medium/250031.jpg",
        "name": "Essentials Plastic Knives  20pk",
        "price": 1,
        "unitPrice": "$0.05 / 1EA"
    },
    {
        "category": "specials",
        "href": "https://www.woolworths.com.au/shop/productdetails/310254/woolworths-select-vegetable-liquid-stock",
        "imgName": "310254.jpg",
        "imgSrc": "https://cdn0.woolworths.media/content/wowproductimages/medium/310254.jpg",
        "name": "Woolworths Select Vegetable Liquid Stock 1l",
        "price": 2,
        "unitPrice": "$0.20 / 100ML"
    },
    {
        "category": "specials",
        "href": "https://www.woolworths.com.au/shop/productdetails/347455/john-frieda-conditioner-frizz-ease-repairing",
        "imgName": "347455.jpg",
        "imgSrc": "https://cdn0.woolworths.media/content/wowproductimages/medium/347455.jpg",
        "name": "John Frieda Conditioner Frizz Ease Repairing 250ml",
        "price": 16,
        "special": 9.6,
        "unitPrice": "$3.84 / 100ML"
    },
    {
        "category": "specials",
        "href": "https://www.woolworths.com.au/shop/productdetails/380448/maybelline-fit-me-concealer-sand",
        "imgName": "380448.jpg",
        "imgSrc": "https://cdn0.woolworths.media/content/wowproductimages/medium/380448.jpg",
        "name": "Maybelline Fit Me Concealer Sand 6.8ml",
        "price": 14.95,
        "special": 10.45,
        "unitPrice": "$15.37 / 10ML"
    },
    {
        "category": "specials",
        "href": "https://www.woolworths.com.au/shop/productdetails/381571/garnier-miracle-skin-perfector-daily-all-in-one-tinted-light",
        "imgName": "381571.jpg",
        "imgSrc": "https://cdn0.woolworths.media/content/wowproductimages/medium/381571.jpg",
        "name": "Garnier Miracle Skin Perfector Daily All In One Tinted Light 50ml",
        "price": 14.99,
        "special": 10.49,
        "unitPrice": "$20.98 / 100ML"
    },
    {
        "category": "specials",
        "href": "https://www.woolworths.com.au/shop/productdetails/482404/dettol-foam-hand-wash-rose-cherry-refill",
        "imgName": "482404.jpg",
        "imgSrc": "https://cdn0.woolworths.media/content/wowproductimages/medium/482404.jpg",
        "name": "Dettol Foam Hand Wash Rose & Cherry Refill 900ml",
        "price": 7,
        "unitPrice": "$0.78 / 100ML"
    },
    {
        "category": "specials",
        "href": "https://www.woolworths.com.au/shop/productdetails/485725/essano-shampoo-soothing-keratin-complex",
        "imgName": "485725.jpg",
        "imgSrc": "https://cdn0.woolworths.media/content/wowproductimages/medium/485725.jpg",
        "name": "Essano Shampoo Soothing Keratin Complex 300ml",
        "price": 16,
        "special": 13,
        "unitPrice": "$4.33 / 100ML"
    },
    {
        "category": "specials",
        "href": "https://www.woolworths.com.au/shop/productdetails/777844/maggi-stir-fry-creations-chinese-bbq-pork",
        "imgName": "777844.jpg",
        "imgSrc": "https://cdn0.woolworths.media/content/wowproductimages/medium/777844.jpg",
        "name": "Maggi Stir Fry Creations Chinese Bbq Pork 150g",
        "price": 3,
        "unitPrice": "$2.00 / 100G"
    },
    {
        "category": "specials",
        "href": "https://www.woolworths.com.au/shop/productdetails/794966/biodynamic-organic-cheddar",
        "imgName": "794966.jpg",
        "imgSrc": "https://cdn0.woolworths.media/content/wowproductimages/medium/794966.jpg",
        "name": "Biodynamic Organic Cheddar 180g",
        "price": 7.99,
        "special": 6.4,
        "unitPrice": "$35.56 / 1KG"
    },
    {
        "category": "specials",
        "href": "https://www.woolworths.com.au/shop/productdetails/799334/aussie-bodies-protein-revival-low-carb-dutch-choc",
        "imgName": "799334.jpg",
        "imgSrc": "https://cdn0.woolworths.media/content/wowproductimages/medium/799334.jpg",
        "name": "Aussie Bodies Protein Revival Low Carb Dutch Choc 375ml",
        "price": 3.85,
        "special": 3,
        "unitPrice": "$8.00 / 1L"
    },
    {
        "category": "specials",
        "href": "https://www.woolworths.com.au/shop/productdetails/800711/nanna-s-multipack-pies-desserts-lite-apple-pie",
        "imgName": "800711.jpg",
        "imgSrc": "https://cdn0.woolworths.media/content/wowproductimages/medium/800711.jpg",
        "name": "Nanna's Multipack Pies & Desserts Lite Apple Pie 4pk 450g",
        "price": 4,
        "unitPrice": "$0.89 / 100G"
    },
    {
        "category": "specials",
        "href": "https://www.woolworths.com.au/shop/productdetails/895392/gillette-venus-shaving-razor-blade-swirl",
        "imgName": "895392.jpg",
        "imgSrc": "https://cdn0.woolworths.media/content/wowproductimages/medium/895392.jpg",
        "name": "Gillette Venus Shaving Razor & Blade Swirl each",
        "price": 17
    },
    {
        "category": "specials",
        "href": "https://www.woolworths.com.au/shop/productdetails/9114/schwarzkopf-live-colour-silver-tone",
        "imgName": "009114.jpg",
        "imgSrc": "https://cdn0.woolworths.media/content/wowproductimages/medium/009114.jpg",
        "name": "Schwarzkopf Live Colour Silver Tone 1pk",
        "price": 5,
        "special": 4
    },
    {
        "category": "specials",
        "href": "https://www.woolworths.com.au/shop/productdetails/111287/lynx-men-body-spray-aerosol-deodorant-voodoo",
        "imgName": "111287.jpg",
        "imgSrc": "https://cdn0.woolworths.media/content/wowproductimages/medium/111287.jpg",
        "name": "Lynx Men Body Spray Aerosol Deodorant Voodoo 155ml",
        "price": 6,
        "special": 4,
        "unitPrice": "$2.58 / 100ML"
    },
    {
        "category": "specials",
        "href": "https://www.woolworths.com.au/shop/productdetails/277130/oral-b-flossaction-powered-toothbrush-heads",
        "imgName": "277130.jpg",
        "imgSrc": "https://cdn0.woolworths.media/content/wowproductimages/medium/277130.jpg",
        "name": "Oral-b Flossaction Powered Toothbrush Heads  2pk",
        "price": 16.75,
        "unitPrice": "$8.38 / 1EA"
    },
    {
        "category": "specials",
        "href": "https://www.woolworths.com.au/shop/productdetails/567580/palmer-s-hydrating-facial-serum",
        "imgName": "567580.jpg",
        "imgSrc": "https://cdn0.woolworths.media/content/wowproductimages/medium/567580.jpg",
        "name": "Palmer's Hydrating Facial Serum  30ml",
        "price": 25,
        "special": 17.5,
        "unitPrice": "$58.33 / 100ML"
    },
    {
        "category": "specials",
        "href": "https://www.woolworths.com.au/shop/productdetails/382098/easiyo-yogurt-base-blueberries-cream",
        "imgName": "382098.jpg",
        "imgSrc": "https://cdn0.woolworths.media/content/wowproductimages/medium/382098.jpg",
        "name": "Easiyo Yogurt Base Blueberries & Cream 240g",
        "price": 4.5,
        "unitPrice": "$1.88 / 100G"
    },
    {
        "category": "specials",
        "href": "https://www.woolworths.com.au/shop/productdetails/383358/banana-boat-after-sun-aloe-vera-gel",
        "imgName": "383358.jpg",
        "imgSrc": "https://cdn0.woolworths.media/content/wowproductimages/medium/383358.jpg",
        "name": "Banana Boat After Sun Aloe Vera Gel 250g",
        "price": 8,
        "special": 6.4,
        "unitPrice": "$2.56 / 100G"
    },
    {
        "category": "specials",
        "href": "https://www.woolworths.com.au/shop/productdetails/384249/arnott-s-jatz-cracked-pepper",
        "imgName": "384249.jpg",
        "imgSrc": "https://cdn0.woolworths.media/content/wowproductimages/medium/384249.jpg",
        "name": "Arnott's Jatz Cracked Pepper 225g",
        "price": 3,
        "special": 2,
        "unitPrice": "$0.89 / 100G"
    },
    {
        "category": "specials",
        "href": "https://www.woolworths.com.au/shop/productdetails/557947/platinum-base-blending-brush",
        "imgName": "557947.jpg",
        "imgSrc": "https://cdn0.woolworths.media/content/wowproductimages/medium/557947.jpg",
        "name": "Platinum Base Blending Brush each",
        "price": 15,
        "special": 10.4,
        "unitPrice": "$10.40 / 1EA"
    },
    {
        "category": "specials",
        "href": "https://www.woolworths.com.au/shop/productdetails/558978/mud-brow-shaping-powder-blonde",
        "imgName": "558978.jpg",
        "imgSrc": "https://cdn0.woolworths.media/content/wowproductimages/medium/558978.jpg",
        "name": "Mud Brow Shaping Powder Blonde 1g",
        "price": 5.5,
        "unitPrice": "$55.00 / 10G"
    },
    {
        "category": "specials",
        "href": "https://www.woolworths.com.au/shop/productdetails/423486/maybelline-new-york-24hour-concealer-medium",
        "imgName": "423486.jpg",
        "imgSrc": "https://cdn0.woolworths.media/content/wowproductimages/medium/423486.jpg",
        "name": "Maybelline New York 24hour Concealer Medium 7.5ml",
        "price": 14.95,
        "special": 10.45,
        "unitPrice": "$13.93 / 10ML"
    },
    {
        "category": "specials",
        "href": "https://www.woolworths.com.au/shop/productdetails/15439/olive-grove-classic-spread",
        "imgName": "015439.jpg",
        "imgSrc": "https://cdn0.woolworths.media/content/wowproductimages/medium/015439.jpg",
        "name": "Olive Grove Classic Spread 500g",
        "price": 3.5,
        "unitPrice": "$0.70 / 100G"
    },
    {
        "category": "specials",
        "href": "https://www.woolworths.com.au/shop/productdetails/95217/colgate-my-first-toothbrush-extra-soft",
        "imgName": "095217.jpg",
        "imgSrc": "https://cdn0.woolworths.media/content/wowproductimages/medium/095217.jpg",
        "name": "Colgate My First Toothbrush Extra Soft each",
        "price": 3.5,
        "unitPrice": "$3.50 / 1EA"
    },
    {
        "category": "specials",
        "href": "https://www.woolworths.com.au/shop/productdetails/319337/chicken-tonight-simmer-sauce-creamy-cheese-bacon",
        "imgName": "319337.jpg",
        "imgSrc": "https://cdn0.woolworths.media/content/wowproductimages/medium/319337.jpg",
        "name": "Chicken Tonight Simmer Sauce Creamy Cheese & Bacon 490g",
        "price": 3.15,
        "unitPrice": "$0.64 / 100G"
    },
    {
        "category": "specials",
        "href": "https://www.woolworths.com.au/shop/productdetails/726290/toni-guy-heat-protection-mist",
        "imgName": "726290.jpg",
        "imgSrc": "https://cdn0.woolworths.media/content/wowproductimages/medium/726290.jpg",
        "name": "Toni & Guy Heat Protection Mist 150ml",
        "price": 16,
        "unitPrice": "$10.67 / 100ML"
    },
    {
        "category": "specials",
        "href": "https://www.woolworths.com.au/shop/productdetails/740749/woolworths-select-light-cream-cheese-spread",
        "imgName": "740749.jpg",
        "imgSrc": "https://cdn0.woolworths.media/content/wowproductimages/medium/740749.jpg",
        "name": "Woolworths Select Light Cream Cheese Spread 245g",
        "price": 2.9,
        "unitPrice": "$11.84 / 1KG"
    },
    {
        "category": "specials",
        "href": "https://www.woolworths.com.au/shop/productdetails/797134/chux-duets-general-purpose",
        "imgName": "797134.jpg",
        "imgSrc": "https://cdn0.woolworths.media/content/wowproductimages/medium/797134.jpg",
        "name": "Chux Duets General Purpose 2pk",
        "price": 4.95,
        "special": 3.95,
        "unitPrice": "$1.98 / 1EA"
    },
    {
        "category": "specials",
        "href": "https://www.woolworths.com.au/shop/productdetails/452139/maggi-creamy-carbonara-recipe-base",
        "imgName": "452139.jpg",
        "imgSrc": "https://cdn0.woolworths.media/content/wowproductimages/medium/452139.jpg",
        "name": "Maggi Creamy Carbonara Recipe Base 35g",
        "price": 1.75,
        "unitPrice": "$5.00 / 100G"
    },
    {
        "category": "specials",
        "href": "https://www.woolworths.com.au/shop/productdetails/458800/pantene-3-minute-miracle-conditioner-daily-moisture-renewal",
        "imgName": "458800.jpg",
        "imgSrc": "https://cdn0.woolworths.media/content/wowproductimages/medium/458800.jpg",
        "name": "Pantene 3 Minute Miracle Conditioner Daily Moisture Renewal 180ml",
        "price": 4.5,
        "unitPrice": "$2.50 / 100ML"
    },
    {
        "category": "specials",
        "href": "https://www.woolworths.com.au/shop/productdetails/476727/mud-cosmetics-eyebrow-pencil-brunette",
        "imgName": "476727.jpg",
        "imgSrc": "https://cdn0.woolworths.media/content/wowproductimages/medium/476727.jpg",
        "name": "Mud Cosmetics Eyebrow Pencil Brunette 134",
        "price": 5.5,
        "unitPrice": "$5.50 / 1EA"
    },
    {
        "category": "specials",
        "href": "https://www.woolworths.com.au/shop/productdetails/476938/maybelline-eyeshadow-palette-blushed-nudes",
        "imgName": "476938.jpg",
        "imgSrc": "https://cdn0.woolworths.media/content/wowproductimages/medium/476938.jpg",
        "name": "Maybelline Eyeshadow Palette Blushed Nudes 457",
        "price": 25.95,
        "special": 18.15,
        "unitPrice": "$18.91 / 10G"
    },
    {
        "category": "specials",
        "href": "https://www.woolworths.com.au/shop/productdetails/578412/fantastic-chicken-rice-mini",
        "imgName": "578412.jpg",
        "imgSrc": "https://cdn0.woolworths.media/content/wowproductimages/medium/578412.jpg",
        "name": "Fantastic Chicken Rice Mini 80g",
        "price": 2.5,
        "special": 1.5,
        "unitPrice": "$1.88 / 100G"
    },
    {
        "category": "specials",
        "href": "https://www.woolworths.com.au/shop/productdetails/462692/omo-active-clean-laundry-liquid-detergent-front-top-loader",
        "imgName": "462692.jpg",
        "imgSrc": "https://cdn0.woolworths.media/content/wowproductimages/medium/462692.jpg",
        "name": "Omo Active Clean Laundry Liquid Detergent Front & Top Loader 1l",
        "price": 10,
        "special": 7.5,
        "unitPrice": "$7.50 / 1L"
    },
    {
        "category": "specials",
        "href": "https://www.woolworths.com.au/shop/productdetails/854111/inspire-stainless-steel-spaghetti-fork",
        "imgName": "854111.jpg",
        "imgSrc": "https://cdn0.woolworths.media/content/wowproductimages/medium/854111.jpg",
        "name": "Inspire Stainless Steel Spaghetti Fork each",
        "price": 6
    },
    {
        "category": "specials",
        "href": "https://www.woolworths.com.au/shop/productdetails/862235/street-kitchen-malaysian-peanut-satay-kit",
        "imgName": "862235.jpg",
        "imgSrc": "https://cdn0.woolworths.media/content/wowproductimages/medium/862235.jpg",
        "name": "Street Kitchen Malaysian Peanut Satay Kit 255g",
        "price": 4.5,
        "unitPrice": "$1.76 / 100G"
    },
    {
        "category": "specials",
        "href": "https://www.woolworths.com.au/shop/productdetails/335441/jackson-4-outlet-surge-protected-powerboard-with-2x-usb-charging-outlets",
        "imgName": "335441.jpg",
        "imgSrc": "https://cdn0.woolworths.media/content/wowproductimages/medium/335441.jpg",
        "name": "Jackson 4 Outlet Surge Protected Powerboard With 2x Usb Charging Outlets 1ea",
        "price": 25,
        "special": 20
    },
    {
        "category": "specials",
        "href": "https://www.woolworths.com.au/shop/productdetails/380781/maybelline-fit-me-foundation-sun-beige",
        "imgName": "380781.jpg",
        "imgSrc": "https://cdn0.woolworths.media/content/wowproductimages/medium/380781.jpg",
        "name": "Maybelline Fit Me Foundation Sun Beige 30ml",
        "price": 19.95,
        "special": 13.95,
        "unitPrice": "$4.65 / 10ML"
    },
    {
        "category": "specials",
        "href": "https://www.woolworths.com.au/shop/productdetails/416589/armor-all-wash-wax-proglide",
        "imgName": "416589.jpg",
        "imgSrc": "https://cdn0.woolworths.media/content/wowproductimages/medium/416589.jpg",
        "name": "Armor All Wash & Wax Proglide 1l",
        "price": 13,
        "special": 10.4,
        "unitPrice": "$1.04 / 100ML"
    },
    {
        "category": "specials",
        "href": "https://www.woolworths.com.au/shop/productdetails/480251/baxter-s-dog-food-puppy-loaf-chicken-rice",
        "imgName": "480251.jpg",
        "imgSrc": "https://cdn0.woolworths.media/content/wowproductimages/medium/480251.jpg",
        "name": "Baxter's Dog Food Puppy Loaf Chicken & Rice 700g",
        "price": 1.5,
        "unitPrice": "$0.21 / 100G"
    },
    {
        "category": "specials",
        "href": "https://www.woolworths.com.au/shop/productdetails/622247/maybelline-maybelline-superstay-24hr-foundation-sand",
        "imgName": "622247.jpg",
        "imgSrc": "https://cdn0.woolworths.media/content/wowproductimages/medium/622247.jpg",
        "name": "Maybelline Maybelline Superstay 24hr Foundation Sand 30ml",
        "price": 24.95,
        "special": 17.45,
        "unitPrice": "$5.82 / 10ML"
    },
    {
        "category": "specials",
        "href": "https://www.woolworths.com.au/shop/productdetails/751053/nature-s-own-concentrated-fish-oil-1000mg-capsules",
        "imgName": "751053.jpg",
        "imgSrc": "https://cdn0.woolworths.media/content/wowproductimages/medium/751053.jpg",
        "name": "Nature's Own Concentrated Fish Oil 1000mg Capsules 60",
        "price": 14,
        "unitPrice": "$23.33 / 100EA"
    },
    {
        "category": "specials",
        "href": "https://www.woolworths.com.au/shop/productdetails/503236/banana-boat-aloe-spray-gel-soothing",
        "imgName": "503236.jpg",
        "imgSrc": "https://cdn0.woolworths.media/content/wowproductimages/medium/503236.jpg",
        "name": "Banana Boat Aloe Spray Gel Soothing 175g",
        "price": 11,
        "special": 8.8,
        "unitPrice": "$5.03 / 100G"
    },
    {
        "category": "specials",
        "href": "https://www.woolworths.com.au/shop/productdetails/644445/mortein-powergard-insect-surface-spray",
        "imgName": "644445.jpg",
        "imgSrc": "https://cdn0.woolworths.media/content/wowproductimages/medium/644445.jpg",
        "name": "Mortein Powergard Insect Surface Spray 320g",
        "price": 12.5,
        "special": 10,
        "unitPrice": "$3.13 / 100G"
    },
    {
        "category": "specials",
        "href": "https://www.woolworths.com.au/shop/productdetails/748363/maggi-stir-fry-creations-honey-soy-garlic-chicken",
        "imgName": "748363.jpg",
        "imgSrc": "https://cdn0.woolworths.media/content/wowproductimages/medium/748363.jpg",
        "name": "Maggi Stir Fry Creations Honey, Soy & Garlic Chicken 150g",
        "price": 3,
        "unitPrice": "$2.00 / 100G"
    },
    {
        "category": "specials",
        "href": "https://www.woolworths.com.au/shop/productdetails/780344/dolmio-australian-grown-tomato-pasta-sauce-tomato-basil",
        "imgName": "780344.jpg",
        "imgSrc": "https://cdn0.woolworths.media/content/wowproductimages/medium/780344.jpg",
        "name": "Dolmio Australian Grown Tomato Pasta Sauce Tomato Basil 500g",
        "price": 3,
        "unitPrice": "$0.60 / 100G"
    },
    {
        "category": "specials",
        "href": "https://www.woolworths.com.au/shop/productdetails/897407/mckenzie-s-chick-pea-flour",
        "imgName": "897407.jpg",
        "imgSrc": "https://cdn0.woolworths.media/content/wowproductimages/medium/897407.jpg",
        "name": "Mckenzie's Chick Pea Flour  330g",
        "price": 3.6,
        "special": 3,
        "unitPrice": "$9.09 / 1KG"
    },
    {
        "category": "specials",
        "href": "https://www.woolworths.com.au/shop/productdetails/360834/irn-bru-drink-sparkling-can",
        "imgName": "360834.jpg",
        "imgSrc": "https://cdn0.woolworths.media/content/wowproductimages/medium/360834.jpg",
        "name": "Irn Bru Drink Sparkling Can 330ml",
        "price": 2.35,
        "special": 1.65,
        "unitPrice": "$5.00 / 1L"
    },
    {
        "category": "specials",
        "href": "https://www.woolworths.com.au/shop/productdetails/361753/woolworths-corn-no-added-salt",
        "imgName": "361753.jpg",
        "imgSrc": "https://cdn0.woolworths.media/content/wowproductimages/medium/361753.jpg",
        "name": "Woolworths Corn No Added Salt 420g",
        "price": 1,
        "unitPrice": "$2.38 / 1KG"
    },
    {
        "category": "specials",
        "href": "https://www.woolworths.com.au/shop/productdetails/246075/pope-green-gardener-garden-gun-trigger",
        "imgName": "246075.jpg",
        "imgSrc": "https://cdn0.woolworths.media/content/wowproductimages/medium/246075.jpg",
        "name": "Pope Green Gardener Garden Gun Trigger 1pk",
        "price": 12,
        "special": 10
    },
    {
        "category": "specials",
        "href": "https://www.woolworths.com.au/shop/productdetails/935587/johnson-s-baby-bath-milk-rice",
        "imgName": "935587.jpg",
        "imgSrc": "https://cdn0.woolworths.media/content/wowproductimages/medium/935587.jpg",
        "name": "Johnson's Baby Bath Milk & Rice 500ml",
        "price": 8,
        "unitPrice": "$1.60 / 100ML"
    },
    {
        "category": "specials",
        "href": "https://www.woolworths.com.au/shop/productdetails/524581/energizer-micro-usb-2m-cable-black",
        "imgName": "524581.jpg",
        "imgSrc": "https://cdn0.woolworths.media/content/wowproductimages/medium/524581.jpg",
        "name": "Energizer Micro Usb 2m Cable - Black  each",
        "price": 20,
        "special": 18
    },
    {
        "category": "specials",
        "href": "https://www.woolworths.com.au/shop/productdetails/234931/prochef-olive-oil-spray-light-flavour",
        "imgName": "234931.jpg",
        "imgSrc": "https://cdn0.woolworths.media/content/wowproductimages/medium/234931.jpg",
        "name": "Prochef Olive Oil Spray Light Flavour 225g",
        "price": 4,
        "unitPrice": "$1.78 / 100G"
    },
    {
        "category": "specials",
        "href": "https://www.woolworths.com.au/shop/productdetails/246524/brita-water-filter-marella-cool-blue-2-4l",
        "imgName": "246524.jpg",
        "imgSrc": "https://cdn0.woolworths.media/content/wowproductimages/medium/246524.jpg",
        "name": "Brita Water Filter Marella Cool Blue 2.4l each",
        "price": 32.99,
        "special": 23.09
    },
    {
        "category": "specials",
        "href": "https://www.woolworths.com.au/shop/productdetails/301077/fantastic-delites-snacks-flame-grilled-bbq",
        "imgName": "301077.jpg",
        "imgSrc": "https://cdn0.woolworths.media/content/wowproductimages/medium/301077.jpg",
        "name": "Fantastic Delites Snacks Flame Grilled Bbq 100g",
        "price": 2,
        "special": 1.5,
        "unitPrice": "$1.50 / 100G"
    },
    {
        "category": "specials",
        "href": "https://www.woolworths.com.au/shop/productdetails/559253/maybelline-micro-brow-precise-pencil-auburn",
        "imgName": "559253.jpg",
        "imgSrc": "https://cdn0.woolworths.media/content/wowproductimages/medium/559253.jpg",
        "name": "Maybelline Micro Brow Precise Pencil Auburn 60mg",
        "price": 14,
        "special": 9.8,
        "unitPrice": "$163.33 / 10G"
    },
    {
        "category": "specials",
        "href": "https://www.woolworths.com.au/shop/productdetails/559259/mud-make-up-blender",
        "imgName": "559259.jpg",
        "imgSrc": "https://cdn0.woolworths.media/content/wowproductimages/medium/559259.jpg",
        "name": "Mud Make Up Blender  17g each",
        "price": 7.5,
        "special": 4,
        "unitPrice": "$2.35 / 10G"
    },
    {
        "category": "specials",
        "href": "https://www.woolworths.com.au/shop/productdetails/333060/vegemite-cheesy-bite-spread",
        "imgName": "333060.jpg",
        "imgSrc": "https://cdn0.woolworths.media/content/wowproductimages/medium/333060.jpg",
        "name": "Vegemite Cheesy Bite Spread 270g",
        "price": 5.1,
        "special": 3.5,
        "unitPrice": "$1.30 / 100G"
    },
    {
        "category": "specials",
        "href": "https://www.woolworths.com.au/shop/productdetails/730360/vaseline-intensive-care-body-lotion-cocoa-glow",
        "imgName": "730360.jpg",
        "imgSrc": "https://cdn0.woolworths.media/content/wowproductimages/medium/730360.jpg",
        "name": "Vaseline Intensive Care Body Lotion Cocoa Glow 225ml",
        "price": 5,
        "unitPrice": "$2.22 / 100ML"
    },
    {
        "category": "specials",
        "href": "https://www.woolworths.com.au/shop/productdetails/352468/u-by-kotex-regular-extra-pads-with-wings",
        "imgName": "352468.jpg",
        "imgSrc": "https://cdn0.woolworths.media/content/wowproductimages/medium/352468.jpg",
        "name": "U By Kotex Regular Extra Pads With Wings 16pk",
        "price": 4.5,
        "special": 4,
        "unitPrice": "$0.25 / 1EA"
    },
    {
        "category": "specials",
        "href": "https://www.woolworths.com.au/shop/productdetails/48016/meadowlea-original-spread-original",
        "imgName": "048016.jpg",
        "imgSrc": "https://cdn0.woolworths.media/content/wowproductimages/medium/048016.jpg",
        "name": "Meadowlea Original Spread Original 500g",
        "price": 3.3,
        "special": 2.8,
        "unitPrice": "$0.56 / 100G"
    },
    {
        "category": "specials",
        "href": "https://www.woolworths.com.au/shop/productdetails/771317/dermaveen-body-moisturiser-lotion",
        "imgName": "771317.jpg",
        "imgSrc": "https://cdn0.woolworths.media/content/wowproductimages/medium/771317.jpg",
        "name": "Dermaveen Body Moisturiser Lotion 500ml",
        "price": 14,
        "unitPrice": "$2.80 / 100ML"
    },
    {
        "category": "specials",
        "href": "https://www.woolworths.com.au/shop/productdetails/935123/scholl-velvet-smooth-nail-care-oil",
        "imgName": "935123.jpg",
        "imgSrc": "https://cdn0.woolworths.media/content/wowproductimages/medium/935123.jpg",
        "name": "Scholl Velvet Smooth Nail Care Oil 7.5ml",
        "price": 15,
        "special": 13.5,
        "unitPrice": "$180.00 / 100ML"
    },
    {
        "category": "specials",
        "href": "https://www.woolworths.com.au/shop/productdetails/27084/selsun-blu-5-anti-dandruff-shampoo-deep-conditioning",
        "imgName": "027084.jpg",
        "imgSrc": "https://cdn0.woolworths.media/content/wowproductimages/medium/027084.jpg",
        "name": "Selsun Blu 5 Anti Dandruff Shampoo Deep Conditioning 200ml",
        "price": 5.5,
        "unitPrice": "$2.75 / 100ML"
    },
    {
        "category": "specials",
        "href": "https://www.woolworths.com.au/shop/productdetails/36072/arnott-s-raspberry-shortcake",
        "imgName": "036072.jpg",
        "imgSrc": "https://cdn0.woolworths.media/content/wowproductimages/medium/036072.jpg",
        "name": "Arnott's Raspberry Shortcake  250g",
        "price": 2.85,
        "special": 2,
        "unitPrice": "$0.80 / 100G"
    },
    {
        "category": "specials",
        "href": "https://www.woolworths.com.au/shop/productdetails/36064/arnott-s-chocolate-teddy-bear",
        "imgName": "036064.jpg",
        "imgSrc": "https://cdn0.woolworths.media/content/wowproductimages/medium/036064.jpg",
        "name": "Arnott's Chocolate Teddy Bear 200g",
        "price": 2.5,
        "unitPrice": "$1.25 / 100G"
    },
    {
        "category": "specials",
        "href": "https://www.woolworths.com.au/shop/productdetails/49301/moro-pure-olive-oil",
        "imgName": "049301.jpg",
        "imgSrc": "https://cdn0.woolworths.media/content/wowproductimages/medium/049301.jpg",
        "name": "Moro Pure Olive Oil 500ml",
        "price": 7.5,
        "unitPrice": "$1.50 / 100ML"
    },
    {
        "category": "specials",
        "href": "https://www.woolworths.com.au/shop/productdetails/25724/essentials-household-sponge",
        "imgName": "025724.jpg",
        "imgSrc": "https://cdn0.woolworths.media/content/wowproductimages/medium/025724.jpg",
        "name": "Essentials Household Sponge 5pk",
        "price": 1.6,
        "unitPrice": "$0.32 / 1EA"
    },
    {
        "category": "specials",
        "href": "https://www.woolworths.com.au/shop/productdetails/10320/san-remo-large-spirals-vegeroni-pasta",
        "imgName": "010320.jpg",
        "imgSrc": "https://cdn0.woolworths.media/content/wowproductimages/medium/010320.jpg",
        "name": "San Remo Large Spirals Vegeroni Pasta 375g",
        "price": 1.95,
        "unitPrice": "$0.52 / 100G"
    },
    {
        "category": "specials",
        "href": "https://www.woolworths.com.au/shop/productdetails/36058/arnott-s-gaiety-chocolate",
        "imgName": "036058.jpg",
        "imgSrc": "https://cdn0.woolworths.media/content/wowproductimages/medium/036058.jpg",
        "name": "Arnott's Gaiety Chocolate  160g",
        "price": 2.5,
        "unitPrice": "$1.56 / 100G"
    },
    {
        "category": "specials",
        "href": "https://www.woolworths.com.au/shop/productdetails/13509/gravox-cheese-sauce-mix-mild-and-creamy",
        "imgName": "013509.jpg",
        "imgSrc": "https://cdn0.woolworths.media/content/wowproductimages/medium/013509.jpg",
        "name": "Gravox Cheese Sauce Mix Mild And Creamy 120g",
        "price": 3.3,
        "special": 2.5,
        "unitPrice": "$0.21 / 10G"
    },
    {
        "category": "specials",
        "href": "https://www.woolworths.com.au/shop/productdetails/72160/trishave-3in1-anti-rash-shave-creme-with-tea-tree-oil-for-men",
        "imgName": "072160.jpg",
        "imgSrc": "https://cdn0.woolworths.media/content/wowproductimages/medium/072160.jpg",
        "name": "Trishave 3in1 Anti-rash Shave Creme With Tea Tree Oil For Men 100g",
        "price": 6.5,
        "unitPrice": "$6.50 / 100G"
    },
    {
        "category": "specials",
        "href": "https://www.woolworths.com.au/shop/productdetails/92338/mortein-insect-spray-odourless-energy-ball",
        "imgName": "092338.jpg",
        "imgSrc": "https://cdn0.woolworths.media/content/wowproductimages/medium/092338.jpg",
        "name": "Mortein Insect Spray Odourless Energy Ball 350g",
        "price": 6.49,
        "unitPrice": "$1.85 / 100G"
    },
    {
        "category": "specials",
        "href": "https://www.woolworths.com.au/shop/productdetails/113896/nivea-visage-facial-wipes-refresh",
        "imgName": "113896.jpg",
        "imgSrc": "https://cdn0.woolworths.media/content/wowproductimages/medium/113896.jpg",
        "name": "Nivea Visage Facial Wipes Refresh 25pk",
        "price": 7.5,
        "special": 5,
        "unitPrice": "$0.20 / 1EA"
    },
    {
        "category": "specials",
        "href": "https://www.woolworths.com.au/shop/productdetails/67058/golden-circle-tropical-fruit-juice",
        "imgName": "067058.jpg",
        "imgSrc": "https://cdn0.woolworths.media/content/wowproductimages/medium/067058.jpg",
        "name": "Golden Circle Tropical Fruit Juice 2l",
        "price": 3,
        "unitPrice": "$1.50 / 1L"
    },
    {
        "category": "specials",
        "href": "https://www.woolworths.com.au/shop/productdetails/205582/listerine-teeth-defence-mouthwash-antiseptic-with-fluoride",
        "imgName": "205582.jpg",
        "imgSrc": "https://cdn0.woolworths.media/content/wowproductimages/medium/205582.jpg",
        "name": "Listerine Teeth Defence Mouthwash Antiseptic With Fluoride 500ml",
        "price": 8.5,
        "special": 6,
        "unitPrice": "$1.20 / 100ML"
    },
    {
        "category": "specials",
        "href": "https://www.woolworths.com.au/shop/productdetails/192746/cenovis-multivitamin-minerals-tablets-value-pack",
        "imgName": "192746.jpg",
        "imgSrc": "https://cdn0.woolworths.media/content/wowproductimages/medium/192746.jpg",
        "name": "Cenovis Multivitamin & Minerals Tablets Value Pack 200pk",
        "price": 13,
        "unitPrice": "$6.50 / 100EA"
    },
    {
        "category": "specials",
        "href": "https://www.woolworths.com.au/shop/productdetails/195090/moro-vinegar-white-wine",
        "imgName": "195090.jpg",
        "imgSrc": "https://cdn0.woolworths.media/content/wowproductimages/medium/195090.jpg",
        "name": "Moro Vinegar White Wine 500ml",
        "price": 4,
        "special": 3.5,
        "unitPrice": "$0.70 / 100ML"
    },
    {
        "category": "specials",
        "href": "https://www.woolworths.com.au/shop/productdetails/216943/cenovis-ginko-biloba-2000-tablets-value-pack",
        "imgName": "216943.jpg",
        "imgSrc": "https://cdn0.woolworths.media/content/wowproductimages/medium/216943.jpg",
        "name": "Cenovis Ginko Biloba 2000 Tablets Value Pack 100",
        "price": 14.5,
        "unitPrice": "$14.50 / 100EA"
    },
    {
        "category": "specials",
        "href": "https://www.woolworths.com.au/shop/productdetails/178262/annalisa-chick-peas",
        "imgName": "178262.jpg",
        "imgSrc": "https://cdn0.woolworths.media/content/wowproductimages/medium/178262.jpg",
        "name": "Annalisa Chick Peas  400g",
        "price": 1.5,
        "special": 1,
        "unitPrice": "$2.50 / 1KG"
    },
    {
        "category": "specials",
        "href": "https://www.woolworths.com.au/shop/productdetails/226590/hercules-tough-task-nitrile-gloves-disposable-chemical-puncture",
        "imgName": "226590.jpg",
        "imgSrc": "https://cdn0.woolworths.media/content/wowproductimages/medium/226590.jpg",
        "name": "Hercules Tough Task Nitrile Gloves Disposable Chemical & Puncture 24pk",
        "price": 3.49,
        "special": 2.95,
        "unitPrice": "$0.12 / 1EA"
    },
    {
        "category": "specials",
        "href": "https://www.woolworths.com.au/shop/productdetails/119412/ansell-gloves-dermo-plus-medium",
        "imgName": "119412.jpg",
        "imgSrc": "https://cdn0.woolworths.media/content/wowproductimages/medium/119412.jpg",
        "name": "Ansell Gloves Dermo Plus Medium 1 pair",
        "price": 4,
        "unitPrice": "$4.00 / 1EA"
    },
    {
        "category": "specials",
        "href": "https://www.woolworths.com.au/shop/productdetails/253574/nivea-deodorant-roll-on-pearl-beauty",
        "imgName": "253574.jpg",
        "imgSrc": "https://cdn0.woolworths.media/content/wowproductimages/medium/253574.jpg",
        "name": "Nivea Deodorant Roll On Pearl & Beauty 50ml",
        "price": 3.5,
        "unitPrice": "$7.00 / 100ML"
    },
    {
        "category": "specials",
        "href": "https://www.woolworths.com.au/shop/productdetails/329201/maybelline-dream-liquid-mousse-foundation-sandy-beige",
        "imgName": "329201.jpg",
        "imgSrc": "https://cdn0.woolworths.media/content/wowproductimages/medium/329201.jpg",
        "name": "Maybelline Dream Liquid Mousse Foundation Sandy Beige 30ml",
        "price": 22.95,
        "special": 16,
        "unitPrice": "$5.33 / 10ML"
    },
    {
        "category": "specials",
        "href": "https://www.woolworths.com.au/shop/productdetails/310370/easiyo-low-fat-greek-yoghurt-base",
        "imgName": "310370.jpg",
        "imgSrc": "https://cdn0.woolworths.media/content/wowproductimages/medium/310370.jpg",
        "name": "Easiyo Low Fat Greek Yoghurt Base 170g",
        "price": 4.2,
        "unitPrice": "$2.47 / 100G"
    },
    {
        "category": "specials",
        "href": "https://www.woolworths.com.au/shop/productdetails/308324/woolworths-shortcrust-pastry-flan-case",
        "imgName": "308324.jpg",
        "imgSrc": "https://cdn0.woolworths.media/content/wowproductimages/medium/308324.jpg",
        "name": "Woolworths Shortcrust Pastry Flan Case 150g",
        "price": 5.79,
        "special": 4.5,
        "unitPrice": "$3.00 / 100G"
    },
    {
        "category": "specials",
        "href": "https://www.woolworths.com.au/shop/productdetails/228211/master-lock-padlock-bike-lock-1-08m-x-8mm",
        "imgName": "228211.jpg",
        "imgSrc": "https://cdn0.woolworths.media/content/wowproductimages/medium/228211.jpg",
        "name": "Master Lock Padlock Bike Lock 1.08m X 8mm 1ea",
        "price": 11.5,
        "special": 9.2
    },
    {
        "category": "specials",
        "href": "https://www.woolworths.com.au/shop/productdetails/252710/bic-atlantis-grip-pencil",
        "imgName": "252710.jpg",
        "imgSrc": "https://cdn0.woolworths.media/content/wowproductimages/medium/252710.jpg",
        "name": "Bic Atlantis Grip Pencil  2pk",
        "price": 5,
        "special": 3.5
    },
    {
        "category": "specials",
        "href": "https://www.woolworths.com.au/shop/productdetails/297115/hygiene-plus-gloves-disposable-powder-free",
        "imgName": "297115.jpg",
        "imgSrc": "https://cdn0.woolworths.media/content/wowproductimages/medium/297115.jpg",
        "name": "Hygiene Plus Gloves Disposable Powder Free 24pk",
        "price": 3.49,
        "special": 2.99,
        "unitPrice": "$0.12 / 1EA"
    },
    {
        "category": "specials",
        "href": "https://www.woolworths.com.au/shop/productdetails/268168/ecostore-soap-bar-lemongrass",
        "imgName": "268168.jpg",
        "imgSrc": "https://cdn0.woolworths.media/content/wowproductimages/medium/268168.jpg",
        "name": "Ecostore Soap Bar Lemongrass 80g",
        "price": 2.59,
        "special": 2,
        "unitPrice": "$2.50 / 100G"
    },
    {
        "category": "specials",
        "href": "https://www.woolworths.com.au/shop/productdetails/247485/lean-cuisine-bowl-beef-with-red-wine",
        "imgName": "247485.jpg",
        "imgSrc": "https://cdn0.woolworths.media/content/wowproductimages/medium/247485.jpg",
        "name": "Lean Cuisine Bowl Beef With Red Wine 300g",
        "price": 5.7,
        "special": 5,
        "unitPrice": "$1.67 / 100G"
    },
    {
        "category": "specials",
        "href": "https://www.woolworths.com.au/shop/productdetails/381283/easiyo-greek-coconut-yoghurt-base",
        "imgName": "381283.jpg",
        "imgSrc": "https://cdn0.woolworths.media/content/wowproductimages/medium/381283.jpg",
        "name": "Easiyo Greek & Coconut Yoghurt Base 240g",
        "price": 4.5,
        "unitPrice": "$1.88 / 100G"
    },
    {
        "category": "specials",
        "href": "https://www.woolworths.com.au/shop/productdetails/379103/john-frieda-conditioner-full-repair",
        "imgName": "379103.jpg",
        "imgSrc": "https://cdn0.woolworths.media/content/wowproductimages/medium/379103.jpg",
        "name": "John Frieda Conditioner Full Repair 250ml",
        "price": 16,
        "special": 9.6,
        "unitPrice": "$3.84 / 100ML"
    },
    {
        "category": "specials",
        "href": "https://www.woolworths.com.au/shop/productdetails/373355/finish-powerball-max-in-1-tablets-lemon-sparkle",
        "imgName": "373355.jpg",
        "imgSrc": "https://cdn0.woolworths.media/content/wowproductimages/medium/373355.jpg",
        "name": "Finish Powerball Max In 1 Tablets Lemon Sparkle 48pk",
        "price": 20,
        "unitPrice": "$0.42 / 1EA"
    },
    {
        "category": "specials",
        "href": "https://www.woolworths.com.au/shop/productdetails/520505/tefal-cook-right-frypan-black",
        "imgName": "520505.jpg",
        "imgSrc": "https://cdn0.woolworths.media/content/wowproductimages/medium/520505.jpg",
        "name": "Tefal Cook Right Frypan Black 28cm each",
        "price": 29,
        "special": 21.75
    },
    {
        "category": "specials",
        "href": "https://www.woolworths.com.au/shop/productdetails/369692/weight-watchers-chicken-mushroom-fettucini",
        "imgName": "369692.jpg",
        "imgSrc": "https://cdn0.woolworths.media/content/wowproductimages/medium/369692.jpg",
        "name": "Weight Watchers Chicken & Mushroom Fettucini 300g",
        "price": 4,
        "unitPrice": "$1.33 / 100G"
    },
    {
        "category": "specials",
        "href": "https://www.woolworths.com.au/shop/productdetails/324233/uncle-tobys-roll-ups-rainbow-fruit-salad",
        "imgName": "324233.jpg",
        "imgSrc": "https://cdn0.woolworths.media/content/wowproductimages/medium/324233.jpg",
        "name": "Uncle Tobys Roll-ups Rainbow Fruit Salad 6pk 94g",
        "price": 4.1,
        "special": 3,
        "unitPrice": "$3.19 / 100G"
    },
    {
        "category": "specials",
        "href": "https://www.woolworths.com.au/shop/productdetails/297464/easy-off-bam-bathroom-cleaner-with-bleach",
        "imgName": "297464.jpg",
        "imgSrc": "https://cdn0.woolworths.media/content/wowproductimages/medium/297464.jpg",
        "name": "Easy Off Bam Bathroom Cleaner With Bleach 500ml",
        "price": 5,
        "unitPrice": "$1.00 / 100ML"
    },
    {
        "category": "specials",
        "href": "https://www.woolworths.com.au/shop/productdetails/429457/lindt-excellence-mild-dark-chocolate-70-cocoa-smooth-blend",
        "imgName": "429457.jpg",
        "imgSrc": "https://cdn0.woolworths.media/content/wowproductimages/medium/429457.jpg",
        "name": "Lindt Excellence Mild Dark Chocolate 70% Cocoa Smooth Blend 100g block",
        "price": 4.25,
        "special": 2.12,
        "unitPrice": "$2.12 / 100G"
    },
    {
        "category": "specials",
        "href": "https://www.woolworths.com.au/shop/productdetails/712432/lynx-for-men-aerosol-deodorant-anarchy-for-him-antiperspirant",
        "imgName": "712432.jpg",
        "imgSrc": "https://cdn0.woolworths.media/content/wowproductimages/medium/712432.jpg",
        "name": "Lynx For Men Aerosol Deodorant Anarchy For Him Antiperspirant 155ml",
        "price": 6,
        "special": 4,
        "unitPrice": "$2.50 / 100ML"
    },
    {
        "category": "specials",
        "href": "https://www.woolworths.com.au/shop/productdetails/490082/nestle-bakers-choice-milk-choc-bits",
        "imgName": "490082.jpg",
        "imgSrc": "https://cdn0.woolworths.media/content/wowproductimages/medium/490082.jpg",
        "name": "Nestle Bakers' Choice Milk Choc Bits  200g",
        "price": 4,
        "special": 3,
        "unitPrice": "$1.50 / 100G"
    },
    {
        "category": "specials",
        "href": "https://www.woolworths.com.au/shop/productdetails/452124/maggi-creamy-chicken-pasta-recipe-base",
        "imgName": "452124.jpg",
        "imgSrc": "https://cdn0.woolworths.media/content/wowproductimages/medium/452124.jpg",
        "name": "Maggi Creamy Chicken Pasta Recipe Base 33g",
        "price": 1.75,
        "unitPrice": "$5.30 / 100G"
    },
    {
        "category": "specials",
        "href": "https://www.woolworths.com.au/shop/productdetails/726244/toni-guy-casual-sea-salt-texturising-spray",
        "imgName": "726244.jpg",
        "imgSrc": "https://cdn0.woolworths.media/content/wowproductimages/medium/726244.jpg",
        "name": "Toni & Guy Casual Sea Salt Texturising Spray 200ml",
        "price": 16,
        "unitPrice": "$8.00 / 100ML"
    },
    {
        "category": "specials",
        "href": "https://www.woolworths.com.au/shop/productdetails/726281/woolworths-almond-meal",
        "imgName": "726281.jpg",
        "imgSrc": "https://cdn0.woolworths.media/content/wowproductimages/medium/726281.jpg",
        "name": "Woolworths Almond Meal 150g",
        "price": 4,
        "special": 3.5,
        "unitPrice": "$23.33 / 1KG"
    },
    {
        "category": "specials",
        "href": "https://www.woolworths.com.au/shop/productdetails/750975/optimum-puppy-food-with-chicken-rice-vegetables",
        "imgName": "750975.jpg",
        "imgSrc": "https://cdn0.woolworths.media/content/wowproductimages/medium/750975.jpg",
        "name": "Optimum Puppy Food With Chicken Rice & Vegetables 100g",
        "price": 1.35,
        "special": 1.1,
        "unitPrice": "$1.10 / 100G"
    },
    {
        "category": "specials",
        "href": "https://www.woolworths.com.au/shop/productdetails/482400/dettol-profresh-shower-gel-citrus-splash",
        "imgName": "482400.jpg",
        "imgSrc": "https://cdn0.woolworths.media/content/wowproductimages/medium/482400.jpg",
        "name": "Dettol Profresh Shower Gel Citrus Splash 950ml",
        "price": 8.5,
        "unitPrice": "$0.89 / 100ML"
    },
    {
        "category": "specials",
        "href": "https://www.woolworths.com.au/shop/productdetails/748551/u-by-kotex-ultrathin-pads-regular-with-wings",
        "imgName": "748551.jpg",
        "imgSrc": "https://cdn0.woolworths.media/content/wowproductimages/medium/748551.jpg",
        "name": "U By Kotex Ultrathin Pads Regular With Wings 14pk",
        "price": 4.5,
        "special": 4,
        "unitPrice": "$0.29 / 1EA"
    },
    {
        "category": "specials",
        "href": "https://www.woolworths.com.au/shop/productdetails/708381/safcol-responsibly-fished-tuna-in-spring-water",
        "imgName": "708381.jpg",
        "imgSrc": "https://cdn0.woolworths.media/content/wowproductimages/medium/708381.jpg",
        "name": "Safcol Responsibly Fished Tuna In Spring Water 425g",
        "price": 4,
        "unitPrice": "$9.41 / 1KG"
    },
    {
        "category": "specials",
        "href": "https://www.woolworths.com.au/shop/productdetails/742786/mentos-mints",
        "imgName": "742786.jpg",
        "imgSrc": "https://cdn0.woolworths.media/content/wowproductimages/medium/742786.jpg",
        "name": "Mentos Mints  3pk",
        "price": 3.1,
        "special": 2.6,
        "unitPrice": "$2.31 / 100G"
    },
    {
        "category": "specials",
        "href": "https://www.woolworths.com.au/shop/productdetails/695650/woolworths-potato-minis",
        "imgName": "695650.jpg",
        "imgSrc": "https://cdn0.woolworths.media/content/wowproductimages/medium/695650.jpg",
        "name": "Woolworths Potato Minis 1kg",
        "price": 2.9,
        "unitPrice": "$2.90 / 1KG"
    },
    {
        "category": "specials",
        "href": "https://www.woolworths.com.au/shop/productdetails/460960/cenovis-glucosamine-1500mg",
        "imgName": "460960.jpg",
        "imgSrc": "https://cdn0.woolworths.media/content/wowproductimages/medium/460960.jpg",
        "name": "Cenovis Glucosamine 1500mg  200 tablets",
        "price": 25,
        "unitPrice": "$12.50 / 100EA"
    },
    {
        "category": "specials",
        "href": "https://www.woolworths.com.au/shop/productdetails/529038/tresemme-moisture-rich-shampoo",
        "imgName": "529038.jpg",
        "imgSrc": "https://cdn0.woolworths.media/content/wowproductimages/medium/529038.jpg",
        "name": "Tresemme Moisture Rich Shampoo  390ml",
        "price": 7,
        "special": 5,
        "unitPrice": "$1.28 / 100ML"
    },
    {
        "category": "specials",
        "href": "https://www.woolworths.com.au/shop/productdetails/661662/tresemme-conditioner-botanique-smoothe-remedy",
        "imgName": "661662.jpg",
        "imgSrc": "https://cdn0.woolworths.media/content/wowproductimages/medium/661662.jpg",
        "name": "Tresemme Conditioner Botanique Smoothe Remedy 390ml",
        "price": 7,
        "special": 5,
        "unitPrice": "$1.28 / 100ML"
    },
    {
        "category": "specials",
        "href": "https://www.woolworths.com.au/shop/productdetails/763592/woolworths-select-mini-ice-cream-sticks-classic-vanilla",
        "imgName": "763592.jpg",
        "imgSrc": "https://cdn0.woolworths.media/content/wowproductimages/medium/763592.jpg",
        "name": "Woolworths Select Mini Ice Cream Sticks Classic Vanilla 6pk 360ml",
        "price": 4,
        "unitPrice": "$1.11 / 100ML"
    },
    {
        "category": "specials",
        "href": "https://www.woolworths.com.au/shop/productdetails/780040/nature-s-way-super-foods-spirinula-tablets",
        "imgName": "780040.jpg",
        "imgSrc": "https://cdn0.woolworths.media/content/wowproductimages/medium/780040.jpg",
        "name": "Nature's Way Super Foods Spirinula Tablets 150pk",
        "price": 25,
        "special": 17,
        "unitPrice": "$11.33 / 100EA"
    },
    {
        "category": "specials",
        "href": "https://www.woolworths.com.au/shop/productdetails/759191/bonds-ladies-underwear-hipster-boyleg-fashion-size-16",
        "imgName": "759191.jpg",
        "imgSrc": "https://cdn0.woolworths.media/content/wowproductimages/medium/759191.jpg",
        "name": "Bonds Ladies Underwear Hipster Boyleg Fashion Size 16 2pk",
        "price": 18,
        "special": 9
    },
    {
        "category": "specials",
        "href": "https://www.woolworths.com.au/shop/productdetails/627312/inspire-370tc-viscose-bamboo-cotton-pillowcases",
        "imgName": "627312.jpg",
        "imgSrc": "https://cdn0.woolworths.media/content/wowproductimages/medium/627312.jpg",
        "name": "Inspire 370tc Viscose/bamboo/cotton Pillowcases 1ea",
        "price": 14,
        "special": 7
    },
    {
        "category": "specials",
        "href": "https://www.woolworths.com.au/shop/productdetails/758745/auricchio-grana-padano-parmesan-cheese",
        "imgName": "758745.jpg",
        "imgSrc": "https://cdn0.woolworths.media/content/wowproductimages/medium/758745.jpg",
        "name": "Auricchio Grana Padano Parmesan Cheese 200g",
        "price": 11,
        "special": 8.8,
        "unitPrice": "$44.00 / 1KG"
    },
    {
        "category": "specials",
        "href": "https://www.woolworths.com.au/shop/productdetails/494157/praise-deli-style-whole-egg-mayonnaise-sundried-tomato",
        "imgName": "494157.jpg",
        "imgSrc": "https://cdn0.woolworths.media/content/wowproductimages/medium/494157.jpg",
        "name": "Praise Deli Style Whole Egg Mayonnaise Sundried Tomato 250ml",
        "price": 3,
        "special": 2.5,
        "unitPrice": "$1.00 / 100ML"
    },
    {
        "category": "specials",
        "href": "https://www.woolworths.com.au/shop/productdetails/693786/woolworths-ice-cream-cookies-cream",
        "imgName": "693786.jpg",
        "imgSrc": "https://cdn0.woolworths.media/content/wowproductimages/medium/693786.jpg",
        "name": "Woolworths Ice Cream Cookies & Cream 1l tub",
        "price": 4.7,
        "unitPrice": "$0.47 / 100ML"
    },
    {
        "category": "specials",
        "href": "https://www.woolworths.com.au/shop/productdetails/696308/homebrand-kitchen-gadget-measure-set",
        "imgName": "696308.jpg",
        "imgSrc": "https://cdn0.woolworths.media/content/wowproductimages/medium/696308.jpg",
        "name": "Homebrand Kitchen Gadget Measure Set each",
        "price": 10
    },
    {
        "category": "specials",
        "href": "https://www.woolworths.com.au/shop/productdetails/486432/tresemme-botanique-shampoo-restore-shine",
        "imgName": "486432.jpg",
        "imgSrc": "https://cdn0.woolworths.media/content/wowproductimages/medium/486432.jpg",
        "name": "Tresemme Botanique Shampoo Restore & Shine 750ml",
        "price": 7,
        "unitPrice": "$0.93 / 100ML"
    },
    {
        "category": "specials",
        "href": "https://www.woolworths.com.au/shop/productdetails/757555/gravox-finishing-sauce-parsley-white",
        "imgName": "757555.jpg",
        "imgSrc": "https://cdn0.woolworths.media/content/wowproductimages/medium/757555.jpg",
        "name": "Gravox Finishing Sauce Parsley White 165g",
        "price": 2,
        "unitPrice": "$1.21 / 100G"
    },
    {
        "category": "specials",
        "href": "https://www.woolworths.com.au/shop/productdetails/476925/maybelline-push-up-drama-mascara-washable-blackest-black",
        "imgName": "476925.jpg",
        "imgSrc": "https://cdn0.woolworths.media/content/wowproductimages/medium/476925.jpg",
        "name": "Maybelline Push Up Drama Mascara Washable Blackest Black 409",
        "price": 21.95,
        "special": 15.35,
        "unitPrice": "$15.82 / 10ML"
    },
    {
        "category": "specials",
        "href": "https://www.woolworths.com.au/shop/productdetails/839525/greens-chunkies-white-choc-macadamia-cookies",
        "imgName": "839525.jpg",
        "imgSrc": "https://cdn0.woolworths.media/content/wowproductimages/medium/839525.jpg",
        "name": "Greens Chunkies White Choc & Macadamia Cookies 200g",
        "price": 3,
        "unitPrice": "$1.20 / 100G"
    },
    {
        "category": "specials",
        "href": "https://www.woolworths.com.au/shop/productdetails/784136/goulburn-valley-apricot",
        "imgName": "784136.jpg",
        "imgSrc": "https://cdn0.woolworths.media/content/wowproductimages/medium/784136.jpg",
        "name": "Goulburn Valley Apricot  700g",
        "price": 3.7,
        "unitPrice": "$5.29 / 1KG"
    },
    {
        "category": "specials",
        "href": "https://www.woolworths.com.au/shop/productdetails/941588/woolworths-yellowfin-tuna-in-springwater",
        "imgName": "941588.jpg",
        "imgSrc": "https://cdn0.woolworths.media/content/wowproductimages/medium/941588.jpg",
        "name": "Woolworths Yellowfin Tuna In Springwater  185g",
        "price": 2,
        "unitPrice": "$10.81 / 1KG"
    },
    {
        "category": "specials",
        "href": "https://www.woolworths.com.au/shop/productdetails/882033/woolworths-select-boost-ultimate-white-soaker",
        "imgName": "882033.jpg",
        "imgSrc": "https://cdn0.woolworths.media/content/wowproductimages/medium/882033.jpg",
        "name": "Woolworths Select Boost Ultimate White Soaker 1kg",
        "price": 3.3,
        "unitPrice": "$3.30 / 1KG"
    },
    {
        "category": "specials",
        "href": "https://www.woolworths.com.au/shop/productdetails/789413/pandaroo-vermicelli-brown-rice",
        "imgName": "789413.jpg",
        "imgSrc": "https://cdn0.woolworths.media/content/wowproductimages/medium/789413.jpg",
        "name": "Pandaroo Vermicelli Brown Rice 200g",
        "price": 2,
        "special": 1.8,
        "unitPrice": "$9.00 / 1KG"
    },
    {
        "category": "specials",
        "href": "https://www.woolworths.com.au/shop/productdetails/789957/inspire-chef-knife",
        "imgName": "789957.jpg",
        "imgSrc": "https://cdn0.woolworths.media/content/wowproductimages/medium/789957.jpg",
        "name": "Inspire Chef Knife  each",
        "price": 6
    },
    {
        "category": "specials",
        "href": "https://www.woolworths.com.au/shop/productdetails/826247/star-wars-toothbrush-light-saber-darth-vader",
        "imgName": "826247.jpg",
        "imgSrc": "https://cdn0.woolworths.media/content/wowproductimages/medium/826247.jpg",
        "name": "Star Wars Toothbrush Light Saber Darth Vader each",
        "price": 10,
        "unitPrice": "$10.00 / 1EA"
    },
    {
        "category": "specials",
        "href": "https://www.woolworths.com.au/shop/productdetails/765954/urbane-mess-wax-pomade",
        "imgName": "765954.jpg",
        "imgSrc": "https://cdn0.woolworths.media/content/wowproductimages/medium/765954.jpg",
        "name": "Urbane Mess Wax Pomade 85g",
        "price": 8,
        "special": 6.8,
        "unitPrice": "$8.00 / 100G"
    },
    {
        "category": "specials",
        "href": "https://www.woolworths.com.au/shop/productdetails/877443/maybelline-fit-me-matte-poreless-foundation-sun-beige-310",
        "imgName": "877443.jpg",
        "imgSrc": "https://cdn0.woolworths.media/content/wowproductimages/medium/877443.jpg",
        "name": "Maybelline Fit Me Matte + Poreless Foundation Sun Beige 310 30ml",
        "price": 19.95,
        "special": 13.95,
        "unitPrice": "$4.65 / 10ML"
    },
    {
        "category": "specials",
        "href": "https://www.woolworths.com.au/shop/productdetails/790220/in-silicone-tongs-30cm",
        "imgName": "790220.jpg",
        "imgSrc": "https://cdn0.woolworths.media/content/wowproductimages/medium/790220.jpg",
        "name": "In Silicone Tongs 30cm each",
        "price": 6
    },
    {
        "category": "specials",
        "href": "https://www.woolworths.com.au/shop/productdetails/750738/woolworths-select-vegetable-oil",
        "imgName": "750738.jpg",
        "imgSrc": "https://cdn0.woolworths.media/content/wowproductimages/medium/750738.jpg",
        "name": "Woolworths Select Vegetable Oil 750ml",
        "price": 2.5,
        "unitPrice": "$0.33 / 100ML"
    },
    {
        "category": "specials",
        "href": "https://www.woolworths.com.au/shop/productdetails/859246/quilton-white-3ply-toilet-roll",
        "imgName": "859246.jpg",
        "imgSrc": "https://cdn0.woolworths.media/content/wowproductimages/medium/859246.jpg",
        "name": "Quilton White 3ply Toilet Roll 36pk",
        "price": 18,
        "special": 15,
        "unitPrice": "$0.23 / 100SS"
    },
    {
        "category": "specials",
        "href": "https://www.woolworths.com.au/shop/productdetails/839506/modelco-double-sided-facial-wipes",
        "imgName": "839506.jpg",
        "imgSrc": "https://cdn0.woolworths.media/content/wowproductimages/medium/839506.jpg",
        "name": "Modelco Double Sided Facial Wipes  25pk",
        "price": 7,
        "special": 4.19,
        "unitPrice": "$0.17 / 1EA"
    },
    {
        "category": "specials",
        "href": "https://www.woolworths.com.au/shop/productdetails/842809/pantene-pro-v-ultimate-10-conditioner",
        "imgName": "842809.jpg",
        "imgSrc": "https://cdn0.woolworths.media/content/wowproductimages/medium/842809.jpg",
        "name": "Pantene Pro-v Ultimate 10 Conditioner 900ml",
        "price": 15.7,
        "special": 10,
        "unitPrice": "$1.11 / 100ML"
    },
    {
        "category": "specials",
        "href": "https://www.woolworths.com.au/shop/productdetails/784922/john-frieda-treatment-frizz-ease-xtra-strength-serum",
        "imgName": "784922.jpg",
        "imgSrc": "https://cdn0.woolworths.media/content/wowproductimages/medium/784922.jpg",
        "name": "John Frieda Treatment Frizz Ease Xtra Strength Serum 50ml",
        "price": 17,
        "special": 10.2,
        "unitPrice": "$20.40 / 100ML"
    },
    {
        "category": "specials",
        "href": "https://www.woolworths.com.au/shop/productdetails/827954/woolworths-select-tampons-super",
        "imgName": "827954.jpg",
        "imgSrc": "https://cdn0.woolworths.media/content/wowproductimages/medium/827954.jpg",
        "name": "Woolworths Select Tampons Super 16pk",
        "price": 2.5,
        "unitPrice": "$0.16 / 1EA"
    },
    {
        "category": "specials",
        "href": "https://www.woolworths.com.au/shop/productdetails/826153/the-natural-confectionery-co-sour-patch-watermelon",
        "imgName": "826153.jpg",
        "imgSrc": "https://cdn0.woolworths.media/content/wowproductimages/medium/826153.jpg",
        "name": "The Natural Confectionery Co Sour Patch Watermelon 220g bag",
        "price": 4,
        "special": 3,
        "unitPrice": "$1.36 / 100G"
    },
    {
        "category": "specials",
        "href": "https://www.woolworths.com.au/shop/productdetails/868517/mud-concealer-002-natural-beige",
        "imgName": "868517.jpg",
        "imgSrc": "https://cdn0.woolworths.media/content/wowproductimages/medium/868517.jpg",
        "name": "Mud Concealer 002 Natural Beige 2.1g",
        "price": 4.5,
        "unitPrice": "$21.43 / 10G"
    },
    {
        "category": "specials",
        "href": "https://www.woolworths.com.au/shop/productdetails/928682/always-fresh-mediterranean-deli-polish-sauerkraut",
        "imgName": "928682.jpg",
        "imgSrc": "https://cdn0.woolworths.media/content/wowproductimages/medium/928682.jpg",
        "name": "Always Fresh Mediterranean Deli Polish Sauerkraut 400g",
        "price": 3.3,
        "special": 2.8,
        "unitPrice": "$7.00 / 1KG"
    },
    {
        "category": "specials",
        "href": "https://www.woolworths.com.au/shop/productdetails/144283/campbells-real-chicken-liquid-stock-salt-reduced",
        "imgName": "144283.jpg",
        "imgSrc": "https://cdn0.woolworths.media/content/wowproductimages/medium/144283.jpg",
        "name": "Campbells Real Chicken Liquid Stock Salt Reduced 1l",
        "price": 3.99,
        "unitPrice": "$0.40 / 100ML"
    },
    {
        "category": "specials",
        "href": "https://www.woolworths.com.au/shop/productdetails/196087/bic-razor-disposable-twin-easy-sensitive",
        "imgName": "196087.jpg",
        "imgSrc": "https://cdn0.woolworths.media/content/wowproductimages/medium/196087.jpg",
        "name": "Bic Razor Disposable Twin Easy Sensitive 10pk",
        "price": 4.5,
        "special": 3.3,
        "unitPrice": "$0.33 / 1EA"
    },
    {
        "category": "specials",
        "href": "https://www.woolworths.com.au/shop/productdetails/480936/baxter-s-dog-food-chicken-rice",
        "imgName": "480936.jpg",
        "imgSrc": "https://cdn0.woolworths.media/content/wowproductimages/medium/480936.jpg",
        "name": "Baxter's Dog Food Chicken & Rice 3kg",
        "price": 6,
        "unitPrice": "$0.20 / 100G"
    },
    {
        "category": "specials",
        "href": "https://www.woolworths.com.au/shop/productdetails/771473/woolworths-select-shine-dishwashing-liquid-lemon",
        "imgName": "771473.jpg",
        "imgSrc": "https://cdn0.woolworths.media/content/wowproductimages/medium/771473.jpg",
        "name": "Woolworths Select Shine Dishwashing Liquid Lemon 450ml",
        "price": 1.7,
        "unitPrice": "$0.38 / 100ML"
    },
    {
        "category": "specials",
        "href": "https://www.woolworths.com.au/shop/productdetails/83992/moro-extra-virgin-cold-pressed-olive-oil",
        "imgName": "083992.jpg",
        "imgSrc": "https://cdn0.woolworths.media/content/wowproductimages/medium/083992.jpg",
        "name": "Moro Extra Virgin Cold  Pressed Olive Oil 4l",
        "price": 29,
        "unitPrice": "$0.73 / 100ML"
    },
    {
        "category": "specials",
        "href": "https://www.woolworths.com.au/shop/productdetails/882149/select-titan-paper-towels-white",
        "imgName": "882149.jpg",
        "imgSrc": "https://cdn0.woolworths.media/content/wowproductimages/medium/882149.jpg",
        "name": "Select Titan Paper Towels White 4pk",
        "price": 4,
        "unitPrice": "$1.67 / 100SS"
    },
    {
        "category": "specials",
        "href": "https://www.woolworths.com.au/shop/productdetails/939206/dibble-dabbles-mini-dagwood-dog",
        "imgName": "939206.jpg",
        "imgSrc": "https://cdn0.woolworths.media/content/wowproductimages/medium/939206.jpg",
        "name": "Dibble Dabbles Mini Dagwood Dog  270g",
        "price": 6,
        "special": 5,
        "unitPrice": "$1.85 / 100G"
    },
    {
        "category": "specials",
        "href": "https://www.woolworths.com.au/shop/productdetails/5461/green-gardener-garden-trowel",
        "imgName": "005461.jpg",
        "imgSrc": "https://cdn0.woolworths.media/content/wowproductimages/medium/005461.jpg",
        "name": "Green Gardener Garden Trowel 1pk",
        "price": 6,
        "special": 5
    },
    {
        "category": "specials",
        "href": "https://www.woolworths.com.au/shop/productdetails/18133/homebrand-beef-corned",
        "imgName": "018133.jpg",
        "imgSrc": "https://cdn0.woolworths.media/content/wowproductimages/medium/018133.jpg",
        "name": "Homebrand Beef Corned 340g",
        "price": 2.5,
        "unitPrice": "$7.35 / 1KG"
    },
    {
        "category": "specials",
        "href": "https://www.woolworths.com.au/shop/productdetails/42449/bulla-light-sour-cream",
        "imgName": "042449.jpg",
        "imgSrc": "https://cdn0.woolworths.media/content/wowproductimages/medium/042449.jpg",
        "name": "Bulla Light Sour Cream 200ml",
        "price": 2,
        "unitPrice": "$1.00 / 100ML"
    },
    {
        "category": "specials",
        "href": "https://www.woolworths.com.au/shop/productdetails/15388/tandaco-coating-mix-fried-chicken",
        "imgName": "015388.jpg",
        "imgSrc": "https://cdn0.woolworths.media/content/wowproductimages/medium/015388.jpg",
        "name": "Tandaco Coating Mix Fried Chicken 75g",
        "price": 2,
        "special": 1.8,
        "unitPrice": "$0.24 / 10G"
    },
    {
        "category": "specials",
        "href": "https://www.woolworths.com.au/shop/productdetails/16614/huggies-ultra-dry-nappies-toddler-10-15kg-boy",
        "imgName": "016614.jpg",
        "imgSrc": "https://cdn0.woolworths.media/content/wowproductimages/medium/016614.jpg",
        "name": "Huggies Ultra Dry Nappies Toddler 10-15kg Boy 36pk bulk",
        "price": 16,
        "unitPrice": "$0.44 / 1EA"
    },
    {
        "category": "specials",
        "href": "https://www.woolworths.com.au/shop/productdetails/30429/elastoplast-fabric-roll-plaster-adhesive-plaster",
        "imgName": "030429.jpg",
        "imgSrc": "https://cdn0.woolworths.media/content/wowproductimages/medium/030429.jpg",
        "name": "Elastoplast Fabric Roll Plaster Adhesive Plaster 2.5cm x 3m",
        "price": 7,
        "unitPrice": "$2.33 / 1M"
    },
    {
        "category": "specials",
        "href": "https://www.woolworths.com.au/shop/productdetails/10305/san-remo-trivelle-pasta",
        "imgName": "010305.jpg",
        "imgSrc": "https://cdn0.woolworths.media/content/wowproductimages/medium/010305.jpg",
        "name": "San Remo Trivelle Pasta 500g",
        "price": 1.95,
        "unitPrice": "$0.39 / 100G"
    },
    {
        "category": "specials",
        "href": "https://www.woolworths.com.au/shop/productdetails/40518/peters-original-vanilla",
        "imgName": "040518.jpg",
        "imgSrc": "https://cdn0.woolworths.media/content/wowproductimages/medium/040518.jpg",
        "name": "Peters Original Vanilla  2l",
        "price": 5.6,
        "special": 4,
        "unitPrice": "$0.20 / 100ML"
    },
    {
        "category": "specials",
        "href": "https://www.woolworths.com.au/shop/productdetails/23580/my-dog-adult-dog-food-country-lamb-liver",
        "imgName": "023580.jpg",
        "imgSrc": "https://cdn0.woolworths.media/content/wowproductimages/medium/023580.jpg",
        "name": "My Dog Adult Dog Food Country Lamb & Liver 680g",
        "price": 3.2,
        "special": 2.8,
        "unitPrice": "$0.41 / 100G"
    },
    {
        "category": "specials",
        "href": "https://www.woolworths.com.au/shop/productdetails/30486/gatorade-blue-bolt-sports-drink",
        "imgName": "030486.jpg",
        "imgSrc": "https://cdn0.woolworths.media/content/wowproductimages/medium/030486.jpg",
        "name": "Gatorade Blue Bolt Sports Drink 600ml",
        "price": 3.65,
        "special": 2.15,
        "unitPrice": "$3.58 / 1L"
    },
    {
        "category": "specials",
        "href": "https://www.woolworths.com.au/shop/productdetails/9061/dewars-white-label-scotch-whisky",
        "imgName": "009061.jpg",
        "imgSrc": "https://cdn0.woolworths.media/content/wowproductimages/medium/009061.jpg",
        "name": "Dewars White Label Scotch Whisky  700ml",
        "price": 41,
        "special": 35
    },
    {
        "category": "specials",
        "href": "https://www.woolworths.com.au/shop/productdetails/77476/selleys-adhesive-fix-go-supa-glue",
        "imgName": "077476.jpg",
        "imgSrc": "https://cdn0.woolworths.media/content/wowproductimages/medium/077476.jpg",
        "name": "Selleys Adhesive Fix & Go Supa Glue 3ml",
        "price": 3,
        "special": 2.2,
        "unitPrice": "$73.33 / 100ML"
    },
    {
        "category": "specials",
        "href": "https://www.woolworths.com.au/shop/productdetails/94686/vittoria-coffee-mountain-grown-ground-coffee",
        "imgName": "094686.jpg",
        "imgSrc": "https://cdn0.woolworths.media/content/wowproductimages/medium/094686.jpg",
        "name": "Vittoria Coffee Mountain Grown Ground Coffee 200g",
        "price": 8,
        "special": 6,
        "unitPrice": "$3.00 / 100G"
    },
    {
        "category": "specials",
        "href": "https://www.woolworths.com.au/shop/productdetails/46219/palmolive-naturals-intensive-moisture-shampoo",
        "imgName": "046219.jpg",
        "imgSrc": "https://cdn0.woolworths.media/content/wowproductimages/medium/046219.jpg",
        "name": "Palmolive Naturals Intensive Moisture Shampoo 700ml",
        "price": 7,
        "unitPrice": "$1.00 / 100ML"
    },
    {
        "category": "specials",
        "href": "https://www.woolworths.com.au/shop/productdetails/174414/vo5-style-wax-mega-hold-gel-tube",
        "imgName": "174414.jpg",
        "imgSrc": "https://cdn0.woolworths.media/content/wowproductimages/medium/174414.jpg",
        "name": "Vo5 Style Wax Mega Hold Gel Tube 175ml",
        "price": 4,
        "unitPrice": "$2.29 / 100ML"
    },
    {
        "category": "specials",
        "href": "https://www.woolworths.com.au/shop/productdetails/224723/maybelline-dream-matte-foundation-mousse-pure-beige",
        "imgName": "224723.jpg",
        "imgSrc": "https://cdn0.woolworths.media/content/wowproductimages/medium/224723.jpg",
        "name": "Maybelline Dream Matte Foundation Mousse Pure Beige 18g",
        "price": 22.95,
        "special": 16,
        "unitPrice": "$8.89 / 10G"
    },
    {
        "category": "specials",
        "href": "https://www.woolworths.com.au/shop/productdetails/218383/radox-for-men-shower-gel-feel-extreme",
        "imgName": "218383.jpg",
        "imgSrc": "https://cdn0.woolworths.media/content/wowproductimages/medium/218383.jpg",
        "name": "Radox For Men Shower Gel Feel Extreme 1l",
        "price": 7,
        "unitPrice": "$0.70 / 100ML"
    },
    {
        "category": "specials",
        "href": "https://www.woolworths.com.au/shop/productdetails/145189/valvoline-car-care-automatic-transmission-fluid",
        "imgName": "145189.jpg",
        "imgSrc": "https://cdn0.woolworths.media/content/wowproductimages/medium/145189.jpg",
        "name": "Valvoline Car Care Automatic Transmission Fluid 1l",
        "price": 13,
        "special": 10.4,
        "unitPrice": "$1.04 / 100ML"
    },
    {
        "category": "specials",
        "href": "https://www.woolworths.com.au/shop/productdetails/205353/nature-s-own-magnesium-chelate-500mg-capsules",
        "imgName": "205353.jpg",
        "imgSrc": "https://cdn0.woolworths.media/content/wowproductimages/medium/205353.jpg",
        "name": "Nature's Own Magnesium Chelate 500mg Capsules 75",
        "price": 10,
        "unitPrice": "$13.33 / 100EA"
    },
    {
        "category": "specials",
        "href": "https://www.woolworths.com.au/shop/productdetails/227756/alfa-one-rice-bran-oil",
        "imgName": "227756.jpg",
        "imgSrc": "https://cdn0.woolworths.media/content/wowproductimages/medium/227756.jpg",
        "name": "Alfa One Rice Bran Oil 500ml",
        "price": 4,
        "special": 3,
        "unitPrice": "$0.60 / 100ML"
    },
    {
        "category": "specials",
        "href": "https://www.woolworths.com.au/shop/productdetails/211798/ajax-floor-cleaner-with-baking-soda",
        "imgName": "211798.jpg",
        "imgSrc": "https://cdn0.woolworths.media/content/wowproductimages/medium/211798.jpg",
        "name": "Ajax Floor Cleaner With Baking Soda 750ml",
        "price": 3.49,
        "unitPrice": "$0.47 / 100ML"
    },
    {
        "category": "specials",
        "href": "https://www.woolworths.com.au/shop/productdetails/254589/harris-coffee-beans-premium",
        "imgName": "254589.jpg",
        "imgSrc": "https://cdn0.woolworths.media/content/wowproductimages/medium/254589.jpg",
        "name": "Harris Coffee Beans Premium 1kg",
        "price": 18,
        "unitPrice": "$1.80 / 100G"
    },
    {
        "category": "specials",
        "href": "https://www.woolworths.com.au/shop/productdetails/263119/schick-razor-disposable-quattro-4-aloe-vitamin-e",
        "imgName": "263119.jpg",
        "imgSrc": "https://cdn0.woolworths.media/content/wowproductimages/medium/263119.jpg",
        "name": "Schick Razor Disposable Quattro 4 Aloe & Vitamin E 3pk",
        "price": 6,
        "unitPrice": "$2.00 / 1EA"
    },
    {
        "category": "specials",
        "href": "https://www.woolworths.com.au/shop/productdetails/218893/woolworths-select-beans-butter",
        "imgName": "218893.jpg",
        "imgSrc": "https://cdn0.woolworths.media/content/wowproductimages/medium/218893.jpg",
        "name": "Woolworths Select Beans Butter 420g",
        "price": 0.8,
        "unitPrice": "$1.90 / 1KG"
    },
    {
        "category": "specials",
        "href": "https://www.woolworths.com.au/shop/productdetails/257299/duck-protection-plus-toilet-cleaner-liquid-refill-aqua-burst",
        "imgName": "257299.jpg",
        "imgSrc": "https://cdn0.woolworths.media/content/wowproductimages/medium/257299.jpg",
        "name": "Duck Protection Plus Toilet Cleaner Liquid Refill Aqua Burst 2x50ml",
        "price": 5.5,
        "unitPrice": "$5.50 / 100ML"
    },
    {
        "category": "specials",
        "href": "https://www.woolworths.com.au/shop/productdetails/253764/bega-super-cheese-slices",
        "imgName": "253764.jpg",
        "imgSrc": "https://cdn0.woolworths.media/content/wowproductimages/medium/253764.jpg",
        "name": "Bega Super Cheese Slices 40pk 800g",
        "price": 7.4,
        "unitPrice": "$9.25 / 1KG"
    },
    {
        "category": "specials",
        "href": "https://www.woolworths.com.au/shop/productdetails/260406/napro-palette-permanent-colour-light-brown",
        "imgName": "260406.jpg",
        "imgSrc": "https://cdn0.woolworths.media/content/wowproductimages/medium/260406.jpg",
        "name": "Napro Palette Permanent Colour Light Brown 140ml",
        "price": 7.95,
        "unitPrice": "$7.95 / 1EA"
    },
    {
        "category": "specials",
        "href": "https://www.woolworths.com.au/shop/productdetails/360114/underworks-womens-all-day-cushion-foot-socks-black-size-5-8",
        "imgName": "360114.jpg",
        "imgSrc": "https://cdn0.woolworths.media/content/wowproductimages/medium/360114.jpg",
        "name": "Underworks Womens All Day Cushion Foot Socks Black Size 5-8 2pk",
        "price": 15,
        "special": 10,
        "unitPrice": "$5.00 / 1EA"
    },
    {
        "category": "specials",
        "href": "https://www.woolworths.com.au/shop/productdetails/336406/morning-sun-natural-97-fat-free-muesli",
        "imgName": "336406.jpg",
        "imgSrc": "https://cdn0.woolworths.media/content/wowproductimages/medium/336406.jpg",
        "name": "Morning Sun Natural 97% Fat Free Muesli 650g",
        "price": 4,
        "special": 3,
        "unitPrice": "$0.46 / 100G"
    },
    {
        "category": "specials",
        "href": "https://www.woolworths.com.au/shop/productdetails/346058/splenda-sweetener-sachets",
        "imgName": "346058.jpg",
        "imgSrc": "https://cdn0.woolworths.media/content/wowproductimages/medium/346058.jpg",
        "name": "Splenda Sweetener Sachets 100g",
        "price": 6.2,
        "special": 4.95,
        "unitPrice": "$4.95 / 100G"
    },
    {
        "category": "specials",
        "href": "https://www.woolworths.com.au/shop/productdetails/324461/mother-energy-drink",
        "imgName": "324461.jpg",
        "imgSrc": "https://cdn0.woolworths.media/content/wowproductimages/medium/324461.jpg",
        "name": "Mother Energy Drink  4x500ml",
        "price": 11.75,
        "special": 6.05,
        "unitPrice": "$3.03 / 1L"
    },
    {
        "category": "specials",
        "href": "https://www.woolworths.com.au/shop/productdetails/348709/nudie-coconut-water-straight-up",
        "imgName": "348709.jpg",
        "imgSrc": "https://cdn0.woolworths.media/content/wowproductimages/medium/348709.jpg",
        "name": "Nudie Coconut Water Straight Up 330ml",
        "price": 2,
        "unitPrice": "$6.06 / 1L"
    },
    {
        "category": "specials",
        "href": "https://www.woolworths.com.au/shop/productdetails/341121/bertolli-olive-oil-margarine-light",
        "imgName": "341121.jpg",
        "imgSrc": "https://cdn0.woolworths.media/content/wowproductimages/medium/341121.jpg",
        "name": "Bertolli Olive Oil Margarine Light 500g",
        "price": 4.2,
        "special": 3.5,
        "unitPrice": "$0.70 / 100G"
    },
    {
        "category": "specials",
        "href": "https://www.woolworths.com.au/shop/productdetails/336795/heinz-chicken-shredded-mayo",
        "imgName": "336795.jpg",
        "imgSrc": "https://cdn0.woolworths.media/content/wowproductimages/medium/336795.jpg",
        "name": "Heinz Chicken Shredded Mayo 85g",
        "price": 1.5,
        "unitPrice": "$17.65 / 1KG"
    },
    {
        "category": "specials",
        "href": "https://www.woolworths.com.au/shop/productdetails/311357/jila-mints",
        "imgName": "311357.jpg",
        "imgSrc": "https://cdn0.woolworths.media/content/wowproductimages/medium/311357.jpg",
        "name": "Jila Mints  4pk 108g",
        "price": 3.5,
        "unitPrice": "$3.24 / 100G"
    },
    {
        "category": "specials",
        "href": "https://www.woolworths.com.au/shop/productdetails/335172/homebrand-bathroom-cleaner-domestic-cleaner-regular",
        "imgName": "335172.jpg",
        "imgSrc": "https://cdn0.woolworths.media/content/wowproductimages/medium/335172.jpg",
        "name": "Homebrand Bathroom Cleaner Domestic Cleaner Regular 1.25l",
        "price": 2.15,
        "unitPrice": "$0.17 / 100ML"
    },
    {
        "category": "specials",
        "href": "https://www.woolworths.com.au/shop/productdetails/376487/piksters-dental-floss-interdental-brush-small",
        "imgName": "376487.jpg",
        "imgSrc": "https://cdn0.woolworths.media/content/wowproductimages/medium/376487.jpg",
        "name": "Piksters Dental Floss Interdental Brush Small 10pk",
        "price": 7,
        "unitPrice": "$0.70 / 1EA"
    },
    {
        "category": "specials",
        "href": "https://www.woolworths.com.au/shop/productdetails/532341/cenovis-once-daily-women-s-multi",
        "imgName": "532341.jpg",
        "imgSrc": "https://cdn0.woolworths.media/content/wowproductimages/medium/532341.jpg",
        "name": "Cenovis Once Daily Women's Multi 100pk",
        "price": 20,
        "unitPrice": "$20.00 / 100EA"
    },
    {
        "category": "specials",
        "href": "https://www.woolworths.com.au/shop/productdetails/482860/philips-avent-cup-with-handle",
        "imgName": "482860.jpg",
        "imgSrc": "https://cdn0.woolworths.media/content/wowproductimages/medium/482860.jpg",
        "name": "Philips Avent Cup With Handle 200ml each",
        "price": 8,
        "special": 5.6
    },
    {
        "category": "specials",
        "href": "https://www.woolworths.com.au/shop/productdetails/460958/cenovis-zinc-plus-skin-immunity-men-s-health",
        "imgName": "460958.jpg",
        "imgSrc": "https://cdn0.woolworths.media/content/wowproductimages/medium/460958.jpg",
        "name": "Cenovis Zinc Plus Skin Immunity & Men's Health 150 tablets",
        "price": 12,
        "unitPrice": "$8.00 / 100EA"
    },
    {
        "category": "specials",
        "href": "https://www.woolworths.com.au/shop/productdetails/463106/urbane-mess-beard-mainenance-kit",
        "imgName": "463106.jpg",
        "imgSrc": "https://cdn0.woolworths.media/content/wowproductimages/medium/463106.jpg",
        "name": "Urbane Mess Beard Mainenance Kit  each",
        "price": 15,
        "special": 12.7,
        "unitPrice": "$12.70 / 1EA"
    },
    {
        "category": "specials",
        "href": "https://www.woolworths.com.au/shop/productdetails/446812/raguletto-pasta-sauce-meatball",
        "imgName": "446812.jpg",
        "imgSrc": "https://cdn0.woolworths.media/content/wowproductimages/medium/446812.jpg",
        "name": "Raguletto Pasta Sauce Meatball 500g",
        "price": 1.7,
        "unitPrice": "$0.34 / 100G"
    },
    {
        "category": "specials",
        "href": "https://www.woolworths.com.au/shop/productdetails/346132/woolworths-chicken-sweet-chilli",
        "imgName": "346132.jpg",
        "imgSrc": "https://cdn0.woolworths.media/content/wowproductimages/medium/346132.jpg",
        "name": "Woolworths Chicken Sweet Chilli 85g",
        "price": 1.29,
        "unitPrice": "$15.18 / 1KG"
    },
    {
        "category": "specials",
        "href": "https://www.woolworths.com.au/shop/productdetails/370911/saxbys-ginger-beer",
        "imgName": "370911.jpg",
        "imgSrc": "https://cdn0.woolworths.media/content/wowproductimages/medium/370911.jpg",
        "name": "Saxbys Ginger Beer  8x375ml",
        "price": 10,
        "special": 8.2,
        "unitPrice": "$2.73 / 1L"
    },
    {
        "category": "specials",
        "href": "https://www.woolworths.com.au/shop/productdetails/384242/arnott-s-shapes-flame-grilled-bbq",
        "imgName": "384242.jpg",
        "imgSrc": "https://cdn0.woolworths.media/content/wowproductimages/medium/384242.jpg",
        "name": "Arnott's Shapes Flame Grilled Bbq 175g",
        "price": 3,
        "special": 2,
        "unitPrice": "$1.14 / 100G"
    },
    {
        "category": "specials",
        "href": "https://www.woolworths.com.au/shop/productdetails/471954/tyrrells-chips-cheddar-chives",
        "imgName": "471954.jpg",
        "imgSrc": "https://cdn0.woolworths.media/content/wowproductimages/medium/471954.jpg",
        "name": "Tyrrells Chips Cheddar & Chives 165g bag",
        "price": 4.49,
        "special": 2.24,
        "unitPrice": "$1.36 / 100G"
    },
    {
        "category": "specials",
        "href": "https://www.woolworths.com.au/shop/productdetails/460621/rexona-men-antibacterial-defense",
        "imgName": "460621.jpg",
        "imgSrc": "https://cdn0.woolworths.media/content/wowproductimages/medium/460621.jpg",
        "name": "Rexona Men Antibacterial Defense  250ml",
        "price": 7,
        "special": 5,
        "unitPrice": "$2.00 / 100ML"
    },
    {
        "category": "specials",
        "href": "https://www.woolworths.com.au/shop/productdetails/364435/kewpie-japanese-mayonnaise",
        "imgName": "364435.jpg",
        "imgSrc": "https://cdn0.woolworths.media/content/wowproductimages/medium/364435.jpg",
        "name": "Kewpie Japanese Mayonnaise 500g",
        "price": 7,
        "special": 6,
        "unitPrice": "$12.00 / 1KG"
    },
    {
        "category": "specials",
        "href": "https://www.woolworths.com.au/shop/productdetails/436019/woolworths-caffitaly-compatible-coffee-capsules-smooth-roast",
        "imgName": "436019.jpg",
        "imgSrc": "https://cdn0.woolworths.media/content/wowproductimages/medium/436019.jpg",
        "name": "Woolworths Caffitaly Compatible Coffee Capsules Smooth Roast 10pk 80g",
        "price": 3.7,
        "unitPrice": "$4.63 / 100G"
    },
    {
        "category": "specials",
        "href": "https://www.woolworths.com.au/shop/productdetails/511498/bonds-mens-logo-socks-light-trainer-sz-6-plus",
        "imgName": "511498.jpg",
        "imgSrc": "https://cdn0.woolworths.media/content/wowproductimages/medium/511498.jpg",
        "name": "Bonds Mens Logo Socks Light Trainer Sz 6 Plus 4pk",
        "price": 14,
        "special": 7
    },
    {
        "category": "specials",
        "href": "https://www.woolworths.com.au/shop/productdetails/519545/schmackos-meaty-tenderz-kangaroo",
        "imgName": "519545.jpg",
        "imgSrc": "https://cdn0.woolworths.media/content/wowproductimages/medium/519545.jpg",
        "name": "Schmackos Meaty Tenderz Kangaroo 100g",
        "price": 6.5,
        "special": 5,
        "unitPrice": "$5.00 / 100G"
    },
    {
        "category": "specials",
        "href": "https://www.woolworths.com.au/shop/productdetails/524575/energizer-30-pin-apple-cable-1-2m-abs-round",
        "imgName": "524575.jpg",
        "imgSrc": "https://cdn0.woolworths.media/content/wowproductimages/medium/524575.jpg",
        "name": "Energizer 30 Pin Apple Cable 1.2m Abs Round each",
        "price": 20,
        "special": 18
    },
    {
        "category": "specials",
        "href": "https://www.woolworths.com.au/shop/productdetails/559221/maybelline-master-precise-skinny-eye-liner",
        "imgName": "559221.jpg",
        "imgSrc": "https://cdn0.woolworths.media/content/wowproductimages/medium/559221.jpg",
        "name": "Maybelline Master Precise Skinny Eye Liner 100mg",
        "price": 13.5,
        "special": 9.45,
        "unitPrice": "$945.00 / 10G"
    },
    {
        "category": "specials",
        "href": "https://www.woolworths.com.au/shop/productdetails/576099/white-wings-make-create-magical-icing-cupcakes",
        "imgName": "576099.jpg",
        "imgSrc": "https://cdn0.woolworths.media/content/wowproductimages/medium/576099.jpg",
        "name": "White Wings Make & Create Magical Icing Cupcakes 410g",
        "price": 5,
        "special": 3.5,
        "unitPrice": "$0.85 / 100G"
    },
    {
        "category": "specials",
        "href": "https://www.woolworths.com.au/shop/productdetails/578732/bulldog-original-face-scrub",
        "imgName": "578732.jpg",
        "imgSrc": "https://cdn0.woolworths.media/content/wowproductimages/medium/578732.jpg",
        "name": "Bulldog Original Face Scrub 125ml",
        "price": 10,
        "special": 7,
        "unitPrice": "$5.60 / 100ML"
    },
    {
        "category": "specials",
        "href": "https://www.woolworths.com.au/shop/productdetails/459777/mitchum-women-s-clinical-protection-gel-power-fresh",
        "imgName": "459777.jpg",
        "imgSrc": "https://cdn0.woolworths.media/content/wowproductimages/medium/459777.jpg",
        "name": "Mitchum Women's Clinical Protection Gel Power Fresh 57g",
        "price": 10,
        "unitPrice": "$17.54 / 100G"
    },
    {
        "category": "specials",
        "href": "https://www.woolworths.com.au/shop/productdetails/506416/clean-clear-essentials-regime-kit",
        "imgName": "506416.jpg",
        "imgSrc": "https://cdn0.woolworths.media/content/wowproductimages/medium/506416.jpg",
        "name": "Clean & Clear Essentials Regime Kit  each",
        "price": 14
    },
    {
        "category": "specials",
        "href": "https://www.woolworths.com.au/shop/productdetails/655427/pringles-meat-pie-crisps",
        "imgName": "655427.jpg",
        "imgSrc": "https://cdn0.woolworths.media/content/wowproductimages/medium/655427.jpg",
        "name": "Pringles Meat Pie Crisps 134g",
        "price": 4,
        "special": 2,
        "unitPrice": "$1.49 / 100G"
    },
    {
        "category": "specials",
        "href": "https://www.woolworths.com.au/shop/productdetails/657676/optimum-kangaroo-with-vegetables-dog-food",
        "imgName": "657676.jpg",
        "imgSrc": "https://cdn0.woolworths.media/content/wowproductimages/medium/657676.jpg",
        "name": "Optimum Kangaroo With Vegetables Dog Food 100g",
        "price": 1.35,
        "special": 1.1,
        "unitPrice": "$1.10 / 100G"
    },
    {
        "category": "specials",
        "href": "https://www.woolworths.com.au/shop/productdetails/709604/rafferty-s-garden-food-4-months-pear-superberries",
        "imgName": "709604.jpg",
        "imgSrc": "https://cdn0.woolworths.media/content/wowproductimages/medium/709604.jpg",
        "name": "Rafferty's Garden Food 4 Months+ Pear & Superberries 120g",
        "price": 1.65,
        "unitPrice": "$1.38 / 100G"
    },
    {
        "category": "specials",
        "href": "https://www.woolworths.com.au/shop/productdetails/620118/deeko-collection-white-dinner-plates-matt-finish-26cm",
        "imgName": "620118.jpg",
        "imgSrc": "https://cdn0.woolworths.media/content/wowproductimages/medium/620118.jpg",
        "name": "Deeko Collection White Dinner Plates Matt Finish 26cm 10pk",
        "price": 5,
        "special": 4,
        "unitPrice": "$0.40 / 1EA"
    },
    {
        "category": "specials",
        "href": "https://www.woolworths.com.au/shop/productdetails/721913/tena-pants-for-men-level-4-medium-to-large",
        "imgName": "721913.jpg",
        "imgSrc": "https://cdn0.woolworths.media/content/wowproductimages/medium/721913.jpg",
        "name": "Tena Pants For Men Level 4 Medium To Large 8pk",
        "price": 13.5,
        "unitPrice": "$1.69 / 1EA"
    },
    {
        "category": "specials",
        "href": "https://www.woolworths.com.au/shop/productdetails/569364/cenovis-once-daily-men-s-plus-multi-performance",
        "imgName": "569364.jpg",
        "imgSrc": "https://cdn0.woolworths.media/content/wowproductimages/medium/569364.jpg",
        "name": "Cenovis Once Daily Men's Plus Multi Performance 100pk",
        "price": 25,
        "unitPrice": "$25.00 / 100EA"
    },
    {
        "category": "specials",
        "href": "https://www.woolworths.com.au/shop/productdetails/696339/woolworths-canned-soup-chunky-chicken-vegetable",
        "imgName": "696339.jpg",
        "imgSrc": "https://cdn0.woolworths.media/content/wowproductimages/medium/696339.jpg",
        "name": "Woolworths Canned Soup Chunky Chicken & Vegetable 505g",
        "price": 2,
        "unitPrice": "$0.40 / 100G"
    },
    {
        "category": "specials",
        "href": "https://www.woolworths.com.au/shop/productdetails/705056/finish-concentrate-powder-powder-concentrate-lemon",
        "imgName": "705056.jpg",
        "imgSrc": "https://cdn0.woolworths.media/content/wowproductimages/medium/705056.jpg",
        "name": "Finish Concentrate Powder Powder Concentrate Lemon 1kg",
        "price": 10.99,
        "unitPrice": "$1.10 / 100G"
    },
    {
        "category": "specials",
        "href": "https://www.woolworths.com.au/shop/productdetails/726541/woolworths-select-almonds-natural",
        "imgName": "726541.jpg",
        "imgSrc": "https://cdn0.woolworths.media/content/wowproductimages/medium/726541.jpg",
        "name": "Woolworths Select Almonds Natural 450g",
        "price": 8,
        "unitPrice": "$17.78 / 1KG"
    },
    {
        "category": "specials",
        "href": "https://www.woolworths.com.au/shop/productdetails/756678/once-upon-a-time-6-months-vegetable-chicken",
        "imgName": "756678.jpg",
        "imgSrc": "https://cdn0.woolworths.media/content/wowproductimages/medium/756678.jpg",
        "name": "Once Upon A Time 6 Months Vegetable & Chicken 120g",
        "price": 1.1,
        "unitPrice": "$0.92 / 100G"
    },
    {
        "category": "specials",
        "href": "https://www.woolworths.com.au/shop/productdetails/758117/heinz-spaghetti-meatballs-in-tomato-sauce",
        "imgName": "758117.jpg",
        "imgSrc": "https://cdn0.woolworths.media/content/wowproductimages/medium/758117.jpg",
        "name": "Heinz Spaghetti & Meatballs In Tomato Sauce 420g",
        "price": 2.2,
        "special": 2,
        "unitPrice": "$0.48 / 100G"
    },
    {
        "category": "specials",
        "href": "https://www.woolworths.com.au/shop/productdetails/758747/auricchio-parmigiano-reggiano-parmesan-cheese-24-mths",
        "imgName": "758747.jpg",
        "imgSrc": "https://cdn0.woolworths.media/content/wowproductimages/medium/758747.jpg",
        "name": "Auricchio Parmigiano Reggiano Parmesan Cheese 24 Mths 200g",
        "price": 12,
        "special": 9.6,
        "unitPrice": "$48.00 / 1KG"
    },
    {
        "category": "specials",
        "href": "https://www.woolworths.com.au/shop/productdetails/782427/l-oreal-preference-very-platinum",
        "imgName": "782427.jpg",
        "imgSrc": "https://cdn0.woolworths.media/content/wowproductimages/medium/782427.jpg",
        "name": "L'oreal Preference Very Platinum each",
        "price": 19,
        "special": 13
    },
    {
        "category": "specials",
        "href": "https://www.woolworths.com.au/shop/productdetails/766230/praise-aioli-mayonnaise-deli-style-chipotle",
        "imgName": "766230.jpg",
        "imgSrc": "https://cdn0.woolworths.media/content/wowproductimages/medium/766230.jpg",
        "name": "Praise Aioli Mayonnaise Deli Style Chipotle 250ml",
        "price": 4,
        "special": 2.5,
        "unitPrice": "$1.00 / 100ML"
    },
    {
        "category": "specials",
        "href": "https://www.woolworths.com.au/shop/productdetails/712417/lynx-women-body-spray-aerosol-deodorant-anarchy-for-her",
        "imgName": "712417.jpg",
        "imgSrc": "https://cdn0.woolworths.media/content/wowproductimages/medium/712417.jpg",
        "name": "Lynx Women Body Spray Aerosol Deodorant Anarchy For Her 155ml",
        "price": 6,
        "special": 4,
        "unitPrice": "$2.58 / 100ML"
    },
    {
        "category": "specials",
        "href": "https://www.woolworths.com.au/shop/productdetails/752079/chobani-no-fat-raspberry-yoghurt",
        "imgName": "752079.jpg",
        "imgSrc": "https://cdn0.woolworths.media/content/wowproductimages/medium/752079.jpg",
        "name": "Chobani No Fat Raspberry Yoghurt 170g",
        "price": 2.25,
        "special": 2,
        "unitPrice": "$1.18 / 100G"
    },
    {
        "category": "specials",
        "href": "https://www.woolworths.com.au/shop/productdetails/768561/woolworths-australian-broccoli-cauliflower",
        "imgName": "768561.jpg",
        "imgSrc": "https://cdn0.woolworths.media/content/wowproductimages/medium/768561.jpg",
        "name": "Woolworths Australian Broccoli & Cauliflower 500g",
        "price": 2.15,
        "unitPrice": "$4.30 / 1KG"
    },
    {
        "category": "specials",
        "href": "https://www.woolworths.com.au/shop/productdetails/758371/kan-tong-stir-fry-sauce-honey-sesame-garlic",
        "imgName": "758371.jpg",
        "imgSrc": "https://cdn0.woolworths.media/content/wowproductimages/medium/758371.jpg",
        "name": "Kan Tong Stir Fry Sauce Honey, Sesame & Garlic 520g",
        "price": 3.29,
        "unitPrice": "$0.63 / 100G"
    },
    {
        "category": "specials",
        "href": "https://www.woolworths.com.au/shop/productdetails/789741/naty-by-nature-babycare-nappies-size-3",
        "imgName": "789741.jpg",
        "imgSrc": "https://cdn0.woolworths.media/content/wowproductimages/medium/789741.jpg",
        "name": "Naty By Nature Babycare Nappies Size 3 31pk convnience",
        "price": 13.5,
        "unitPrice": "$0.44 / 1EA"
    },
    {
        "category": "specials",
        "href": "https://www.woolworths.com.au/shop/productdetails/830211/woolworths-select-ice-cream-sandwich-original",
        "imgName": "830211.jpg",
        "imgSrc": "https://cdn0.woolworths.media/content/wowproductimages/medium/830211.jpg",
        "name": "Woolworths Select Ice Cream Sandwich Original 4pk 440ml",
        "price": 3,
        "unitPrice": "$0.68 / 100ML"
    },
    {
        "category": "specials",
        "href": "https://www.woolworths.com.au/shop/productdetails/863729/finish-max-in-1-lemon-liquid-gel",
        "imgName": "863729.jpg",
        "imgSrc": "https://cdn0.woolworths.media/content/wowproductimages/medium/863729.jpg",
        "name": "Finish Max In 1 Lemon Liquid Gel 650ml",
        "price": 10,
        "unitPrice": "$1.54 / 100ML"
    },
    {
        "category": "specials",
        "href": "https://www.woolworths.com.au/shop/productdetails/749164/woolworths-the-king-of-chunky-chocolate-chip-cookies",
        "imgName": "749164.jpg",
        "imgSrc": "https://cdn0.woolworths.media/content/wowproductimages/medium/749164.jpg",
        "name": "Woolworths The King Of Chunky Chocolate Chip Cookies 310g",
        "price": 3.5,
        "unitPrice": "$1.13 / 100G"
    },
    {
        "category": "specials",
        "href": "https://www.woolworths.com.au/shop/productdetails/784325/whiskas-adult-cat-food-tuna-flavour",
        "imgName": "784325.jpg",
        "imgSrc": "https://cdn0.woolworths.media/content/wowproductimages/medium/784325.jpg",
        "name": "Whiskas Adult Cat Food Tuna Flavour 12pk",
        "price": 7,
        "unitPrice": "$0.69 / 100G"
    },
    {
        "category": "specials",
        "href": "https://www.woolworths.com.au/shop/productdetails/827969/nescafe-gold-instant-coffee-smooth",
        "imgName": "827969.jpg",
        "imgSrc": "https://cdn0.woolworths.media/content/wowproductimages/medium/827969.jpg",
        "name": "Nescafe Gold Instant Coffee Smooth 190g",
        "price": 18,
        "special": 12,
        "unitPrice": "$6.32 / 100G"
    },
    {
        "category": "specials",
        "href": "https://www.woolworths.com.au/shop/productdetails/841103/garnier-olia-red-6-66",
        "imgName": "841103.jpg",
        "imgSrc": "https://cdn0.woolworths.media/content/wowproductimages/medium/841103.jpg",
        "name": "Garnier Olia Red 6.66 each",
        "price": 17,
        "special": 12
    },
    {
        "category": "specials",
        "href": "https://www.woolworths.com.au/shop/productdetails/842060/batiste-limited-edition-eden-dry-shampoo",
        "imgName": "842060.jpg",
        "imgSrc": "https://cdn0.woolworths.media/content/wowproductimages/medium/842060.jpg",
        "name": "Batiste Limited Edition Eden Dry Shampoo 200ml",
        "price": 10,
        "special": 7,
        "unitPrice": "$3.50 / 100ML"
    },
    {
        "category": "specials",
        "href": "https://www.woolworths.com.au/shop/productdetails/931469/moccona-coffee-sachets-vanilla-latte",
        "imgName": "931469.jpg",
        "imgSrc": "https://cdn0.woolworths.media/content/wowproductimages/medium/931469.jpg",
        "name": "Moccona Coffee Sachets Vanilla Latte 150g 10pk",
        "price": 4.5,
        "unitPrice": "$3.00 / 100G"
    },
    {
        "category": "specials",
        "href": "https://www.woolworths.com.au/shop/productdetails/854128/inspire-potato-masher",
        "imgName": "854128.jpg",
        "imgSrc": "https://cdn0.woolworths.media/content/wowproductimages/medium/854128.jpg",
        "name": "Inspire Potato Masher  each",
        "price": 6
    },
    {
        "category": "specials",
        "href": "https://www.woolworths.com.au/shop/productdetails/950631/woolworths-passionfruit-cheesecake",
        "imgName": "950631.jpg",
        "imgSrc": "https://cdn0.woolworths.media/content/wowproductimages/medium/950631.jpg",
        "name": "Woolworths Passionfruit Cheesecake 450g",
        "price": 3,
        "unitPrice": "$0.67 / 100G"
    },
    {
        "category": "specials",
        "href": "https://www.woolworths.com.au/shop/productdetails/829583/gloria-jeans-coffee-capsules-cuban-single-origin",
        "imgName": "829583.jpg",
        "imgSrc": "https://cdn0.woolworths.media/content/wowproductimages/medium/829583.jpg",
        "name": "Gloria Jeans Coffee Capsules Cuban Single Origin 80g",
        "price": 6,
        "special": 4.8,
        "unitPrice": "$6.00 / 100G"
    },
    {
        "category": "specials",
        "href": "https://www.woolworths.com.au/shop/productdetails/844313/woolworths-honey-nut-cornflakes",
        "imgName": "844313.jpg",
        "imgSrc": "https://cdn0.woolworths.media/content/wowproductimages/medium/844313.jpg",
        "name": "Woolworths Honey Nut Cornflakes  400g",
        "price": 3.5,
        "unitPrice": "$0.88 / 100G"
    },
    {
        "category": "specials",
        "href": "https://www.woolworths.com.au/shop/productdetails/867121/nature-s-way-slim-right-powder-chocolate-decadence",
        "imgName": "867121.jpg",
        "imgSrc": "https://cdn0.woolworths.media/content/wowproductimages/medium/867121.jpg",
        "name": "Nature's Way Slim Right Powder Chocolate Decadence 350g",
        "price": 20,
        "special": 15,
        "unitPrice": "$4.29 / 100G"
    },
    {
        "category": "specials",
        "href": "https://www.woolworths.com.au/shop/productdetails/888618/woolworths-sunscreen-spray-everyday-spf-50-",
        "imgName": "888618.jpg",
        "imgSrc": "https://cdn0.woolworths.media/content/wowproductimages/medium/888618.jpg",
        "name": "Woolworths Sunscreen Spray Everyday Spf 50+ 175g",
        "price": 7.5,
        "unitPrice": "$4.29 / 100G"
    },
    {
        "category": "specials",
        "href": "https://www.woolworths.com.au/shop/productdetails/939230/smooze-banana-coconut",
        "imgName": "939230.jpg",
        "imgSrc": "https://cdn0.woolworths.media/content/wowproductimages/medium/939230.jpg",
        "name": "Smooze Banana & Coconut  8x65ml",
        "price": 6,
        "unitPrice": "$1.15 / 100ML"
    },
    {
        "category": "specials",
        "href": "https://www.woolworths.com.au/shop/productdetails/840479/surf-2-in-1-laundry-detergent-washing-powder-tropical-lily",
        "imgName": "840479.jpg",
        "imgSrc": "https://cdn0.woolworths.media/content/wowproductimages/medium/840479.jpg",
        "name": "Surf 2 In 1 Laundry Detergent Washing Powder Tropical Lily 1kg",
        "price": 4.49,
        "unitPrice": "$4.49 / 1KG"
    },
    {
        "category": "specials",
        "href": "https://www.woolworths.com.au/shop/productdetails/224411/woolworths-chunky-steakhouse-chips",
        "imgName": "224411.jpg",
        "imgSrc": "https://cdn0.woolworths.media/content/wowproductimages/medium/224411.jpg",
        "name": "Woolworths Chunky Steakhouse Chips 1kg",
        "price": 2,
        "unitPrice": "$2.00 / 1KG"
    },
    {
        "category": "specials",
        "href": "https://www.woolworths.com.au/shop/productdetails/24730/colgate-plax-mouthwash-fresh-mint",
        "imgName": "024730.jpg",
        "imgSrc": "https://cdn0.woolworths.media/content/wowproductimages/medium/024730.jpg",
        "name": "Colgate Plax Mouthwash Fresh Mint 500ml",
        "price": 5.99,
        "special": 2.99,
        "unitPrice": "$0.60 / 100ML"
    },
    {
        "category": "specials",
        "href": "https://www.woolworths.com.au/shop/productdetails/260010/woolworths-frozen-mixed-berries",
        "imgName": "260010.jpg",
        "imgSrc": "https://cdn0.woolworths.media/content/wowproductimages/medium/260010.jpg",
        "name": "Woolworths Frozen Mixed Berries  500g",
        "price": 4,
        "unitPrice": "$8.00 / 1KG"
    },
    {
        "category": "specials",
        "href": "https://www.woolworths.com.au/shop/productdetails/311461/sunrice-microwave-fragrant-brown-rice-family-sz",
        "imgName": "311461.jpg",
        "imgSrc": "https://cdn0.woolworths.media/content/wowproductimages/medium/311461.jpg",
        "name": "Sunrice Microwave Fragrant Brown Rice Family Sz 450g",
        "price": 3.5,
        "unitPrice": "$0.78 / 100G"
    },
    {
        "category": "specials",
        "href": "https://www.woolworths.com.au/shop/productdetails/345300/smith-s-chips-multipack-original",
        "imgName": "345300.jpg",
        "imgSrc": "https://cdn0.woolworths.media/content/wowproductimages/medium/345300.jpg",
        "name": "Smith's Chips Multipack Original 6pk 114g",
        "price": 3.14,
        "unitPrice": "$2.75 / 100G"
    },
    {
        "category": "specials",
        "href": "https://www.woolworths.com.au/shop/productdetails/503116/woolworths-frozen-pizza-pepperoni",
        "imgName": "503116.jpg",
        "imgSrc": "https://cdn0.woolworths.media/content/wowproductimages/medium/503116.jpg",
        "name": "Woolworths Frozen Pizza Pepperoni 360g",
        "price": 4,
        "unitPrice": "$1.11 / 100G"
    },
    {
        "category": "specials",
        "href": "https://www.woolworths.com.au/shop/productdetails/53221/whiskas-adult-cat-food-salmon-chicken-loaf",
        "imgName": "053221.jpg",
        "imgSrc": "https://cdn0.woolworths.media/content/wowproductimages/medium/053221.jpg",
        "name": "Whiskas Adult Cat Food Salmon & Chicken Loaf 400g",
        "price": 1.5,
        "unitPrice": "$0.38 / 100G"
    },
    {
        "category": "specials",
        "href": "https://www.woolworths.com.au/shop/productdetails/657419/mars-bar-twix-bar",
        "imgName": "657419.jpg",
        "imgSrc": "https://cdn0.woolworths.media/content/wowproductimages/medium/657419.jpg",
        "name": "Mars Bar Twix Bar 50g",
        "price": 2,
        "special": 1,
        "unitPrice": "$2.00 / 100G"
    },
    {
        "category": "specials",
        "href": "https://www.woolworths.com.au/shop/productdetails/844355/felix-as-good-as-it-looks-ocean-menus",
        "imgName": "844355.jpg",
        "imgSrc": "https://cdn0.woolworths.media/content/wowproductimages/medium/844355.jpg",
        "name": "Felix As Good As It Looks Ocean Menus 12x85g",
        "price": 10.69,
        "special": 8.5,
        "unitPrice": "$0.83 / 100G"
    },
    {
        "category": "specials",
        "href": "https://www.woolworths.com.au/shop/productdetails/88470/original-juice-orange-juice",
        "imgName": "088470.jpg",
        "imgSrc": "https://cdn0.woolworths.media/content/wowproductimages/medium/088470.jpg",
        "name": "Original Juice Orange Juice 1.5l",
        "price": 5,
        "unitPrice": "$3.33 / 1L"
    },
    {
        "category": "specials",
        "href": "https://www.woolworths.com.au/shop/productdetails/891954/woolworths-select-yummy-snacks-vanilla-yoghurt",
        "imgName": "891954.jpg",
        "imgSrc": "https://cdn0.woolworths.media/content/wowproductimages/medium/891954.jpg",
        "name": "Woolworths Select Yummy Snacks Vanilla Yoghurt 70g",
        "price": 0.75,
        "unitPrice": "$1.07 / 100G"
    },
    {
        "category": "specials",
        "href": "https://www.woolworths.com.au/shop/productdetails/33296/essentials-self-raising-flour",
        "imgName": "033296.jpg",
        "imgSrc": "https://cdn0.woolworths.media/content/wowproductimages/medium/033296.jpg",
        "name": "Essentials Self Raising Flour  1kg",
        "price": 0.75,
        "unitPrice": "$0.75 / 1KG"
    },
    {
        "category": "specials",
        "href": "https://www.woolworths.com.au/shop/productdetails/2633/crisco-canola-oil",
        "imgName": "002633.jpg",
        "imgSrc": "https://cdn0.woolworths.media/content/wowproductimages/medium/002633.jpg",
        "name": "Crisco Canola Oil 2l",
        "price": 8,
        "unitPrice": "$0.40 / 100ML"
    },
    {
        "category": "specials",
        "href": "https://www.woolworths.com.au/shop/productdetails/10924/essentials-stainless-steel-scourer",
        "imgName": "010924.jpg",
        "imgSrc": "https://cdn0.woolworths.media/content/wowproductimages/medium/010924.jpg",
        "name": "Essentials Stainless Steel Scourer 3pk",
        "price": 0.89,
        "unitPrice": "$0.30 / 1EA"
    },
    {
        "category": "specials",
        "href": "https://www.woolworths.com.au/shop/productdetails/30441/gatorade-lemon-lime-sports-drink",
        "imgName": "030441.jpg",
        "imgSrc": "https://cdn0.woolworths.media/content/wowproductimages/medium/030441.jpg",
        "name": "Gatorade Lemon Lime Sports Drink 600ml",
        "price": 3.65,
        "special": 2.15,
        "unitPrice": "$3.58 / 1L"
    },
    {
        "category": "specials",
        "href": "https://www.woolworths.com.au/shop/productdetails/8647/twinings-irish-breakfast-tea-bags",
        "imgName": "008647.jpg",
        "imgSrc": "https://cdn0.woolworths.media/content/wowproductimages/medium/008647.jpg",
        "name": "Twinings Irish Breakfast Tea Bags 100pk 200g",
        "price": 11,
        "special": 7,
        "unitPrice": "$3.50 / 100G"
    },
    {
        "category": "specials",
        "href": "https://www.woolworths.com.au/shop/productdetails/33888/nesquik-chocolate",
        "imgName": "033888.jpg",
        "imgSrc": "https://cdn0.woolworths.media/content/wowproductimages/medium/033888.jpg",
        "name": "Nesquik Chocolate  250g",
        "price": 2.8,
        "special": 2.25,
        "unitPrice": "$0.90 / 100G"
    },
    {
        "category": "specials",
        "href": "https://www.woolworths.com.au/shop/productdetails/9068/johnnie-walker-red-label-scotch-whisky",
        "imgName": "009068.jpg",
        "imgSrc": "https://cdn0.woolworths.media/content/wowproductimages/medium/009068.jpg",
        "name": "Johnnie Walker Red Label Scotch Whisky  700ml",
        "price": 43,
        "special": 38
    },
    {
        "category": "specials",
        "href": "https://www.woolworths.com.au/shop/productdetails/32153/greenseas-tuna-chunks-in-brine",
        "imgName": "032153.jpg",
        "imgSrc": "https://cdn0.woolworths.media/content/wowproductimages/medium/032153.jpg",
        "name": "Greenseas Tuna Chunks In Brine 95g",
        "price": 2,
        "special": 1,
        "unitPrice": "$10.53 / 1KG"
    },
    {
        "category": "specials",
        "href": "https://www.woolworths.com.au/shop/productdetails/47893/annalisa-beans-borlotti",
        "imgName": "047893.jpg",
        "imgSrc": "https://cdn0.woolworths.media/content/wowproductimages/medium/047893.jpg",
        "name": "Annalisa Beans Borlotti 400g",
        "price": 1.5,
        "special": 1,
        "unitPrice": "$2.50 / 1KG"
    },
    {
        "category": "specials",
        "href": "https://www.woolworths.com.au/shop/productdetails/37810/annalisa-tomatoes-peeled",
        "imgName": "037810.jpg",
        "imgSrc": "https://cdn0.woolworths.media/content/wowproductimages/medium/037810.jpg",
        "name": "Annalisa Tomatoes Peeled 400g",
        "price": 1.4,
        "special": 1,
        "unitPrice": "$2.50 / 1KG"
    },
    {
        "category": "specials",
        "href": "https://www.woolworths.com.au/shop/productdetails/38024/whiskas-adult-cat-food-jellymeat-loaf",
        "imgName": "038024.jpg",
        "imgSrc": "https://cdn0.woolworths.media/content/wowproductimages/medium/038024.jpg",
        "name": "Whiskas Adult Cat Food Jellymeat Loaf 400g",
        "price": 1.5,
        "unitPrice": "$0.38 / 100G"
    },
    {
        "category": "specials",
        "href": "https://www.woolworths.com.au/shop/productdetails/93685/dimple-scotch-whisky-15-years-old",
        "imgName": "093685.jpg",
        "imgSrc": "https://cdn0.woolworths.media/content/wowproductimages/medium/093685.jpg",
        "name": "Dimple Scotch Whisky 15 Years Old 700ml",
        "price": 72,
        "special": 52
    },
    {
        "category": "specials",
        "href": "https://www.woolworths.com.au/shop/productdetails/48765/divine-classic-creme-caramel",
        "imgName": "048765.jpg",
        "imgSrc": "https://cdn0.woolworths.media/content/wowproductimages/medium/048765.jpg",
        "name": "Divine Classic Creme Caramel  2x150g",
        "price": 2.9,
        "special": 2.5,
        "unitPrice": "$0.83 / 100G"
    },
    {
        "category": "specials",
        "href": "https://www.woolworths.com.au/shop/productdetails/88038/cenovis-sugarless-c-value-pack-500mg-orange-flavour-tablets",
        "imgName": "088038.jpg",
        "imgSrc": "https://cdn0.woolworths.media/content/wowproductimages/medium/088038.jpg",
        "name": "Cenovis Sugarless C Value Pack 500mg Orange Flavour Tablets 300",
        "price": 12,
        "unitPrice": "$4.00 / 100EA"
    },
    {
        "category": "specials",
        "href": "https://www.woolworths.com.au/shop/productdetails/41430/bulla-choc-bars-vanilla",
        "imgName": "041430.jpg",
        "imgSrc": "https://cdn0.woolworths.media/content/wowproductimages/medium/041430.jpg",
        "name": "Bulla Choc Bars Vanilla 10pk 768ml",
        "price": 6.8,
        "special": 4.5,
        "unitPrice": "$0.59 / 100ML"
    },
    {
        "category": "specials",
        "href": "https://www.woolworths.com.au/shop/productdetails/35694/nescafe-blend-43-instant-coffee",
        "imgName": "035694.jpg",
        "imgSrc": "https://cdn0.woolworths.media/content/wowproductimages/medium/035694.jpg",
        "name": "Nescafe Blend 43 Instant Coffee  500g",
        "price": 20,
        "special": 15,
        "unitPrice": "$3.00 / 100G"
    },
    {
        "category": "specials",
        "href": "https://www.woolworths.com.au/shop/productdetails/46223/lindt-lindor-chocolate-block-white",
        "imgName": "046223.jpg",
        "imgSrc": "https://cdn0.woolworths.media/content/wowproductimages/medium/046223.jpg",
        "name": "Lindt Lindor Chocolate Block White 100g block",
        "price": 4.25,
        "special": 2.12,
        "unitPrice": "$2.12 / 100G"
    },
    {
        "category": "specials",
        "href": "https://www.woolworths.com.au/shop/productdetails/195358/kleenex-facial-tissues-aloe-vera-white-3ply",
        "imgName": "195358.jpg",
        "imgSrc": "https://cdn0.woolworths.media/content/wowproductimages/medium/195358.jpg",
        "name": "Kleenex Facial Tissues Aloe Vera White 3ply 170pk",
        "price": 4.4,
        "special": 3,
        "unitPrice": "$1.76 / 100SS"
    },
    {
        "category": "specials",
        "href": "https://www.woolworths.com.au/shop/productdetails/171904/fancy-feast-royale-adult-cat-food-yellow-fin-tuna-whole-shrimp",
        "imgName": "171904.jpg",
        "imgSrc": "https://cdn0.woolworths.media/content/wowproductimages/medium/171904.jpg",
        "name": "Fancy Feast Royale Adult Cat Food Yellow Fin Tuna & Whole Shrimp 85g",
        "price": 1.8,
        "unitPrice": "$2.12 / 100G"
    },
    {
        "category": "specials",
        "href": "https://www.woolworths.com.au/shop/productdetails/146326/carman-s-classic-fruit-nut-muesli",
        "imgName": "146326.jpg",
        "imgSrc": "https://cdn0.woolworths.media/content/wowproductimages/medium/146326.jpg",
        "name": "Carman's Classic Fruit & Nut Muesli 500g",
        "price": 5.7,
        "special": 4,
        "unitPrice": "$0.80 / 100G"
    },
    {
        "category": "specials",
        "href": "https://www.woolworths.com.au/shop/productdetails/107192/heinz-strained-food-4-months-apple-mango-100-fruit",
        "imgName": "107192.jpg",
        "imgSrc": "https://cdn0.woolworths.media/content/wowproductimages/medium/107192.jpg",
        "name": "Heinz Strained Food 4 Months Apple & Mango 100% Fruit 110g",
        "price": 1,
        "unitPrice": "$0.91 / 100G"
    },
    {
        "category": "specials",
        "href": "https://www.woolworths.com.au/shop/productdetails/130720/banana-boat-after-sun-aloe",
        "imgName": "130720.jpg",
        "imgSrc": "https://cdn0.woolworths.media/content/wowproductimages/medium/130720.jpg",
        "name": "Banana Boat After Sun Aloe 250ml",
        "price": 8.5,
        "special": 6.8,
        "unitPrice": "$2.72 / 100ML"
    },
    {
        "category": "specials",
        "href": "https://www.woolworths.com.au/shop/productdetails/226351/cracker-barrel-extra-sharp-cheese-slices",
        "imgName": "226351.jpg",
        "imgSrc": "https://cdn0.woolworths.media/content/wowproductimages/medium/226351.jpg",
        "name": "Cracker Barrel Extra Sharp Cheese Slices 12pk 250g",
        "price": 6.5,
        "special": 4.5,
        "unitPrice": "$18.00 / 1KG"
    },
    {
        "category": "specials",
        "href": "https://www.woolworths.com.au/shop/productdetails/253625/bonds-kids-socks-lowcut-logo-13-3",
        "imgName": "253625.jpg",
        "imgSrc": "https://cdn0.woolworths.media/content/wowproductimages/medium/253625.jpg",
        "name": "Bonds Kids Socks Lowcut Logo 13 - 3 3pk",
        "price": 14,
        "special": 7,
        "unitPrice": "$2.33 / 1EA"
    },
    {
        "category": "specials",
        "href": "https://www.woolworths.com.au/shop/productdetails/307480/scotch-brite-heavy-duty-foam-scourer-3x-longer",
        "imgName": "307480.jpg",
        "imgSrc": "https://cdn0.woolworths.media/content/wowproductimages/medium/307480.jpg",
        "name": "Scotch-brite Heavy Duty Foam Scourer 3x Longer 4pk",
        "price": 4.29,
        "special": 3.43,
        "unitPrice": "$0.86 / 1EA"
    },
    {
        "category": "specials",
        "href": "https://www.woolworths.com.au/shop/productdetails/228835/homebrand-canned-soup-tomato-condensed",
        "imgName": "228835.jpg",
        "imgSrc": "https://cdn0.woolworths.media/content/wowproductimages/medium/228835.jpg",
        "name": "Homebrand Canned Soup Tomato Condensed 415g",
        "price": 0.8,
        "unitPrice": "$0.19 / 100G"
    },
    {
        "category": "specials",
        "href": "https://www.woolworths.com.au/shop/productdetails/257602/bonds-mens-underwear-hipster-brief-xx-large",
        "imgName": "257602.jpg",
        "imgSrc": "https://cdn0.woolworths.media/content/wowproductimages/medium/257602.jpg",
        "name": "Bonds Mens Underwear Hipster Brief Xx Large 5pk",
        "price": 27,
        "special": 13.5,
        "unitPrice": "$2.70 / 1EA"
    },
    {
        "category": "specials",
        "href": "https://www.woolworths.com.au/shop/productdetails/299946/red-rock-deli-multipack-variety-box-adult-serves",
        "imgName": "299946.jpg",
        "imgSrc": "https://cdn0.woolworths.media/content/wowproductimages/medium/299946.jpg",
        "name": "Red Rock Deli Multipack Variety Box Adult Serves 10pk 280g",
        "price": 5.5,
        "unitPrice": "$1.96 / 100G"
    },
    {
        "category": "specials",
        "href": "https://www.woolworths.com.au/shop/productdetails/212822/dettol-laundry-rinse",
        "imgName": "212822.jpg",
        "imgSrc": "https://cdn0.woolworths.media/content/wowproductimages/medium/212822.jpg",
        "name": "Dettol Laundry Rinse  1.25l",
        "price": 8.89,
        "special": 7.99,
        "unitPrice": "$6.39 / 1L"
    },
    {
        "category": "specials",
        "href": "https://www.woolworths.com.au/shop/productdetails/214458/waterthins-crispbread-classic-cheddar-twists",
        "imgName": "214458.jpg",
        "imgSrc": "https://cdn0.woolworths.media/content/wowproductimages/medium/214458.jpg",
        "name": "Waterthins Crispbread Classic Cheddar Twists 110g",
        "price": 4,
        "special": 3,
        "unitPrice": "$2.73 / 100G"
    },
    {
        "category": "specials",
        "href": "https://www.woolworths.com.au/shop/productdetails/248440/sargents-pies-traditional-meat-cheese",
        "imgName": "248440.jpg",
        "imgSrc": "https://cdn0.woolworths.media/content/wowproductimages/medium/248440.jpg",
        "name": "Sargents Pies Traditional Meat & Cheese 700g",
        "price": 4.5,
        "unitPrice": "$0.64 / 100G"
    },
    {
        "category": "specials",
        "href": "https://www.woolworths.com.au/shop/productdetails/308288/always-fresh-grissini-crispbread-three-seed-and-sea-salt",
        "imgName": "308288.jpg",
        "imgSrc": "https://cdn0.woolworths.media/content/wowproductimages/medium/308288.jpg",
        "name": "Always Fresh Grissini Crispbread Three Seed And Sea Salt 125g",
        "price": 3.45,
        "special": 2.5,
        "unitPrice": "$2.00 / 100G"
    },
    {
        "category": "specials",
        "href": "https://www.woolworths.com.au/shop/productdetails/332066/nice-natural-nut-bar-yoghurt",
        "imgName": "332066.jpg",
        "imgSrc": "https://cdn0.woolworths.media/content/wowproductimages/medium/332066.jpg",
        "name": "Nice & Natural Nut Bar Yoghurt 192g",
        "price": 4,
        "special": 3,
        "unitPrice": "$1.56 / 100G"
    },
    {
        "category": "specials",
        "href": "https://www.woolworths.com.au/shop/productdetails/260783/kraft-easy-mac-macaroni-cheese-cup",
        "imgName": "260783.jpg",
        "imgSrc": "https://cdn0.woolworths.media/content/wowproductimages/medium/260783.jpg",
        "name": "Kraft Easy Mac Macaroni & Cheese Cup 73g",
        "price": 2.2,
        "special": 1.8,
        "unitPrice": "$2.47 / 100G"
    },
    {
        "category": "specials",
        "href": "https://www.woolworths.com.au/shop/productdetails/331579/olay-regenerist-advanced-anti-ageing-cream-cleanser",
        "imgName": "331579.jpg",
        "imgSrc": "https://cdn0.woolworths.media/content/wowproductimages/medium/331579.jpg",
        "name": "Olay Regenerist Advanced Anti Ageing Cream Cleanser 100g",
        "price": 17.99,
        "special": 8.99,
        "unitPrice": "$8.99 / 100G"
    },
    {
        "category": "specials",
        "href": "https://www.woolworths.com.au/shop/productdetails/260430/l-oreal-casting-cr-me-gloss-700-dark-blonde",
        "imgName": "260430.jpg",
        "imgSrc": "https://cdn0.woolworths.media/content/wowproductimages/medium/260430.jpg",
        "name": "L'oreal Casting Cr\u00e8me Gloss 700 Dark Blonde 1pk",
        "price": 16,
        "special": 11
    },
    {
        "category": "specials",
        "href": "https://www.woolworths.com.au/shop/productdetails/233881/easy-off-oven-cleaner-heavy-duty",
        "imgName": "233881.jpg",
        "imgSrc": "https://cdn0.woolworths.media/content/wowproductimages/medium/233881.jpg",
        "name": "Easy Off Oven Cleaner Heavy Duty 325g",
        "price": 2.8,
        "unitPrice": "$0.86 / 100G"
    },
    {
        "category": "specials",
        "href": "https://www.woolworths.com.au/shop/productdetails/263284/adidas-deodorant-aerosol-anti-perspirant-intensive",
        "imgName": "263284.jpg",
        "imgSrc": "https://cdn0.woolworths.media/content/wowproductimages/medium/263284.jpg",
        "name": "Adidas Deodorant Aerosol Anti Perspirant Intensive 123g",
        "price": 5,
        "unitPrice": "$3.97 / 100G"
    },
    {
        "category": "specials",
        "href": "https://www.woolworths.com.au/shop/productdetails/258267/biore-facial-wipes-deep-pore-cleansing",
        "imgName": "258267.jpg",
        "imgSrc": "https://cdn0.woolworths.media/content/wowproductimages/medium/258267.jpg",
        "name": "Biore Facial Wipes Deep Pore Cleansing 25pk",
        "price": 6.99,
        "special": 4.85,
        "unitPrice": "$0.19 / 1EA"
    },
    {
        "category": "specials",
        "href": "https://www.woolworths.com.au/shop/productdetails/258863/pantene-pro-v-daily-moisture-renewal-conditioner",
        "imgName": "258863.jpg",
        "imgSrc": "https://cdn0.woolworths.media/content/wowproductimages/medium/258863.jpg",
        "name": "Pantene Pro-v Daily Moisture Renewal Conditioner 350ml",
        "price": 4.5,
        "unitPrice": "$1.29 / 100ML"
    },
    {
        "category": "specials",
        "href": "https://www.woolworths.com.au/shop/productdetails/305568/sipahh-variety-pack-milk-straws",
        "imgName": "305568.jpg",
        "imgSrc": "https://cdn0.woolworths.media/content/wowproductimages/medium/305568.jpg",
        "name": "Sipahh Variety Pack Milk Straws 25x88g",
        "price": 8.39,
        "special": 7,
        "unitPrice": "$0.28 / 1EA"
    },
    {
        "category": "specials",
        "href": "https://www.woolworths.com.au/shop/productdetails/300187/asiana-spring-rolls",
        "imgName": "300187.jpg",
        "imgSrc": "https://cdn0.woolworths.media/content/wowproductimages/medium/300187.jpg",
        "name": "Asiana Spring Rolls  1kg",
        "price": 10,
        "unitPrice": "$1.00 / 100G"
    },
    {
        "category": "specials",
        "href": "https://www.woolworths.com.au/shop/productdetails/482845/sunraysia-juice-pomegranate",
        "imgName": "482845.jpg",
        "imgSrc": "https://cdn0.woolworths.media/content/wowproductimages/medium/482845.jpg",
        "name": "Sunraysia Juice Pomegranate 1l",
        "price": 6,
        "special": 5,
        "unitPrice": "$5.00 / 1L"
    },
    {
        "category": "specials",
        "href": "https://www.woolworths.com.au/shop/productdetails/524582/energizer-micro-usb-1-2m-cable-black",
        "imgName": "524582.jpg",
        "imgSrc": "https://cdn0.woolworths.media/content/wowproductimages/medium/524582.jpg",
        "name": "Energizer Micro Usb 1.2m Cable - Black  each",
        "price": 10,
        "special": 9
    },
    {
        "category": "specials",
        "href": "https://www.woolworths.com.au/shop/productdetails/369454/mccain-healthy-choice-honey-mustard-chicken",
        "imgName": "369454.jpg",
        "imgSrc": "https://cdn0.woolworths.media/content/wowproductimages/medium/369454.jpg",
        "name": "Mccain Healthy Choice Honey Mustard Chicken 300g",
        "price": 4,
        "unitPrice": "$1.33 / 100G"
    },
    {
        "category": "specials",
        "href": "https://www.woolworths.com.au/shop/productdetails/443920/brite-organix-semi-permanent-hair-colour-turquoise",
        "imgName": "443920.jpg",
        "imgSrc": "https://cdn0.woolworths.media/content/wowproductimages/medium/443920.jpg",
        "name": "Brite Organix Semi Permanent Hair Colour Turquoise 75ml",
        "price": 10,
        "special": 8,
        "unitPrice": "$10.67 / 100ML"
    },
    {
        "category": "specials",
        "href": "https://www.woolworths.com.au/shop/productdetails/260004/woolworths-frozen-raspberries",
        "imgName": "260004.jpg",
        "imgSrc": "https://cdn0.woolworths.media/content/wowproductimages/medium/260004.jpg",
        "name": "Woolworths Frozen Raspberries  500g",
        "price": 4,
        "unitPrice": "$8.00 / 1KG"
    },
    {
        "category": "specials",
        "href": "https://www.woolworths.com.au/shop/productdetails/315172/farex-baby-food-6-months-fruity-muesli",
        "imgName": "315172.jpg",
        "imgSrc": "https://cdn0.woolworths.media/content/wowproductimages/medium/315172.jpg",
        "name": "Farex Baby Food 6 Months Fruity Muesli 125g",
        "price": 2,
        "unitPrice": "$1.60 / 100G"
    },
    {
        "category": "specials",
        "href": "https://www.woolworths.com.au/shop/productdetails/330993/peckish-thins-rice-crackers-cheddar-cheese",
        "imgName": "330993.jpg",
        "imgSrc": "https://cdn0.woolworths.media/content/wowproductimages/medium/330993.jpg",
        "name": "Peckish Thins Rice Crackers Cheddar Cheese 100g",
        "price": 2.2,
        "special": 1,
        "unitPrice": "$1.00 / 100G"
    },
    {
        "category": "specials",
        "href": "https://www.woolworths.com.au/shop/productdetails/264936/golden-circle-apple-raspberry-cordial",
        "imgName": "264936.jpg",
        "imgSrc": "https://cdn0.woolworths.media/content/wowproductimages/medium/264936.jpg",
        "name": "Golden Circle Apple & Raspberry Cordial 2l",
        "price": 3,
        "unitPrice": "$1.50 / 1L"
    },
    {
        "category": "specials",
        "href": "https://www.woolworths.com.au/shop/productdetails/327484/nivea-deodorant-aerosol-double-effect-white-senses",
        "imgName": "327484.jpg",
        "imgSrc": "https://cdn0.woolworths.media/content/wowproductimages/medium/327484.jpg",
        "name": "Nivea Deodorant Aerosol Double Effect White Senses 100g",
        "price": 4,
        "unitPrice": "$2.67 / 100ML"
    },
    {
        "category": "specials",
        "href": "https://www.woolworths.com.au/shop/productdetails/381210/palmolive-for-men-body-wash-gel-active",
        "imgName": "381210.jpg",
        "imgSrc": "https://cdn0.woolworths.media/content/wowproductimages/medium/381210.jpg",
        "name": "Palmolive For Men Body Wash Gel Active 1l",
        "price": 8.5,
        "special": 7,
        "unitPrice": "$0.70 / 100ML"
    },
    {
        "category": "specials",
        "href": "https://www.woolworths.com.au/shop/productdetails/425951/dilmah-green-tea-lemongrass",
        "imgName": "425951.jpg",
        "imgSrc": "https://cdn0.woolworths.media/content/wowproductimages/medium/425951.jpg",
        "name": "Dilmah Green Tea Lemongrass 20pk",
        "price": 3.7,
        "special": 2,
        "unitPrice": "$0.10 / 1EA"
    },
    {
        "category": "specials",
        "href": "https://www.woolworths.com.au/shop/productdetails/381080/mills-wares-muffin-bars-sultana",
        "imgName": "381080.jpg",
        "imgSrc": "https://cdn0.woolworths.media/content/wowproductimages/medium/381080.jpg",
        "name": "Mills & Wares Muffin Bars Sultana 420g",
        "price": 5.99,
        "unitPrice": "$1.43 / 100G"
    },
    {
        "category": "specials",
        "href": "https://www.woolworths.com.au/shop/productdetails/481172/smitten-cat-food-casserole-beef",
        "imgName": "481172.jpg",
        "imgSrc": "https://cdn0.woolworths.media/content/wowproductimages/medium/481172.jpg",
        "name": "Smitten Cat Food Casserole Beef 100g",
        "price": 0.6,
        "unitPrice": "$0.60 / 100G"
    },
    {
        "category": "specials",
        "href": "https://www.woolworths.com.au/shop/productdetails/583766/aeroplane-dessert-mix-chocolate",
        "imgName": "583766.jpg",
        "imgSrc": "https://cdn0.woolworths.media/content/wowproductimages/medium/583766.jpg",
        "name": "Aeroplane Dessert Mix Chocolate 100g",
        "price": 1.5,
        "special": 1,
        "unitPrice": "$1.00 / 100G"
    },
    {
        "category": "specials",
        "href": "https://www.woolworths.com.au/shop/productdetails/544989/dynamo-ultra-regular-front-top-laundry-liquid",
        "imgName": "544989.jpg",
        "imgSrc": "https://cdn0.woolworths.media/content/wowproductimages/medium/544989.jpg",
        "name": "Dynamo Ultra Regular Front & Top Laundry Liquid 4l",
        "price": 24,
        "unitPrice": "$6.00 / 1L"
    },
    {
        "category": "specials",
        "href": "https://www.woolworths.com.au/shop/productdetails/508817/vaalia-kids-breakfast-yoghurt-pouch-banana-grain",
        "imgName": "508817.jpg",
        "imgSrc": "https://cdn0.woolworths.media/content/wowproductimages/medium/508817.jpg",
        "name": "Vaalia Kids Breakfast Yoghurt Pouch Banana & Grain 140g",
        "price": 1.89,
        "unitPrice": "$1.35 / 100G"
    },
    {
        "category": "specials",
        "href": "https://www.woolworths.com.au/shop/productdetails/573175/darrell-lea-bb-s-orange-chocolate",
        "imgName": "573175.jpg",
        "imgSrc": "https://cdn0.woolworths.media/content/wowproductimages/medium/573175.jpg",
        "name": "Darrell Lea Bb's Orange Chocolate 180g",
        "price": 3.9,
        "special": 3.3,
        "unitPrice": "$1.83 / 100G"
    },
    {
        "category": "specials",
        "href": "https://www.woolworths.com.au/shop/productdetails/600568/energizer-lightning-1-2m-cable-pink",
        "imgName": "600568.jpg",
        "imgSrc": "https://cdn0.woolworths.media/content/wowproductimages/medium/600568.jpg",
        "name": "Energizer Lightning 1.2m Cable - Pink  each",
        "price": 20,
        "special": 18
    },
    {
        "category": "specials",
        "href": "https://www.woolworths.com.au/shop/productdetails/312446/garnier-pure-active-3-in-1-face-mask-wash-scrub",
        "imgName": "312446.jpg",
        "imgSrc": "https://cdn0.woolworths.media/content/wowproductimages/medium/312446.jpg",
        "name": "Garnier Pure Active 3 In 1 Face Mask Wash & Scrub 150ml",
        "price": 11.99,
        "special": 8.35,
        "unitPrice": "$5.57 / 100ML"
    },
    {
        "category": "specials",
        "href": "https://www.woolworths.com.au/shop/productdetails/525653/glen-20-disinfectant-max-cover-garden-after-the-rain-scent",
        "imgName": "525653.jpg",
        "imgSrc": "https://cdn0.woolworths.media/content/wowproductimages/medium/525653.jpg",
        "name": "Glen 20 Disinfectant Max Cover Garden After The Rain Scent 354g",
        "price": 8,
        "special": 6.8,
        "unitPrice": "$1.92 / 100G"
    },
    {
        "category": "specials",
        "href": "https://www.woolworths.com.au/shop/productdetails/298557/swisspers-facial-wipes-green-tea",
        "imgName": "298557.jpg",
        "imgSrc": "https://cdn0.woolworths.media/content/wowproductimages/medium/298557.jpg",
        "name": "Swisspers Facial Wipes Green Tea 2x25pk",
        "price": 7.99,
        "special": 6.99,
        "unitPrice": "$0.14 / 1EA"
    },
    {
        "category": "specials",
        "href": "https://www.woolworths.com.au/shop/productdetails/432655/woolworths-snack-bowl-green",
        "imgName": "432655.jpg",
        "imgSrc": "https://cdn0.woolworths.media/content/wowproductimages/medium/432655.jpg",
        "name": "Woolworths Snack Bowl Green 4pk",
        "price": 3,
        "special": 2,
        "unitPrice": "$0.50 / 1EA"
    },
    {
        "category": "specials",
        "href": "https://www.woolworths.com.au/shop/productdetails/477637/dine-daily-cat-food-tuna-mornay-cheese-sauce",
        "imgName": "477637.jpg",
        "imgSrc": "https://cdn0.woolworths.media/content/wowproductimages/medium/477637.jpg",
        "name": "Dine Daily Cat Food Tuna Mornay & Cheese Sauce 595g",
        "price": 7.15,
        "special": 5,
        "unitPrice": "$0.84 / 100G"
    },
    {
        "category": "specials",
        "href": "https://www.woolworths.com.au/shop/productdetails/352943/bonds-baby-socks-sport-active",
        "imgName": "352943.jpg",
        "imgSrc": "https://cdn0.woolworths.media/content/wowproductimages/medium/352943.jpg",
        "name": "Bonds Baby Socks Sport Active 3pk",
        "price": 10,
        "special": 7,
        "unitPrice": "$2.33 / 1EA"
    },
    {
        "category": "specials",
        "href": "https://www.woolworths.com.au/shop/productdetails/473213/quilton-gold-toilet-paper",
        "imgName": "473213.jpg",
        "imgSrc": "https://cdn0.woolworths.media/content/wowproductimages/medium/473213.jpg",
        "name": "Quilton Gold Toilet Paper  12pk",
        "price": 9,
        "special": 8,
        "unitPrice": "$0.48 / 100SS"
    },
    {
        "category": "specials",
        "href": "https://www.woolworths.com.au/shop/productdetails/369695/weight-watchers-cannelloni-pumpkin-ricotta",
        "imgName": "369695.jpg",
        "imgSrc": "https://cdn0.woolworths.media/content/wowproductimages/medium/369695.jpg",
        "name": "Weight Watchers Cannelloni Pumpkin Ricotta 330g",
        "price": 4,
        "unitPrice": "$1.21 / 100G"
    },
    {
        "category": "specials",
        "href": "https://www.woolworths.com.au/shop/productdetails/729727/raid-one-shot-insect-spray-odourless",
        "imgName": "729727.jpg",
        "imgSrc": "https://cdn0.woolworths.media/content/wowproductimages/medium/729727.jpg",
        "name": "Raid One Shot Insect Spray Odourless 375g",
        "price": 9.69,
        "special": 6.8,
        "unitPrice": "$1.81 / 100G"
    },
    {
        "category": "specials",
        "href": "https://www.woolworths.com.au/shop/productdetails/381697/palmolive-body-wash-hydrating-gel",
        "imgName": "381697.jpg",
        "imgSrc": "https://cdn0.woolworths.media/content/wowproductimages/medium/381697.jpg",
        "name": "Palmolive Body Wash Hydrating Gel 1l",
        "price": 8.5,
        "special": 7,
        "unitPrice": "$0.70 / 100ML"
    },
    {
        "category": "specials",
        "href": "https://www.woolworths.com.au/shop/productdetails/701116/pea-beau-insect-spray-fik-aerosol",
        "imgName": "701116.jpg",
        "imgSrc": "https://cdn0.woolworths.media/content/wowproductimages/medium/701116.jpg",
        "name": "Pea Beau Insect Spray Fik Aerosol 350g",
        "price": 4.5,
        "unitPrice": "$1.29 / 100G"
    },
    {
        "category": "specials",
        "href": "https://www.woolworths.com.au/shop/productdetails/649933/the-natural-confectionery-company-rainbow-frogs",
        "imgName": "649933.jpg",
        "imgSrc": "https://cdn0.woolworths.media/content/wowproductimages/medium/649933.jpg",
        "name": "The Natural Confectionery Company Rainbow Frogs  220g bag",
        "price": 4,
        "special": 3,
        "unitPrice": "$1.36 / 100G"
    },
    {
        "category": "specials",
        "href": "https://www.woolworths.com.au/shop/productdetails/645389/icelandic-alkaline-spring-water",
        "imgName": "645389.jpg",
        "imgSrc": "https://cdn0.woolworths.media/content/wowproductimages/medium/645389.jpg",
        "name": "Icelandic Alkaline Spring Water 1l",
        "price": 4.1,
        "special": 2.9,
        "unitPrice": "$2.90 / 1L"
    },
    {
        "category": "specials",
        "href": "https://www.woolworths.com.au/shop/productdetails/598477/raw-c-sparkling-mango-passionfruit-coconut-water",
        "imgName": "598477.jpg",
        "imgSrc": "https://cdn0.woolworths.media/content/wowproductimages/medium/598477.jpg",
        "name": "Raw C Sparkling Mango & Passionfruit Coconut Water 400ml",
        "price": 3,
        "special": 2.5,
        "unitPrice": "$6.25 / 1L"
    },
    {
        "category": "specials",
        "href": "https://www.woolworths.com.au/shop/productdetails/640827/huggies-baby-wipes-fragrance-free",
        "imgName": "640827.jpg",
        "imgSrc": "https://cdn0.woolworths.media/content/wowproductimages/medium/640827.jpg",
        "name": "Huggies Baby Wipes Fragrance Free 3x80pk",
        "price": 14,
        "special": 9,
        "unitPrice": "$3.75 / 100EA"
    },
    {
        "category": "specials",
        "href": "https://www.woolworths.com.au/shop/productdetails/662134/heilala-natural-vanilla-extract",
        "imgName": "662134.jpg",
        "imgSrc": "https://cdn0.woolworths.media/content/wowproductimages/medium/662134.jpg",
        "name": "Heilala Natural Vanilla Extract 125ml",
        "price": 10,
        "special": 8,
        "unitPrice": "$6.40 / 100ML"
    },
    {
        "category": "specials",
        "href": "https://www.woolworths.com.au/shop/productdetails/663678/pepes-frozen-duck-no25",
        "imgName": "663678.jpg",
        "imgSrc": "https://cdn0.woolworths.media/content/wowproductimages/medium/663678.jpg",
        "name": "Pepes Frozen Duck No25 2.5kg",
        "price": 25.99,
        "special": 12.99,
        "unitPrice": "$5.20 / 1KG"
    },
    {
        "category": "specials",
        "href": "https://www.woolworths.com.au/shop/productdetails/463180/sunsilk-conditioner-soft-smooth",
        "imgName": "463180.jpg",
        "imgSrc": "https://cdn0.woolworths.media/content/wowproductimages/medium/463180.jpg",
        "name": "Sunsilk Conditioner Soft & Smooth 700ml",
        "price": 10,
        "special": 7,
        "unitPrice": "$1.00 / 100ML"
    },
    {
        "category": "specials",
        "href": "https://www.woolworths.com.au/shop/productdetails/465133/always-fresh-artisan-collection-green-olives-stuffed-with-jalapeno",
        "imgName": "465133.jpg",
        "imgSrc": "https://cdn0.woolworths.media/content/wowproductimages/medium/465133.jpg",
        "name": "Always Fresh Artisan Collection Green Olives Stuffed With Jalapeno 295g",
        "price": 6,
        "special": 5,
        "unitPrice": "$16.95 / 1KG"
    },
    {
        "category": "specials",
        "href": "https://www.woolworths.com.au/shop/productdetails/705151/scharzkopf-live-salon-hair-colour-5-89-dark-ruby-red",
        "imgName": "705151.jpg",
        "imgSrc": "https://cdn0.woolworths.media/content/wowproductimages/medium/705151.jpg",
        "name": "Scharzkopf Live Salon Hair Colour 5.89 Dark Ruby Red each",
        "price": 14,
        "special": 8.4
    },
    {
        "category": "specials",
        "href": "https://www.woolworths.com.au/shop/productdetails/743266/woolworths-select-summer-fruit-muesli",
        "imgName": "743266.jpg",
        "imgSrc": "https://cdn0.woolworths.media/content/wowproductimages/medium/743266.jpg",
        "name": "Woolworths Select Summer Fruit Muesli 750g",
        "price": 3.85,
        "unitPrice": "$0.51 / 100G"
    },
    {
        "category": "specials",
        "href": "https://www.woolworths.com.au/shop/productdetails/765496/olsent-spiral-cfl-cool-day-light-es-20w",
        "imgName": "765496.jpg",
        "imgSrc": "https://cdn0.woolworths.media/content/wowproductimages/medium/765496.jpg",
        "name": "Olsent Spiral Cfl Cool Day Light Es 20w 2pk",
        "price": 10,
        "unitPrice": "$5.00 / 1EA"
    },
    {
        "category": "specials",
        "href": "https://www.woolworths.com.au/shop/productdetails/785455/mars-snickers",
        "imgName": "785455.jpg",
        "imgSrc": "https://cdn0.woolworths.media/content/wowproductimages/medium/785455.jpg",
        "name": "Mars Snickers  50g bar",
        "price": 2,
        "special": 1,
        "unitPrice": "$2.00 / 100G"
    },
    {
        "category": "specials",
        "href": "https://www.woolworths.com.au/shop/productdetails/365264/original-source-body-wash-mint-tea-tree-gel",
        "imgName": "365264.jpg",
        "imgSrc": "https://cdn0.woolworths.media/content/wowproductimages/medium/365264.jpg",
        "name": "Original Source Body Wash Mint & Tea Tree Gel 250ml",
        "price": 4,
        "special": 3.5,
        "unitPrice": "$1.40 / 100ML"
    },
    {
        "category": "specials",
        "href": "https://www.woolworths.com.au/shop/productdetails/441107/natralus-natural-paw-paw-ointment",
        "imgName": "441107.jpg",
        "imgSrc": "https://cdn0.woolworths.media/content/wowproductimages/medium/441107.jpg",
        "name": "Natralus Natural Paw Paw Ointment  25g",
        "price": 5.99,
        "special": 4.75,
        "unitPrice": "$19.00 / 100G"
    },
    {
        "category": "specials",
        "href": "https://www.woolworths.com.au/shop/productdetails/767403/nature-s-gift-treat-joint-care-for-dogs",
        "imgName": "767403.jpg",
        "imgSrc": "https://cdn0.woolworths.media/content/wowproductimages/medium/767403.jpg",
        "name": "Nature's Gift Treat Joint Care For Dogs 80g",
        "price": 4.69,
        "special": 4,
        "unitPrice": "$5.00 / 100G"
    },
    {
        "category": "specials",
        "href": "https://www.woolworths.com.au/shop/productdetails/661636/dove-strengthen-ritual-conditioner",
        "imgName": "661636.jpg",
        "imgSrc": "https://cdn0.woolworths.media/content/wowproductimages/medium/661636.jpg",
        "name": "Dove Strengthen Ritual Conditioner 320ml",
        "price": 7,
        "special": 3.5,
        "unitPrice": "$1.09 / 100ML"
    },
    {
        "category": "specials",
        "href": "https://www.woolworths.com.au/shop/productdetails/713592/baby-macro-organic-4-months-sweet-vegetables",
        "imgName": "713592.jpg",
        "imgSrc": "https://cdn0.woolworths.media/content/wowproductimages/medium/713592.jpg",
        "name": "Baby Macro Organic 4 Months+ Sweet Vegetables 120g",
        "price": 1.5,
        "unitPrice": "$1.25 / 100G"
    },
    {
        "category": "specials",
        "href": "https://www.woolworths.com.au/shop/productdetails/347680/heinz-beef-ravioli-bolognese",
        "imgName": "347680.jpg",
        "imgSrc": "https://cdn0.woolworths.media/content/wowproductimages/medium/347680.jpg",
        "name": "Heinz Beef Ravioli Bolognese 410g",
        "price": 2.5,
        "unitPrice": "$6.10 / 1KG"
    },
    {
        "category": "specials",
        "href": "https://www.woolworths.com.au/shop/productdetails/727087/herbal-essences-conditioner-replenishing",
        "imgName": "727087.jpg",
        "imgSrc": "https://cdn0.woolworths.media/content/wowproductimages/medium/727087.jpg",
        "name": "Herbal Essences Conditioner Replenishing 490ml",
        "price": 9,
        "special": 7,
        "unitPrice": "$1.43 / 100ML"
    },
    {
        "category": "specials",
        "href": "https://www.woolworths.com.au/shop/productdetails/745976/homebrand-chocolate-coated-honeycomb",
        "imgName": "745976.jpg",
        "imgSrc": "https://cdn0.woolworths.media/content/wowproductimages/medium/745976.jpg",
        "name": "Homebrand Chocolate Coated Honeycomb 400g bag",
        "price": 2.99,
        "unitPrice": "$0.75 / 100G"
    },
    {
        "category": "specials",
        "href": "https://www.woolworths.com.au/shop/productdetails/716073/tassal-salmon-spingwater",
        "imgName": "716073.jpg",
        "imgSrc": "https://cdn0.woolworths.media/content/wowproductimages/medium/716073.jpg",
        "name": "Tassal Salmon Spingwater 95g",
        "price": 2,
        "unitPrice": "$21.05 / 1KG"
    },
    {
        "category": "specials",
        "href": "https://www.woolworths.com.au/shop/productdetails/769604/colgate-zig-zag-toothbrush-soft-value-pack",
        "imgName": "769604.jpg",
        "imgSrc": "https://cdn0.woolworths.media/content/wowproductimages/medium/769604.jpg",
        "name": "Colgate Zig Zag Toothbrush Soft Value Pack 6pk",
        "price": 10,
        "unitPrice": "$1.67 / 1EA"
    },
    {
        "category": "specials",
        "href": "https://www.woolworths.com.au/shop/productdetails/841515/rexona-women-antiperspirant-roll-on-deodorant-invisible-dry-black-white",
        "imgName": "841515.jpg",
        "imgSrc": "https://cdn0.woolworths.media/content/wowproductimages/medium/841515.jpg",
        "name": "Rexona Women Antiperspirant Roll On Deodorant Invisible Dry Black & White 50ml",
        "price": 4,
        "special": 3,
        "unitPrice": "$6.00 / 100ML"
    },
    {
        "category": "specials",
        "href": "https://www.woolworths.com.au/shop/productdetails/791226/jed-s-coffee-co-coffee-bean-bags-no-4",
        "imgName": "791226.jpg",
        "imgSrc": "https://cdn0.woolworths.media/content/wowproductimages/medium/791226.jpg",
        "name": "Jed's Coffee Co. Coffee Bean Bags No. 4 10pk 80g",
        "price": 6,
        "special": 4.5,
        "unitPrice": "$5.63 / 100G"
    },
    {
        "category": "specials",
        "href": "https://www.woolworths.com.au/shop/productdetails/771764/chux-non-scratch-scourer-scrubs",
        "imgName": "771764.jpg",
        "imgSrc": "https://cdn0.woolworths.media/content/wowproductimages/medium/771764.jpg",
        "name": "Chux Non Scratch Scourer Scrubs 8 pk",
        "price": 5.5,
        "unitPrice": "$0.69 / 1EA"
    },
    {
        "category": "specials",
        "href": "https://www.woolworths.com.au/shop/productdetails/830212/woolworths-select-ice-cream-sandwich-cookies-cream",
        "imgName": "830212.jpg",
        "imgSrc": "https://cdn0.woolworths.media/content/wowproductimages/medium/830212.jpg",
        "name": "Woolworths Select Ice Cream Sandwich Cookies & Cream 4pk 440ml",
        "price": 3,
        "unitPrice": "$0.68 / 100ML"
    },
    {
        "category": "specials",
        "href": "https://www.woolworths.com.au/shop/productdetails/889294/woolworths-muesli-bars-honeycomb",
        "imgName": "889294.jpg",
        "imgSrc": "https://cdn0.woolworths.media/content/wowproductimages/medium/889294.jpg",
        "name": "Woolworths Muesli Bars Honeycomb 185g",
        "price": 2.3,
        "unitPrice": "$1.24 / 100G"
    },
    {
        "category": "specials",
        "href": "https://www.woolworths.com.au/shop/productdetails/760488/gourmet-delight-adult-cat-food-heart-health",
        "imgName": "760488.jpg",
        "imgSrc": "https://cdn0.woolworths.media/content/wowproductimages/medium/760488.jpg",
        "name": "Gourmet Delight Adult Cat Food Heart Health 85g",
        "price": 0.79,
        "unitPrice": "$0.93 / 100G"
    },
    {
        "category": "specials",
        "href": "https://www.woolworths.com.au/shop/productdetails/761000/on-the-menu-mixed-grill",
        "imgName": "761000.jpg",
        "imgSrc": "https://cdn0.woolworths.media/content/wowproductimages/medium/761000.jpg",
        "name": "On The Menu Mixed Grill  320g",
        "price": 6,
        "unitPrice": "$1.88 / 100G"
    },
    {
        "category": "specials",
        "href": "https://www.woolworths.com.au/shop/productdetails/787819/bickfords-cloudy-pear-juice",
        "imgName": "787819.jpg",
        "imgSrc": "https://cdn0.woolworths.media/content/wowproductimages/medium/787819.jpg",
        "name": "Bickfords Cloudy Pear Juice 1l",
        "price": 5.79,
        "special": 5.2,
        "unitPrice": "$5.20 / 1L"
    },
    {
        "category": "specials",
        "href": "https://www.woolworths.com.au/shop/productdetails/559225/maybelline-master-strobe-stick-light",
        "imgName": "559225.jpg",
        "imgSrc": "https://cdn0.woolworths.media/content/wowproductimages/medium/559225.jpg",
        "name": "Maybelline Master Strobe Stick Light 6.8g",
        "price": 16,
        "special": 11.2,
        "unitPrice": "$16.47 / 10G"
    },
    {
        "category": "specials",
        "href": "https://www.woolworths.com.au/shop/productdetails/559272/mud-full-colour-lip-lacquer-vintage-pink",
        "imgName": "559272.jpg",
        "imgSrc": "https://cdn0.woolworths.media/content/wowproductimages/medium/559272.jpg",
        "name": "Mud Full Colour Lip Lacquer Vintage Pink 14ml",
        "price": 5.5,
        "unitPrice": "$3.93 / 10ML"
    },
    {
        "category": "specials",
        "href": "https://www.woolworths.com.au/shop/productdetails/830051/essentials-pegs",
        "imgName": "830051.jpg",
        "imgSrc": "https://cdn0.woolworths.media/content/wowproductimages/medium/830051.jpg",
        "name": "Essentials Pegs  30pk",
        "price": 2,
        "unitPrice": "$0.07 / 1EA"
    },
    {
        "category": "specials",
        "href": "https://www.woolworths.com.au/shop/productdetails/782479/inspire-bakeware-muffin-pan",
        "imgName": "782479.jpg",
        "imgSrc": "https://cdn0.woolworths.media/content/wowproductimages/medium/782479.jpg",
        "name": "Inspire Bakeware Muffin Pan 24 cup",
        "price": 8,
        "special": 5.6
    },
    {
        "category": "specials",
        "href": "https://www.woolworths.com.au/shop/productdetails/761023/on-the-menu-beef-lasagne",
        "imgName": "761023.jpg",
        "imgSrc": "https://cdn0.woolworths.media/content/wowproductimages/medium/761023.jpg",
        "name": "On The Menu Beef Lasagne  1kg",
        "price": 7,
        "unitPrice": "$0.70 / 100G"
    },
    {
        "category": "specials",
        "href": "https://www.woolworths.com.au/shop/productdetails/503192/body-crystal-roll-on-deodorant-botanica",
        "imgName": "503192.jpg",
        "imgSrc": "https://cdn0.woolworths.media/content/wowproductimages/medium/503192.jpg",
        "name": "Body Crystal Roll On Deodorant Botanica 80ml",
        "price": 5.5,
        "unitPrice": "$6.88 / 100ML"
    },
    {
        "category": "specials",
        "href": "https://www.woolworths.com.au/shop/productdetails/518057/decor-thermoglass-oblong-baking-dish",
        "imgName": "518057.jpg",
        "imgSrc": "https://cdn0.woolworths.media/content/wowproductimages/medium/518057.jpg",
        "name": "Decor Thermoglass Oblong Baking Dish 2.8l",
        "price": 22.99,
        "special": 11.49
    },
    {
        "category": "specials",
        "href": "https://www.woolworths.com.au/shop/productdetails/781050/cc-s-corn-chips-nacho-cheese",
        "imgName": "781050.jpg",
        "imgSrc": "https://cdn0.woolworths.media/content/wowproductimages/medium/781050.jpg",
        "name": "Cc's Corn Chips Nacho Cheese 175g",
        "price": 3.2,
        "special": 2.5,
        "unitPrice": "$1.43 / 100G"
    },
    {
        "category": "specials",
        "href": "https://www.woolworths.com.au/shop/productdetails/788737/peckish-rice-crackers-cheese",
        "imgName": "788737.jpg",
        "imgSrc": "https://cdn0.woolworths.media/content/wowproductimages/medium/788737.jpg",
        "name": "Peckish Rice Crackers Cheese 6pk 120g",
        "price": 3,
        "special": 2.5,
        "unitPrice": "$2.08 / 100G"
    },
    {
        "category": "specials",
        "href": "https://www.woolworths.com.au/shop/productdetails/841510/rexona-women-antiperspirant-roll-on-deodorant-sexy-bouquet",
        "imgName": "841510.jpg",
        "imgSrc": "https://cdn0.woolworths.media/content/wowproductimages/medium/841510.jpg",
        "name": "Rexona Women Antiperspirant Roll On Deodorant Sexy Bouquet 50ml",
        "price": 4,
        "special": 3,
        "unitPrice": "$6.00 / 100ML"
    },
    {
        "category": "specials",
        "href": "https://www.woolworths.com.au/shop/productdetails/842516/palmolive-naturals-kids-2in1-fashion-berrylicious-shampoo-conditioner",
        "imgName": "842516.jpg",
        "imgSrc": "https://cdn0.woolworths.media/content/wowproductimages/medium/842516.jpg",
        "name": "Palmolive Naturals Kids 2in1 Fashion Berrylicious Shampoo & Conditioner 350ml",
        "price": 5,
        "special": 4,
        "unitPrice": "$1.14 / 100ML"
    },
    {
        "category": "specials",
        "href": "https://www.woolworths.com.au/shop/productdetails/841137/poise-active-microliners",
        "imgName": "841137.jpg",
        "imgSrc": "https://cdn0.woolworths.media/content/wowproductimages/medium/841137.jpg",
        "name": "Poise Active Microliners 10pk",
        "price": 1.99,
        "special": 1.6,
        "unitPrice": "$0.16 / 1EA"
    },
    {
        "category": "specials",
        "href": "https://www.woolworths.com.au/shop/productdetails/923882/jalna-sweet-creamy-greek-yoghurt",
        "imgName": "923882.jpg",
        "imgSrc": "https://cdn0.woolworths.media/content/wowproductimages/medium/923882.jpg",
        "name": "Jalna Sweet & Creamy Greek Yoghurt 2kg",
        "price": 11,
        "special": 9.5,
        "unitPrice": "$0.48 / 100G"
    },
    {
        "category": "specials",
        "href": "https://www.woolworths.com.au/shop/productdetails/749336/maybelline-bb-cream-dream-fresh-light",
        "imgName": "749336.jpg",
        "imgSrc": "https://cdn0.woolworths.media/content/wowproductimages/medium/749336.jpg",
        "name": "Maybelline Bb Cream Dream Fresh Light each",
        "price": 15.95,
        "special": 11.15,
        "unitPrice": "$3.72 / 10ML"
    },
    {
        "category": "specials",
        "href": "https://www.woolworths.com.au/shop/productdetails/750292/lindt-creation-dark-chocolate-sumptuous-orange",
        "imgName": "750292.jpg",
        "imgSrc": "https://cdn0.woolworths.media/content/wowproductimages/medium/750292.jpg",
        "name": "Lindt Creation Dark Chocolate Sumptuous Orange 100g block",
        "price": 4.25,
        "special": 2.12,
        "unitPrice": "$2.12 / 100G"
    },
    {
        "category": "specials",
        "href": "https://www.woolworths.com.au/shop/productdetails/758325/kan-tong-stir-fry-sauce-butter-chicken",
        "imgName": "758325.jpg",
        "imgSrc": "https://cdn0.woolworths.media/content/wowproductimages/medium/758325.jpg",
        "name": "Kan Tong Stir Fry Sauce Butter Chicken 485g",
        "price": 3.29,
        "unitPrice": "$0.68 / 100G"
    },
    {
        "category": "specials",
        "href": "https://www.woolworths.com.au/shop/productdetails/786160/lux-fragranced-body-wash-magical-spell",
        "imgName": "786160.jpg",
        "imgSrc": "https://cdn0.woolworths.media/content/wowproductimages/medium/786160.jpg",
        "name": "Lux Fragranced Body Wash Magical Spell 400ml",
        "price": 4.5,
        "special": 3.5,
        "unitPrice": "$0.88 / 100ML"
    },
    {
        "category": "specials",
        "href": "https://www.woolworths.com.au/shop/productdetails/629527/olay-total-effects-night-cream",
        "imgName": "629527.jpg",
        "imgSrc": "https://cdn0.woolworths.media/content/wowproductimages/medium/629527.jpg",
        "name": "Olay Total Effects Night Cream 50g",
        "price": 34,
        "special": 17,
        "unitPrice": "$34.00 / 100G"
    },
    {
        "category": "specials",
        "href": "https://www.woolworths.com.au/shop/productdetails/636684/bulla-frozen-yoghurt-sandwich-boysenberry-swirl",
        "imgName": "636684.jpg",
        "imgSrc": "https://cdn0.woolworths.media/content/wowproductimages/medium/636684.jpg",
        "name": "Bulla Frozen Yoghurt Sandwich Boysenberry Swirl 4pk 516ml",
        "price": 8,
        "special": 5,
        "unitPrice": "$0.97 / 100ML"
    },
    {
        "category": "specials",
        "href": "https://www.woolworths.com.au/shop/productdetails/787572/nivea-soft-all-purpose-cream",
        "imgName": "787572.jpg",
        "imgSrc": "https://cdn0.woolworths.media/content/wowproductimages/medium/787572.jpg",
        "name": "Nivea Soft All Purpose Cream 50ml",
        "price": 3,
        "unitPrice": "$6.00 / 100ML"
    },
    {
        "category": "specials",
        "href": "https://www.woolworths.com.au/shop/productdetails/800024/vittoria-coffee-nespresso-compatible-mountain-grown-coffee-capsules",
        "imgName": "800024.jpg",
        "imgSrc": "https://cdn0.woolworths.media/content/wowproductimages/medium/800024.jpg",
        "name": "Vittoria Coffee Nespresso Compatible Mountain Grown Coffee Capsules 10pk",
        "price": 4.5,
        "unitPrice": "$0.45 / 1EA"
    },
    {
        "category": "specials",
        "href": "https://www.woolworths.com.au/shop/productdetails/852611/purina-one-hairball-cat-formula-with-chicken",
        "imgName": "852611.jpg",
        "imgSrc": "https://cdn0.woolworths.media/content/wowproductimages/medium/852611.jpg",
        "name": "Purina One Hairball Cat Formula With Chicken 1.5kg",
        "price": 12,
        "unitPrice": "$0.80 / 100G"
    },
    {
        "category": "specials",
        "href": "https://www.woolworths.com.au/shop/productdetails/856428/safcol-spanish-paella-salmon-meal",
        "imgName": "856428.jpg",
        "imgSrc": "https://cdn0.woolworths.media/content/wowproductimages/medium/856428.jpg",
        "name": "Safcol Spanish Paella Salmon Meal 110g",
        "price": 2,
        "unitPrice": "$18.18 / 1KG"
    },
    {
        "category": "specials",
        "href": "https://www.woolworths.com.au/shop/productdetails/789253/mortein-auto-insect-control-system-odourless-refill",
        "imgName": "789253.jpg",
        "imgSrc": "https://cdn0.woolworths.media/content/wowproductimages/medium/789253.jpg",
        "name": "Mortein Auto Insect Control System Odourless Refill 154g",
        "price": 16,
        "unitPrice": "$10.39 / 100G"
    },
    {
        "category": "specials",
        "href": "https://www.woolworths.com.au/shop/productdetails/889295/woolworths-muesli-bars-choc-chip",
        "imgName": "889295.jpg",
        "imgSrc": "https://cdn0.woolworths.media/content/wowproductimages/medium/889295.jpg",
        "name": "Woolworths Muesli Bars Choc Chip 185g",
        "price": 2.3,
        "unitPrice": "$1.24 / 100G"
    },
    {
        "category": "specials",
        "href": "https://www.woolworths.com.au/shop/productdetails/796414/lucky-smart-snax-womens",
        "imgName": "796414.jpg",
        "imgSrc": "https://cdn0.woolworths.media/content/wowproductimages/medium/796414.jpg",
        "name": "Lucky Smart Snax Womens 140g",
        "price": 5.5,
        "special": 2.75,
        "unitPrice": "$19.64 / 1KG"
    },
    {
        "category": "specials",
        "href": "https://www.woolworths.com.au/shop/productdetails/780922/select-salsa-chunky-mild",
        "imgName": "780922.jpg",
        "imgSrc": "https://cdn0.woolworths.media/content/wowproductimages/medium/780922.jpg",
        "name": "Select Salsa Chunky Mild 375g",
        "price": 3.29,
        "unitPrice": "$0.88 / 100G"
    },
    {
        "category": "specials",
        "href": "https://www.woolworths.com.au/shop/productdetails/843454/air-wick-life-scents-freshmatic-device-winter-moments",
        "imgName": "843454.jpg",
        "imgSrc": "https://cdn0.woolworths.media/content/wowproductimages/medium/843454.jpg",
        "name": "Air Wick Life Scents Freshmatic Device Winter Moments 157g",
        "price": 11.99,
        "special": 9.6,
        "unitPrice": "$6.11 / 100G"
    },
    {
        "category": "specials",
        "href": "https://www.woolworths.com.au/shop/productdetails/840773/fancy-feast-inspirations-chicken-with-silky-pasta-pearls-spinach",
        "imgName": "840773.jpg",
        "imgSrc": "https://cdn0.woolworths.media/content/wowproductimages/medium/840773.jpg",
        "name": "Fancy Feast Inspirations Chicken With Silky Pasta Pearls & Spinach 70g",
        "price": 1.29,
        "unitPrice": "$1.84 / 100G"
    },
    {
        "category": "specials",
        "href": "https://www.woolworths.com.au/shop/productdetails/913548/hendricks-gin",
        "imgName": "913548.jpg",
        "imgSrc": "https://cdn0.woolworths.media/content/wowproductimages/medium/913548.jpg",
        "name": "Hendricks Gin  700ml",
        "price": 82,
        "special": 69
    },
    {
        "category": "specials",
        "href": "https://www.woolworths.com.au/shop/productdetails/659902/tyrrell-s-veg-crisps",
        "imgName": "659902.jpg",
        "imgSrc": "https://cdn0.woolworths.media/content/wowproductimages/medium/659902.jpg",
        "name": "Tyrrell's Veg Crisps  120g",
        "price": 4.49,
        "special": 2.24,
        "unitPrice": "$1.87 / 100G"
    },
    {
        "category": "specials",
        "href": "https://www.woolworths.com.au/shop/productdetails/717162/uncle-tobys-plus-antioxidant",
        "imgName": "717162.jpg",
        "imgSrc": "https://cdn0.woolworths.media/content/wowproductimages/medium/717162.jpg",
        "name": "Uncle Tobys Plus Antioxidant 435g",
        "price": 4.49,
        "special": 3,
        "unitPrice": "$0.69 / 100G"
    },
    {
        "category": "specials",
        "href": "https://www.woolworths.com.au/shop/productdetails/841552/frisp-mango-crisps",
        "imgName": "841552.jpg",
        "imgSrc": "https://cdn0.woolworths.media/content/wowproductimages/medium/841552.jpg",
        "name": "Frisp Mango Crisps 15g",
        "price": 2.5,
        "special": 2,
        "unitPrice": "$133.33 / 1KG"
    },
    {
        "category": "specials",
        "href": "https://www.woolworths.com.au/shop/productdetails/877451/maybelline-fit-me-matte-poreless-foundation-ivory-115",
        "imgName": "877451.jpg",
        "imgSrc": "https://cdn0.woolworths.media/content/wowproductimages/medium/877451.jpg",
        "name": "Maybelline Fit Me Matte + Poreless Foundation Ivory 115 30ml",
        "price": 19.95,
        "special": 13.95,
        "unitPrice": "$4.65 / 10ML"
    },
    {
        "category": "specials",
        "href": "https://www.woolworths.com.au/shop/productdetails/342973/colgate-total-toothpaste-advanced-clean",
        "imgName": "342973.jpg",
        "imgSrc": "https://cdn0.woolworths.media/content/wowproductimages/medium/342973.jpg",
        "name": "Colgate Total Toothpaste Advanced Clean 110g",
        "price": 4,
        "unitPrice": "$3.64 / 100G"
    },
    {
        "category": "specials",
        "href": "https://www.woolworths.com.au/shop/productdetails/767922/moccona-mixes-strong-cappuccino",
        "imgName": "767922.jpg",
        "imgSrc": "https://cdn0.woolworths.media/content/wowproductimages/medium/767922.jpg",
        "name": "Moccona Mixes Strong Cappuccino 10pk 150g",
        "price": 4.5,
        "unitPrice": "$3.00 / 100G"
    },
    {
        "category": "specials",
        "href": "https://www.woolworths.com.au/shop/productdetails/769305/moccona-skim-cappuccino",
        "imgName": "769305.jpg",
        "imgSrc": "https://cdn0.woolworths.media/content/wowproductimages/medium/769305.jpg",
        "name": "Moccona Skim Cappuccino 10pk 140g",
        "price": 4.5,
        "unitPrice": "$3.21 / 100G"
    },
    {
        "category": "specials",
        "href": "https://www.woolworths.com.au/shop/productdetails/583400/fairy-dish-tablets-all-in-one",
        "imgName": "583400.jpg",
        "imgSrc": "https://cdn0.woolworths.media/content/wowproductimages/medium/583400.jpg",
        "name": "Fairy Dish Tablets All In One 67pk",
        "price": 27,
        "unitPrice": "$0.40 / 1EA"
    },
    {
        "category": "specials",
        "href": "https://www.woolworths.com.au/shop/productdetails/313022/coca-cola-mini-cans",
        "imgName": "313022.jpg",
        "imgSrc": "https://cdn0.woolworths.media/content/wowproductimages/medium/313022.jpg",
        "name": "Coca-cola Mini Cans  8x200ml pack",
        "price": 9.5,
        "unitPrice": "$5.94 / 1L"
    },
    {
        "category": "specials",
        "href": "https://www.woolworths.com.au/shop/productdetails/101610/nestle-milo-chocolate-malt",
        "imgName": "101610.jpg",
        "imgSrc": "https://cdn0.woolworths.media/content/wowproductimages/medium/101610.jpg",
        "name": "Nestle Milo Chocolate Malt  450g",
        "price": 6.3,
        "special": 5,
        "unitPrice": "$1.11 / 100G"
    },
    {
        "category": "specials",
        "href": "https://www.woolworths.com.au/shop/productdetails/109099/woolworths-aussie-beef-gluten-free-sausage-mince",
        "imgName": "109099.jpg",
        "imgSrc": "https://cdn0.woolworths.media/content/wowproductimages/medium/109099.jpg",
        "name": "Woolworths Aussie Beef Gluten Free Sausage Mince 500g"
    },
    {
        "category": "specials",
        "href": "https://www.woolworths.com.au/shop/productdetails/140481/chicken-drumsticks-bulk",
        "imgName": "140481.jpg",
        "imgSrc": "https://cdn0.woolworths.media/content/wowproductimages/medium/140481.jpg",
        "name": "Chicken Drumsticks Bulk min. 1.59kg",
        "price": 5.57,
        "unitPrice": "$3.50 / 1KG"
    },
    {
        "category": "specials",
        "href": "https://www.woolworths.com.au/shop/productdetails/155429/lucky-dog-adult-dog-food-mini-beef-veg-pasta-plus-milk",
        "imgName": "155429.jpg",
        "imgSrc": "https://cdn0.woolworths.media/content/wowproductimages/medium/155429.jpg",
        "name": "Lucky Dog Adult Dog Food Mini Beef Veg Pasta Plus Milk 3kg",
        "price": 6.99,
        "special": 4.5,
        "unitPrice": "$0.15 / 100G"
    },
    {
        "category": "specials",
        "href": "https://www.woolworths.com.au/shop/productdetails/159796/kirks-lemonade-cans",
        "imgName": "159796.jpg",
        "imgSrc": "https://cdn0.woolworths.media/content/wowproductimages/medium/159796.jpg",
        "name": "Kirks Lemonade Cans 10x375ml pack",
        "price": 10.55,
        "special": 5.95,
        "unitPrice": "$1.59 / 1L"
    },
    {
        "category": "specials",
        "href": "https://www.woolworths.com.au/shop/productdetails/186035/nature-s-gift-adult-dog-food-gourmet-loaf-style-real-chicken",
        "imgName": "186035.jpg",
        "imgSrc": "https://cdn0.woolworths.media/content/wowproductimages/medium/186035.jpg",
        "name": "Nature's Gift Adult Dog Food Gourmet Loaf Style Real Chicken 100g",
        "price": 1,
        "special": 0.75,
        "unitPrice": "$0.75 / 100G"
    },
    {
        "category": "specials",
        "href": "https://www.woolworths.com.au/shop/productdetails/191048/bulla-creamy-classics-ice-cream-rich-choc-chip",
        "imgName": "191048.jpg",
        "imgSrc": "https://cdn0.woolworths.media/content/wowproductimages/medium/191048.jpg",
        "name": "Bulla Creamy Classics Ice Cream Rich Choc Chip 2l tub",
        "price": 8,
        "special": 5,
        "unitPrice": "$0.25 / 100ML"
    },
    {
        "category": "specials",
        "href": "https://www.woolworths.com.au/shop/productdetails/200705/huggies-ultra-dry-nappies-junior-16kg-boy",
        "imgName": "200705.jpg",
        "imgSrc": "https://cdn0.woolworths.media/content/wowproductimages/medium/200705.jpg",
        "name": "Huggies Ultra Dry Nappies Junior 16kg+ Boy 30pk bulk",
        "price": 16,
        "unitPrice": "$0.53 / 1EA"
    },
    {
        "category": "specials",
        "href": "https://www.woolworths.com.au/shop/productdetails/20667/home-essentials-bakeware-wooden-rolling-pin",
        "imgName": "020667.jpg",
        "imgSrc": "https://cdn0.woolworths.media/content/wowproductimages/medium/020667.jpg",
        "name": "Home Essentials Bakeware Wooden Rolling Pin each",
        "price": 6
    },
    {
        "category": "specials",
        "href": "https://www.woolworths.com.au/shop/productdetails/21228/heat-beads-original-bbq-briquettes",
        "imgName": "021228.jpg",
        "imgSrc": "https://cdn0.woolworths.media/content/wowproductimages/medium/021228.jpg",
        "name": "Heat Beads\u00ae Original Bbq Briquettes 4kg",
        "price": 9.49,
        "special": 7,
        "unitPrice": "$0.18 / 100G"
    },
    {
        "category": "specials",
        "href": "https://www.woolworths.com.au/shop/productdetails/213356/homebrand-manual-spray-air-freshener-lavender",
        "imgName": "213356.jpg",
        "imgSrc": "https://cdn0.woolworths.media/content/wowproductimages/medium/213356.jpg",
        "name": "Homebrand Manual Spray Air Freshener Lavender 125g",
        "price": 1.5,
        "unitPrice": "$0.12 / 10G"
    },
    {
        "category": "specials",
        "href": "https://www.woolworths.com.au/shop/productdetails/216826/vitasoy-so-milky-lite-soy-milk",
        "imgName": "216826.jpg",
        "imgSrc": "https://cdn0.woolworths.media/content/wowproductimages/medium/216826.jpg",
        "name": "Vitasoy So Milky Lite Soy Milk 1l",
        "price": 2.45,
        "special": 2,
        "unitPrice": "$2.00 / 1L"
    },
    {
        "category": "specials",
        "href": "https://www.woolworths.com.au/shop/productdetails/217233/vip-adult-dog-food-lamb-chunkers",
        "imgName": "217233.jpg",
        "imgSrc": "https://cdn0.woolworths.media/content/wowproductimages/medium/217233.jpg",
        "name": "Vip Adult Dog Food Lamb Chunkers 1kg",
        "price": 5,
        "special": 4.25,
        "unitPrice": "$0.43 / 100G"
    },
    {
        "category": "specials",
        "href": "https://www.woolworths.com.au/shop/productdetails/246145/bonds-socks-mens-business-logo-size-6-10",
        "imgName": "246145.jpg",
        "imgSrc": "https://cdn0.woolworths.media/content/wowproductimages/medium/246145.jpg",
        "name": "Bonds Socks Mens Business Logo Size 6-10 3pk",
        "price": 14,
        "special": 7,
        "unitPrice": "$2.33 / 1EA"
    },
    {
        "category": "specials",
        "href": "https://www.woolworths.com.au/shop/productdetails/253798/yoplait-vanilla-yoghurt",
        "imgName": "253798.jpg",
        "imgSrc": "https://cdn0.woolworths.media/content/wowproductimages/medium/253798.jpg",
        "name": "Yoplait Vanilla Yoghurt 1kg",
        "price": 4,
        "unitPrice": "$0.40 / 100G"
    },
    {
        "category": "specials",
        "href": "https://www.woolworths.com.au/shop/productdetails/258854/yumi-s-quality-foods-sweet-potato-cashews-dip",
        "imgName": "258854.jpg",
        "imgSrc": "https://cdn0.woolworths.media/content/wowproductimages/medium/258854.jpg",
        "name": "Yumi's Quality Foods Sweet Potato & Cashews Dip 200g",
        "price": 4,
        "special": 3,
        "unitPrice": "$1.50 / 100G"
    },
    {
        "category": "specials",
        "href": "https://www.woolworths.com.au/shop/productdetails/263094/original-juice-pulp-free-orange-juice",
        "imgName": "263094.jpg",
        "imgSrc": "https://cdn0.woolworths.media/content/wowproductimages/medium/263094.jpg",
        "name": "Original Juice Pulp Free Orange Juice 1.5l",
        "price": 5,
        "unitPrice": "$3.33 / 1L"
    },
    {
        "category": "specials",
        "href": "https://www.woolworths.com.au/shop/productdetails/305084/lipton-ice-tea-light-peach",
        "imgName": "305084.jpg",
        "imgSrc": "https://cdn0.woolworths.media/content/wowproductimages/medium/305084.jpg",
        "name": "Lipton Ice Tea Light Peach 1.5l",
        "price": 3.9,
        "special": 1.89,
        "unitPrice": "$1.26 / 1L"
    },
    {
        "category": "specials",
        "href": "https://www.woolworths.com.au/shop/productdetails/311159/golden-circle-cordial-pine-mango-pass",
        "imgName": "311159.jpg",
        "imgSrc": "https://cdn0.woolworths.media/content/wowproductimages/medium/311159.jpg",
        "name": "Golden Circle Cordial Pine Mango Pass 2l",
        "price": 3,
        "unitPrice": "$1.50 / 1L"
    },
    {
        "category": "specials",
        "href": "https://www.woolworths.com.au/shop/productdetails/318710/essentials-ice-cream-cone-cups",
        "imgName": "318710.jpg",
        "imgSrc": "https://cdn0.woolworths.media/content/wowproductimages/medium/318710.jpg",
        "name": "Essentials Ice Cream Cone Cups 24pk",
        "price": 1.65,
        "unitPrice": "$1.38 / 100G"
    },
    {
        "category": "specials",
        "href": "https://www.woolworths.com.au/shop/productdetails/323081/yumi-s-quality-foods-traditional-middle-eastern-hommus-dip",
        "imgName": "323081.jpg",
        "imgSrc": "https://cdn0.woolworths.media/content/wowproductimages/medium/323081.jpg",
        "name": "Yumi's Quality Foods Traditional Middle Eastern Hommus Dip 200g",
        "price": 4,
        "special": 3,
        "unitPrice": "$1.50 / 100G"
    },
    {
        "category": "specials",
        "href": "https://www.woolworths.com.au/shop/productdetails/324008/maltesers-funsize-sharepack",
        "imgName": "324008.jpg",
        "imgSrc": "https://cdn0.woolworths.media/content/wowproductimages/medium/324008.jpg",
        "name": "Maltesers Funsize Sharepack  12pk 144g",
        "price": 4.6,
        "special": 3.5,
        "unitPrice": "$2.43 / 100G"
    },
    {
        "category": "specials",
        "href": "https://www.woolworths.com.au/shop/productdetails/332047/arnott-s-tim-tam-white",
        "imgName": "332047.jpg",
        "imgSrc": "https://cdn0.woolworths.media/content/wowproductimages/medium/332047.jpg",
        "name": "Arnott's Tim Tam White 165g",
        "price": 3.65,
        "special": 2.5,
        "unitPrice": "$1.52 / 100G"
    },
    {
        "category": "specials",
        "href": "https://www.woolworths.com.au/shop/productdetails/335022/baileys-irish-cream-coffee-liqueur",
        "imgName": "335022.jpg",
        "imgSrc": "https://cdn0.woolworths.media/content/wowproductimages/medium/335022.jpg",
        "name": "Baileys Irish Cream Coffee Liqueur  700ml",
        "price": 34,
        "special": 26
    },
    {
        "category": "specials",
        "href": "https://www.woolworths.com.au/shop/productdetails/337138/lamb-shoulder-roast-butterflied-mint-rosemary",
        "imgName": "337138.jpg",
        "imgSrc": "https://cdn0.woolworths.media/content/wowproductimages/medium/337138.jpg",
        "name": "Lamb Shoulder Roast Butterflied Mint & Rosemary min. 1.2kg",
        "price": 27.59,
        "special": 21.6,
        "unitPrice": "$18.00 / 1KG"
    },
    {
        "category": "specials",
        "href": "https://www.woolworths.com.au/shop/productdetails/340050/wrigley-s-eclipse-mints-cool-breeze",
        "imgName": "340050.jpg",
        "imgSrc": "https://cdn0.woolworths.media/content/wowproductimages/medium/340050.jpg",
        "name": "Wrigley's Eclipse Mints Cool Breeze 34g",
        "price": 2.6,
        "special": 2,
        "unitPrice": "$5.88 / 100G"
    },
    {
        "category": "specials",
        "href": "https://www.woolworths.com.au/shop/productdetails/35968/woolworths-full-cream-milk",
        "imgName": "035968.jpg",
        "imgSrc": "https://cdn0.woolworths.media/content/wowproductimages/medium/035968.jpg",
        "name": "Woolworths Full Cream Milk 3l",
        "price": 3,
        "unitPrice": "$1.00 / 1L"
    },
    {
        "category": "specials",
        "href": "https://www.woolworths.com.au/shop/productdetails/362464/cottee-s-cordial-lemon",
        "imgName": "362464.jpg",
        "imgSrc": "https://cdn0.woolworths.media/content/wowproductimages/medium/362464.jpg",
        "name": "Cottee's Cordial Lemon 1l",
        "price": 4.2,
        "special": 3.5,
        "unitPrice": "$3.50 / 1L"
    },
    {
        "category": "specials",
        "href": "https://www.woolworths.com.au/shop/productdetails/380154/curash-baby-wipes-fragrance-free",
        "imgName": "380154.jpg",
        "imgSrc": "https://cdn0.woolworths.media/content/wowproductimages/medium/380154.jpg",
        "name": "Curash Baby Wipes Fragrance Free 240pk bulk",
        "price": 9,
        "unitPrice": "$3.75 / 100EA"
    },
    {
        "category": "specials",
        "href": "https://www.woolworths.com.au/shop/productdetails/380810/dove-body-wash-triple-moisturising",
        "imgName": "380810.jpg",
        "imgSrc": "https://cdn0.woolworths.media/content/wowproductimages/medium/380810.jpg",
        "name": "Dove Body Wash Triple Moisturising 1l",
        "price": 13.7,
        "special": 10,
        "unitPrice": "$1.00 / 100ML"
    },
    {
        "category": "specials",
        "href": "https://www.woolworths.com.au/shop/productdetails/41285/nuttelex-polyunsaturated-margarine-spread",
        "imgName": "041285.jpg",
        "imgSrc": "https://cdn0.woolworths.media/content/wowproductimages/medium/041285.jpg",
        "name": "Nuttelex Polyunsaturated Margarine Spread 500g",
        "price": 3.3,
        "special": 2.5,
        "unitPrice": "$0.50 / 100G"
    },
    {
        "category": "specials",
        "href": "https://www.woolworths.com.au/shop/productdetails/414762/nestle-nan-comfort-toddler-formula-stage-3-2-years-",
        "imgName": "414762.jpg",
        "imgSrc": "https://cdn0.woolworths.media/content/wowproductimages/medium/414762.jpg",
        "name": "Nestle Nan Comfort Toddler Formula Stage 3 2 Years+ 800g",
        "price": 14,
        "unitPrice": "$1.75 / 100G"
    },
    {
        "category": "specials",
        "href": "https://www.woolworths.com.au/shop/productdetails/434516/nature-s-gift-adult-dog-food-strips-gravy-style-with-kangaroo-in-gravy",
        "imgName": "434516.jpg",
        "imgSrc": "https://cdn0.woolworths.media/content/wowproductimages/medium/434516.jpg",
        "name": "Nature's Gift Adult Dog Food Strips Gravy Style With Kangaroo In Gravy 100g",
        "price": 1,
        "special": 0.75,
        "unitPrice": "$0.75 / 100G"
    },
    {
        "category": "specials",
        "href": "https://www.woolworths.com.au/shop/productdetails/43816/nestle-plaistowe-dark-cooking-chocolate",
        "imgName": "043816.jpg",
        "imgSrc": "https://cdn0.woolworths.media/content/wowproductimages/medium/043816.jpg",
        "name": "Nestle Plaistowe Dark Cooking Chocolate  200g",
        "price": 4,
        "special": 3,
        "unitPrice": "$1.50 / 100G"
    },
    {
        "category": "specials",
        "href": "https://www.woolworths.com.au/shop/productdetails/442191/schweppes-solo-lemon-cans",
        "imgName": "442191.jpg",
        "imgSrc": "https://cdn0.woolworths.media/content/wowproductimages/medium/442191.jpg",
        "name": "Schweppes Solo Lemon Cans 10x375ml pack",
        "price": 12.6,
        "special": 7.4,
        "unitPrice": "$1.97 / 1L"
    },
    {
        "category": "specials",
        "href": "https://www.woolworths.com.au/shop/productdetails/471208/sorbent-clean-fresh-wipes",
        "imgName": "471208.jpg",
        "imgSrc": "https://cdn0.woolworths.media/content/wowproductimages/medium/471208.jpg",
        "name": "Sorbent Clean & Fresh Wipes  80pk",
        "price": 7,
        "special": 6,
        "unitPrice": "$7.50 / 100SS"
    },
    {
        "category": "specials",
        "href": "https://www.woolworths.com.au/shop/productdetails/476944/bertocchi-gold-long-rindless-bacon",
        "imgName": "476944.jpg",
        "imgSrc": "https://cdn0.woolworths.media/content/wowproductimages/medium/476944.jpg",
        "name": "Bertocchi Gold Long Rindless Bacon  400g",
        "price": 7.7,
        "special": 6,
        "unitPrice": "$15.00 / 1KG"
    },
    {
        "category": "specials",
        "href": "https://www.woolworths.com.au/shop/productdetails/477589/felix-sensations-cat-food-fishy-selection",
        "imgName": "477589.jpg",
        "imgSrc": "https://cdn0.woolworths.media/content/wowproductimages/medium/477589.jpg",
        "name": "Felix Sensations Cat Food Fishy Selection 1020g",
        "price": 10.69,
        "special": 8.5,
        "unitPrice": "$0.83 / 100G"
    },
    {
        "category": "specials",
        "href": "https://www.woolworths.com.au/shop/productdetails/48293/flora-margarine-spread-original",
        "imgName": "048293.jpg",
        "imgSrc": "https://cdn0.woolworths.media/content/wowproductimages/medium/048293.jpg",
        "name": "Flora Margarine Spread Original 1kg",
        "price": 4.5,
        "special": 4,
        "unitPrice": "$0.40 / 100G"
    },
    {
        "category": "specials",
        "href": "https://www.woolworths.com.au/shop/productdetails/494238/bic-flex-multi-purpose-lighter",
        "imgName": "494238.jpg",
        "imgSrc": "https://cdn0.woolworths.media/content/wowproductimages/medium/494238.jpg",
        "name": "Bic Flex Multi Purpose Lighter each",
        "price": 10,
        "special": 9
    },
    {
        "category": "specials",
        "href": "https://www.woolworths.com.au/shop/productdetails/504667/woolworths-basil-pesto-pasta",
        "imgName": "504667.jpg",
        "imgSrc": "https://cdn0.woolworths.media/content/wowproductimages/medium/504667.jpg",
        "name": "Woolworths Basil Pesto Pasta 350g",
        "price": 4.5,
        "unitPrice": "$12.86 / 1KG"
    },
    {
        "category": "specials",
        "href": "https://www.woolworths.com.au/shop/productdetails/504669/woolworths-bombay-potato-salad",
        "imgName": "504669.jpg",
        "imgSrc": "https://cdn0.woolworths.media/content/wowproductimages/medium/504669.jpg",
        "name": "Woolworths Bombay Potato Salad 400g",
        "price": 4.5,
        "unitPrice": "$11.25 / 1KG"
    },
    {
        "category": "specials",
        "href": "https://www.woolworths.com.au/shop/productdetails/532958/dorsogna-natural-leg-ham-portion",
        "imgName": "532958.jpg",
        "imgSrc": "https://cdn0.woolworths.media/content/wowproductimages/medium/532958.jpg",
        "name": "Dorsogna Natural Leg Ham Portion 700g",
        "price": 10.5,
        "special": 9.5,
        "unitPrice": "$13.57 / 1KG"
    },
    {
        "category": "specials",
        "href": "https://www.woolworths.com.au/shop/productdetails/54267/latina-fresh-beef-ravioli",
        "imgName": "054267.jpg",
        "imgSrc": "https://cdn0.woolworths.media/content/wowproductimages/medium/054267.jpg",
        "name": "Latina Fresh Beef Ravioli 625g",
        "price": 7,
        "unitPrice": "$1.12 / 100G"
    },
    {
        "category": "specials",
        "href": "https://www.woolworths.com.au/shop/productdetails/569474/nature-s-gift-deli-dog-food-roll-chicken-vegetable",
        "imgName": "569474.jpg",
        "imgSrc": "https://cdn0.woolworths.media/content/wowproductimages/medium/569474.jpg",
        "name": "Nature's Gift Deli Dog Food Roll Chicken & Vegetable 200g",
        "price": 1.5,
        "special": 1.2,
        "unitPrice": "$0.60 / 100G"
    },
    {
        "category": "specials",
        "href": "https://www.woolworths.com.au/shop/productdetails/580263/kleenex-toilet-tissue",
        "imgName": "580263.jpg",
        "imgSrc": "https://cdn0.woolworths.media/content/wowproductimages/medium/580263.jpg",
        "name": "Kleenex Toilet Tissue  24pk",
        "price": 11,
        "unitPrice": "$0.25 / 100SS"
    },
    {
        "category": "specials",
        "href": "https://www.woolworths.com.au/shop/productdetails/59755/ingham-s-turkey-breast-oven-roasted-sliced",
        "imgName": "059755.jpg",
        "imgSrc": "https://cdn0.woolworths.media/content/wowproductimages/medium/059755.jpg",
        "name": "Ingham's Turkey Breast Oven Roasted Sliced per kg",
        "price": 28,
        "special": 25,
        "unitPrice": "$25.00 / 1KG"
    },
    {
        "category": "specials",
        "href": "https://www.woolworths.com.au/shop/productdetails/642823/woolworths-festive-whole-chicken",
        "imgName": "642823.jpg",
        "imgSrc": "https://cdn0.woolworths.media/content/wowproductimages/medium/642823.jpg",
        "name": "Woolworths Festive Whole Chicken  1.6kg",
        "price": 12.99,
        "special": 8,
        "unitPrice": "$5.00 / 1KG"
    },
    {
        "category": "specials",
        "href": "https://www.woolworths.com.au/shop/productdetails/65825/fresh-prawn-aussie-tiger-medium",
        "imgName": "065825.jpg",
        "imgSrc": "https://cdn0.woolworths.media/content/wowproductimages/medium/065825.jpg",
        "name": "Fresh Prawn Aussie Tiger Medium per kg",
        "price": 31,
        "special": 27,
        "unitPrice": "$27.00 / 1KG"
    },
    {
        "category": "specials",
        "href": "https://www.woolworths.com.au/shop/productdetails/661303/bosistos-eucalyptus-spray",
        "imgName": "661303.jpg",
        "imgSrc": "https://cdn0.woolworths.media/content/wowproductimages/medium/661303.jpg",
        "name": "Bosistos Eucalyptus Spray  225g",
        "price": 11,
        "special": 9.2,
        "unitPrice": "$4.09 / 100G"
    },
    {
        "category": "specials",
        "href": "https://www.woolworths.com.au/shop/productdetails/690852/woolworths-select-coffee-sachets-chai-latte",
        "imgName": "690852.jpg",
        "imgSrc": "https://cdn0.woolworths.media/content/wowproductimages/medium/690852.jpg",
        "name": "Woolworths Select Coffee Sachets Chai Latte 10pk",
        "price": 3.5,
        "unitPrice": "$1.40 / 100G"
    },
    {
        "category": "specials",
        "href": "https://www.woolworths.com.au/shop/productdetails/695479/woolworths-frozen-meal-chicken-korma-rice",
        "imgName": "695479.jpg",
        "imgSrc": "https://cdn0.woolworths.media/content/wowproductimages/medium/695479.jpg",
        "name": "Woolworths Frozen Meal Chicken Korma & Rice 350g",
        "price": 3,
        "unitPrice": "$0.80 / 100G"
    },
    {
        "category": "specials",
        "href": "https://www.woolworths.com.au/shop/productdetails/716216/nature-s-gift-adult-dog-food-gourmet-loaf-style-beef-kidney-with-chia",
        "imgName": "716216.jpg",
        "imgSrc": "https://cdn0.woolworths.media/content/wowproductimages/medium/716216.jpg",
        "name": "Nature's Gift Adult Dog Food Gourmet Loaf Style Beef & Kidney With Chia 100g",
        "price": 1,
        "special": 0.75,
        "unitPrice": "$0.75 / 100G"
    },
    {
        "category": "specials",
        "href": "https://www.woolworths.com.au/shop/productdetails/731187/ingham-chicken-breast-stuffed-crumbed-with-creamy-garlic",
        "imgName": "731187.jpg",
        "imgSrc": "https://cdn0.woolworths.media/content/wowproductimages/medium/731187.jpg",
        "name": "Ingham Chicken Breast Stuffed Crumbed With Creamy Garlic 700g",
        "price": 9.5,
        "special": 7.5,
        "unitPrice": "$10.71 / 1KG"
    },
    {
        "category": "specials",
        "href": "https://www.woolworths.com.au/shop/productdetails/741258/vip-adult-dog-food-turkey-with-vegetables",
        "imgName": "741258.jpg",
        "imgSrc": "https://cdn0.woolworths.media/content/wowproductimages/medium/741258.jpg",
        "name": "Vip Adult Dog Food Turkey With Vegetables 1.8kg",
        "price": 5.5,
        "special": 5,
        "unitPrice": "$0.23 / 100G"
    },
    {
        "category": "specials",
        "href": "https://www.woolworths.com.au/shop/productdetails/744051/homebrand-plasticware-food-storage",
        "imgName": "744051.jpg",
        "imgSrc": "https://cdn0.woolworths.media/content/wowproductimages/medium/744051.jpg",
        "name": "Homebrand Plasticware Food Storage 920l 4pk",
        "price": 2,
        "unitPrice": "$0.50 / 1EA"
    },
    {
        "category": "specials",
        "href": "https://www.woolworths.com.au/shop/productdetails/756802/rafferty-s-garden-just-veggies-spinach-corn-sweet-potato-carrot",
        "imgName": "756802.jpg",
        "imgSrc": "https://cdn0.woolworths.media/content/wowproductimages/medium/756802.jpg",
        "name": "Rafferty's Garden Just Veggies Spinach, Corn, Sweet Potato, Carrot 120g",
        "price": 1.65,
        "unitPrice": "$1.38 / 100G"
    },
    {
        "category": "specials",
        "href": "https://www.woolworths.com.au/shop/productdetails/75770/woolworths-bbq-foil-tray-medium",
        "imgName": "075770.jpg",
        "imgSrc": "https://cdn0.woolworths.media/content/wowproductimages/medium/075770.jpg",
        "name": "Woolworths Bbq Foil Tray Medium 3pk",
        "price": 4,
        "special": 3,
        "unitPrice": "$1.00 / 1EA"
    },
    {
        "category": "specials",
        "href": "https://www.woolworths.com.au/shop/productdetails/763141/d-orsogna-tasty-sticks-mild",
        "imgName": "763141.jpg",
        "imgSrc": "https://cdn0.woolworths.media/content/wowproductimages/medium/763141.jpg",
        "name": "D'orsogna Tasty Sticks Mild  200g",
        "price": 5.3,
        "special": 4.5,
        "unitPrice": "$22.50 / 1KG"
    },
    {
        "category": "specials",
        "href": "https://www.woolworths.com.au/shop/productdetails/766160/asiana-asian-dumplings-vegetable",
        "imgName": "766160.jpg",
        "imgSrc": "https://cdn0.woolworths.media/content/wowproductimages/medium/766160.jpg",
        "name": "Asiana Asian Dumplings Vegetable 200g",
        "price": 2.5,
        "unitPrice": "$1.25 / 100G"
    },
    {
        "category": "specials",
        "href": "https://www.woolworths.com.au/shop/productdetails/768563/woolworths-australian-sliced-onions",
        "imgName": "768563.jpg",
        "imgSrc": "https://cdn0.woolworths.media/content/wowproductimages/medium/768563.jpg",
        "name": "Woolworths Australian Sliced Onions 500g",
        "price": 2.1,
        "unitPrice": "$4.20 / 1KG"
    },
    {
        "category": "specials",
        "href": "https://www.woolworths.com.au/shop/productdetails/771474/woolworths-select-shine-dishwashing-liquid-lime",
        "imgName": "771474.jpg",
        "imgSrc": "https://cdn0.woolworths.media/content/wowproductimages/medium/771474.jpg",
        "name": "Woolworths Select Shine Dishwashing Liquid Lime 450ml",
        "price": 1.7,
        "unitPrice": "$0.38 / 100ML"
    },
    {
        "category": "specials",
        "href": "https://www.woolworths.com.au/shop/productdetails/780628/nicorette-quit-smoking-cool-drops-4mg",
        "imgName": "780628.jpg",
        "imgSrc": "https://cdn0.woolworths.media/content/wowproductimages/medium/780628.jpg",
        "name": "Nicorette Quit Smoking Cool Drops 4mg 80pk",
        "price": 33,
        "unitPrice": "$0.41 / 1EA"
    },
    {
        "category": "specials",
        "href": "https://www.woolworths.com.au/shop/productdetails/782882/woolworths-essentials-cookware-medium-roaster-pan",
        "imgName": "782882.jpg",
        "imgSrc": "https://cdn0.woolworths.media/content/wowproductimages/medium/782882.jpg",
        "name": "Woolworths Essentials Cookware Medium Roaster Pan each",
        "price": 10,
        "special": 7
    },
    {
        "category": "specials",
        "href": "https://www.woolworths.com.au/shop/productdetails/783501/fancy-feast-adult-cat-food-cheddar-chicken",
        "imgName": "783501.jpg",
        "imgSrc": "https://cdn0.woolworths.media/content/wowproductimages/medium/783501.jpg",
        "name": "Fancy Feast Adult Cat Food Cheddar Chicken 85g",
        "price": 1.2,
        "special": 0.9,
        "unitPrice": "$1.06 / 100G"
    },
    {
        "category": "specials",
        "href": "https://www.woolworths.com.au/shop/productdetails/784320/whiskas-adult-cat-food-sensations-in-jelly",
        "imgName": "784320.jpg",
        "imgSrc": "https://cdn0.woolworths.media/content/wowproductimages/medium/784320.jpg",
        "name": "Whiskas Adult Cat Food Sensations In Jelly 12pk",
        "price": 7,
        "unitPrice": "$0.69 / 100G"
    },
    {
        "category": "specials",
        "href": "https://www.woolworths.com.au/shop/productdetails/784543/huggies-baby-wipes-cucumber-aloe",
        "imgName": "784543.jpg",
        "imgSrc": "https://cdn0.woolworths.media/content/wowproductimages/medium/784543.jpg",
        "name": "Huggies Baby Wipes Cucumber & Aloe 384pk",
        "price": 16,
        "unitPrice": "$4.17 / 100EA"
    },
    {
        "category": "specials",
        "href": "https://www.woolworths.com.au/shop/productdetails/78609/whiskas-cat-food-lamb-mince",
        "imgName": "078609.jpg",
        "imgSrc": "https://cdn0.woolworths.media/content/wowproductimages/medium/078609.jpg",
        "name": "Whiskas Cat Food Lamb & Mince 400g",
        "price": 1.5,
        "unitPrice": "$0.38 / 100G"
    },
    {
        "category": "specials",
        "href": "https://www.woolworths.com.au/shop/productdetails/790203/five-am-organic-vanilla-bean-yoghurt",
        "imgName": "790203.jpg",
        "imgSrc": "https://cdn0.woolworths.media/content/wowproductimages/medium/790203.jpg",
        "name": "Five:am Organic Vanilla Bean Yoghurt 120g pouch",
        "price": 2,
        "special": 1.5,
        "unitPrice": "$1.25 / 100G"
    },
    {
        "category": "specials",
        "href": "https://www.woolworths.com.au/shop/productdetails/792233/woolworths-select-ice-cream-cones-vanilla",
        "imgName": "792233.jpg",
        "imgSrc": "https://cdn0.woolworths.media/content/wowproductimages/medium/792233.jpg",
        "name": "Woolworths Select Ice Cream Cones Vanilla 4pk 475ml",
        "price": 3.7,
        "unitPrice": "$0.78 / 100ML"
    },
    {
        "category": "specials",
        "href": "https://www.woolworths.com.au/shop/productdetails/792844/san-marino-ham-off-the-bone",
        "imgName": "792844.jpg",
        "imgSrc": "https://cdn0.woolworths.media/content/wowproductimages/medium/792844.jpg",
        "name": "San Marino Ham Off The Bone  100g",
        "price": 5.99,
        "special": 5,
        "unitPrice": "$50.00 / 1KG"
    },
    {
        "category": "specials",
        "href": "https://www.woolworths.com.au/shop/productdetails/793189/woolworths-creamy-potato-salad",
        "imgName": "793189.jpg",
        "imgSrc": "https://cdn0.woolworths.media/content/wowproductimages/medium/793189.jpg",
        "name": "Woolworths Creamy Potato Salad  800g",
        "price": 6.5,
        "unitPrice": "$0.81 / 100G"
    },
    {
        "category": "specials",
        "href": "https://www.woolworths.com.au/shop/productdetails/793191/woolworths-creamy-potato-salad",
        "imgName": "793191.jpg",
        "imgSrc": "https://cdn0.woolworths.media/content/wowproductimages/medium/793191.jpg",
        "name": "Woolworths Creamy Potato Salad 400g",
        "price": 4.5,
        "unitPrice": "$1.13 / 100G"
    },
    {
        "category": "specials",
        "href": "https://www.woolworths.com.au/shop/productdetails/794993/superior-gold-smoked-salmon-sliced",
        "imgName": "794993.jpg",
        "imgSrc": "https://cdn0.woolworths.media/content/wowproductimages/medium/794993.jpg",
        "name": "Superior Gold Smoked Salmon Sliced 200g",
        "price": 13,
        "special": 11.5,
        "unitPrice": "$57.50 / 1KG"
    },
    {
        "category": "specials",
        "href": "https://www.woolworths.com.au/shop/productdetails/799749/dairy-farmers-classic-chocolate-milk",
        "imgName": "799749.jpg",
        "imgSrc": "https://cdn0.woolworths.media/content/wowproductimages/medium/799749.jpg",
        "name": "Dairy Farmers Classic Chocolate Milk 500ml",
        "price": 3.15,
        "special": 2.4,
        "unitPrice": "$4.80 / 1L"
    },
    {
        "category": "specials",
        "href": "https://www.woolworths.com.au/shop/productdetails/800513/guylian-chocolate-selection-belgian-excellence",
        "imgName": "800513.jpg",
        "imgSrc": "https://cdn0.woolworths.media/content/wowproductimages/medium/800513.jpg",
        "name": "Guylian Chocolate Selection Belgian Excellence 305g gift box",
        "price": 18,
        "special": 9,
        "unitPrice": "$2.95 / 100G"
    },
    {
        "category": "specials",
        "href": "https://www.woolworths.com.au/shop/productdetails/824100/woolworths-market-value-thin-sausages",
        "imgName": "824100.jpg",
        "imgSrc": "https://cdn0.woolworths.media/content/wowproductimages/medium/824100.jpg",
        "name": "Woolworths Market Value Thin Sausages 1.8kg",
        "price": 8,
        "unitPrice": "$4.44 / 1KG"
    },
    {
        "category": "specials",
        "href": "https://www.woolworths.com.au/shop/productdetails/824442/woolworths-select-arrowroot-milk-biscuits",
        "imgName": "824442.jpg",
        "imgSrc": "https://cdn0.woolworths.media/content/wowproductimages/medium/824442.jpg",
        "name": "Woolworths Select Arrowroot Milk Biscuits 250g",
        "price": 1.09,
        "unitPrice": "$0.44 / 100G"
    },
    {
        "category": "specials",
        "href": "https://www.woolworths.com.au/shop/productdetails/824732/woolworths-free-from-gluten-white-bread",
        "imgName": "824732.jpg",
        "imgSrc": "https://cdn0.woolworths.media/content/wowproductimages/medium/824732.jpg",
        "name": "Woolworths Free From Gluten White Bread 550g",
        "price": 4.5,
        "unitPrice": "$0.82 / 100G"
    },
    {
        "category": "specials",
        "href": "https://www.woolworths.com.au/shop/productdetails/8531/devondale-smart-plus-long-life-milk",
        "imgName": "008531.jpg",
        "imgSrc": "https://cdn0.woolworths.media/content/wowproductimages/medium/008531.jpg",
        "name": "Devondale Smart Plus Long Life Milk 1l",
        "price": 1.7,
        "unitPrice": "$1.70 / 1L"
    },
    {
        "category": "specials",
        "href": "https://www.woolworths.com.au/shop/productdetails/881766/baileys-ice-cream",
        "imgName": "881766.jpg",
        "imgSrc": "https://cdn0.woolworths.media/content/wowproductimages/medium/881766.jpg",
        "name": "Baileys Ice Cream  500ml tub",
        "price": 8,
        "special": 4,
        "unitPrice": "$0.80 / 100ML"
    },
    {
        "category": "specials",
        "href": "https://www.woolworths.com.au/shop/productdetails/88267/four-n-twenty-sausage-roll-party",
        "imgName": "088267.jpg",
        "imgSrc": "https://cdn0.woolworths.media/content/wowproductimages/medium/088267.jpg",
        "name": "Four N Twenty Sausage Roll Party 500g",
        "price": 5,
        "unitPrice": "$1.00 / 100G"
    },
    {
        "category": "specials",
        "href": "https://www.woolworths.com.au/shop/productdetails/893902/cheesebuddy-gluten-free-cheese-puffs",
        "imgName": "893902.jpg",
        "imgSrc": "https://cdn0.woolworths.media/content/wowproductimages/medium/893902.jpg",
        "name": "Cheesebuddy Gluten Free Cheese Puffs 450g",
        "price": 6.59,
        "special": 5.89,
        "unitPrice": "$1.31 / 100G"
    },
    {
        "category": "specials",
        "href": "https://www.woolworths.com.au/shop/productdetails/899661/woolworths-spiced-fruity-couscous",
        "imgName": "899661.jpg",
        "imgSrc": "https://cdn0.woolworths.media/content/wowproductimages/medium/899661.jpg",
        "name": "Woolworths Spiced Fruity Couscous 400g",
        "price": 4.5,
        "unitPrice": "$1.13 / 100G"
    },
    {
        "category": "specials",
        "href": "https://www.woolworths.com.au/shop/productdetails/921669/woolworths-select-banana-loaf",
        "imgName": "921669.jpg",
        "imgSrc": "https://cdn0.woolworths.media/content/wowproductimages/medium/921669.jpg",
        "name": "Woolworths Select Banana Loaf  550g",
        "price": 4.5,
        "unitPrice": "$0.82 / 100G"
    },
    {
        "category": "specials",
        "href": "https://www.woolworths.com.au/shop/productdetails/921694/woolworths-select-lemon-madeira-cake",
        "imgName": "921694.jpg",
        "imgSrc": "https://cdn0.woolworths.media/content/wowproductimages/medium/921694.jpg",
        "name": "Woolworths Select Lemon Madeira Cake  315g",
        "price": 2.5,
        "unitPrice": "$0.79 / 100G"
    },
    {
        "category": "specials",
        "href": "https://www.woolworths.com.au/shop/productdetails/94247/suimin-chicken-sweet-corn-noodle-cup",
        "imgName": "094247.jpg",
        "imgSrc": "https://cdn0.woolworths.media/content/wowproductimages/medium/094247.jpg",
        "name": "Suimin Chicken & Sweet Corn Noodle Cup 70g",
        "price": 1.4,
        "special": 1.2,
        "unitPrice": "$1.71 / 100G"
    },
    {
        "category": "specials",
        "href": "https://www.woolworths.com.au/shop/productdetails/969723/woolworths-rspca-chicken-breast-fillet",
        "imgName": "969723.jpg",
        "imgSrc": "https://cdn0.woolworths.media/content/wowproductimages/medium/969723.jpg",
        "name": "Woolworths Rspca Chicken Breast Fillet min. 1.5kg",
        "price": 13.5,
        "unitPrice": "$9.00 / 1KG"
    },
    {
        "category": "specials",
        "href": "https://www.woolworths.com.au/shop/productdetails/2447/l-oreal-preference-10-21-alaska-pearl-blonde",
        "imgName": "002447.jpg",
        "imgSrc": "https://cdn0.woolworths.media/content/wowproductimages/medium/002447.jpg",
        "name": "L'oreal Preference 10.21 Alaska Pearl Blonde 1pk",
        "price": 19,
        "special": 13
    },
    {
        "category": "specials",
        "href": "https://www.woolworths.com.au/shop/productdetails/4752/olay-moisturising-cream-sensitive-skin",
        "imgName": "004752.jpg",
        "imgSrc": "https://cdn0.woolworths.media/content/wowproductimages/medium/004752.jpg",
        "name": "Olay Moisturising Cream Sensitive Skin 100g",
        "price": 13,
        "special": 6.5,
        "unitPrice": "$6.50 / 100G"
    },
    {
        "category": "specials",
        "href": "https://www.woolworths.com.au/shop/productdetails/25809/houghton-white-varietal-sauvignon-blanc-semillon",
        "imgName": "025809.jpg",
        "imgSrc": "https://cdn0.woolworths.media/content/wowproductimages/medium/025809.jpg",
        "name": "Houghton White Varietal Sauvignon Blanc Semillon 750ml",
        "price": 10,
        "special": 9
    },
    {
        "category": "specials",
        "href": "https://www.woolworths.com.au/shop/productdetails/30450/gatorade-orange-ice-sports-drink",
        "imgName": "030450.jpg",
        "imgSrc": "https://cdn0.woolworths.media/content/wowproductimages/medium/030450.jpg",
        "name": "Gatorade Orange Ice Sports Drink 600ml",
        "price": 3.65,
        "special": 2.15,
        "unitPrice": "$3.58 / 1L"
    },
    {
        "category": "specials",
        "href": "https://www.woolworths.com.au/shop/productdetails/36031/arnott-s-monte-carlo",
        "imgName": "036031.jpg",
        "imgSrc": "https://cdn0.woolworths.media/content/wowproductimages/medium/036031.jpg",
        "name": "Arnott's Monte Carlo  250g",
        "price": 2.85,
        "special": 2,
        "unitPrice": "$0.80 / 100G"
    },
    {
        "category": "specials",
        "href": "https://www.woolworths.com.au/shop/productdetails/34543/golden-circle-pineapple-mango-fruit-drink",
        "imgName": "034543.jpg",
        "imgSrc": "https://cdn0.woolworths.media/content/wowproductimages/medium/034543.jpg",
        "name": "Golden Circle Pineapple & Mango Fruit Drink 1l",
        "price": 2.25,
        "special": 1.1,
        "unitPrice": "$1.10 / 1L"
    },
    {
        "category": "specials",
        "href": "https://www.woolworths.com.au/shop/productdetails/35849/pop-tops-apple-juice",
        "imgName": "035849.jpg",
        "imgSrc": "https://cdn0.woolworths.media/content/wowproductimages/medium/035849.jpg",
        "name": "Pop Tops Apple Juice 6x250ml",
        "price": 5.25,
        "special": 4,
        "unitPrice": "$2.67 / 1L"
    },
    {
        "category": "specials",
        "href": "https://www.woolworths.com.au/shop/productdetails/32357/cedel-hair-spray-firm-hold",
        "imgName": "032357.jpg",
        "imgSrc": "https://cdn0.woolworths.media/content/wowproductimages/medium/032357.jpg",
        "name": "Cedel Hair Spray Firm Hold 250g",
        "price": 5.4,
        "special": 4,
        "unitPrice": "$1.60 / 100G"
    },
    {
        "category": "specials",
        "href": "https://www.woolworths.com.au/shop/productdetails/7777/portion-ling-skinned-boned-thawed",
        "imgName": "007777.jpg",
        "imgSrc": "https://cdn0.woolworths.media/content/wowproductimages/medium/007777.jpg",
        "name": "Portion Ling Skinned & Boned Thawed per kg"
    },
    {
        "category": "specials",
        "href": "https://www.woolworths.com.au/shop/productdetails/13825/my-dog-adult-dog-food-chicken-turkey-banquet",
        "imgName": "013825.jpg",
        "imgSrc": "https://cdn0.woolworths.media/content/wowproductimages/medium/013825.jpg",
        "name": "My Dog Adult Dog Food Chicken & Turkey Banquet 400g",
        "price": 2.1,
        "special": 1.8,
        "unitPrice": "$0.45 / 100G"
    },
    {
        "category": "specials",
        "href": "https://www.woolworths.com.au/shop/productdetails/36014/arnott-s-shredded-wheatmeal",
        "imgName": "036014.jpg",
        "imgSrc": "https://cdn0.woolworths.media/content/wowproductimages/medium/036014.jpg",
        "name": "Arnott's Shredded Wheatmeal  250g",
        "price": 2,
        "special": 1.8,
        "unitPrice": "$0.72 / 100G"
    },
    {
        "category": "specials",
        "href": "https://www.woolworths.com.au/shop/productdetails/4532/raguletto-pasta-sauce-venetian",
        "imgName": "004532.jpg",
        "imgSrc": "https://cdn0.woolworths.media/content/wowproductimages/medium/004532.jpg",
        "name": "Raguletto Pasta Sauce Venetian 500g",
        "price": 1.7,
        "unitPrice": "$0.34 / 100G"
    },
    {
        "category": "specials",
        "href": "https://www.woolworths.com.au/shop/productdetails/12643/paradise-cottage-cookies-chocolate-chip",
        "imgName": "012643.jpg",
        "imgSrc": "https://cdn0.woolworths.media/content/wowproductimages/medium/012643.jpg",
        "name": "Paradise Cottage Cookies Chocolate Chip 250g",
        "price": 2.6,
        "special": 2,
        "unitPrice": "$0.80 / 100G"
    },
    {
        "category": "specials",
        "href": "https://www.woolworths.com.au/shop/productdetails/23697/harris-coffee-beans-espresso",
        "imgName": "023697.jpg",
        "imgSrc": "https://cdn0.woolworths.media/content/wowproductimages/medium/023697.jpg",
        "name": "Harris Coffee Beans Espresso 1kg",
        "price": 18,
        "unitPrice": "$1.80 / 100G"
    },
    {
        "category": "specials",
        "href": "https://www.woolworths.com.au/shop/productdetails/32321/spc-peaches-sliced-in-juice",
        "imgName": "032321.jpg",
        "imgSrc": "https://cdn0.woolworths.media/content/wowproductimages/medium/032321.jpg",
        "name": "Spc Peaches Sliced In Juice 825g",
        "price": 3.5,
        "special": 3,
        "unitPrice": "$3.64 / 1KG"
    },
    {
        "category": "specials",
        "href": "https://www.woolworths.com.au/shop/productdetails/36281/arnott-s-chocolate-ripple",
        "imgName": "036281.jpg",
        "imgSrc": "https://cdn0.woolworths.media/content/wowproductimages/medium/036281.jpg",
        "name": "Arnott's Chocolate Ripple  250g",
        "price": 2.85,
        "special": 2.5,
        "unitPrice": "$1.00 / 100G"
    },
    {
        "category": "specials",
        "href": "https://www.woolworths.com.au/shop/productdetails/39685/stingose-antiseptic-spray",
        "imgName": "039685.jpg",
        "imgSrc": "https://cdn0.woolworths.media/content/wowproductimages/medium/039685.jpg",
        "name": "Stingose Antiseptic Spray 25ml",
        "price": 9,
        "special": 7,
        "unitPrice": "$28.00 / 100ML"
    },
    {
        "category": "specials",
        "href": "https://www.woolworths.com.au/shop/productdetails/44194/suimin-chicken-prawn-noodle-cup",
        "imgName": "044194.jpg",
        "imgSrc": "https://cdn0.woolworths.media/content/wowproductimages/medium/044194.jpg",
        "name": "Suimin Chicken & Prawn Noodle Cup 70g",
        "price": 1.4,
        "special": 1.2,
        "unitPrice": "$1.71 / 100G"
    },
    {
        "category": "specials",
        "href": "https://www.woolworths.com.au/shop/productdetails/48175/farmers-union-natural-european-style-yoghurt",
        "imgName": "048175.jpg",
        "imgSrc": "https://cdn0.woolworths.media/content/wowproductimages/medium/048175.jpg",
        "name": "Farmers Union Natural European Style Yoghurt  1kg",
        "price": 5,
        "unitPrice": "$0.50 / 100G"
    },
    {
        "category": "specials",
        "href": "https://www.woolworths.com.au/shop/productdetails/70743/greens-maple-syrup-pancake-shake",
        "imgName": "070743.jpg",
        "imgSrc": "https://cdn0.woolworths.media/content/wowproductimages/medium/070743.jpg",
        "name": "Greens Maple Syrup Pancake Shake 325g",
        "price": 2.9,
        "special": 2,
        "unitPrice": "$0.62 / 100G"
    },
    {
        "category": "specials",
        "href": "https://www.woolworths.com.au/shop/productdetails/79602/continental-value-pack-fried-rice-oriental",
        "imgName": "079602.jpg",
        "imgSrc": "https://cdn0.woolworths.media/content/wowproductimages/medium/079602.jpg",
        "name": "Continental Value Pack Fried Rice Oriental 180g",
        "price": 2.99,
        "unitPrice": "$1.66 / 100G"
    },
    {
        "category": "specials",
        "href": "https://www.woolworths.com.au/shop/productdetails/79923/continental-recipe-base-spaghetti-bolognese",
        "imgName": "079923.jpg",
        "imgSrc": "https://cdn0.woolworths.media/content/wowproductimages/medium/079923.jpg",
        "name": "Continental Recipe Base Spaghetti Bolognese 50g",
        "price": 1.6,
        "unitPrice": "$3.20 / 100G"
    },
    {
        "category": "specials",
        "href": "https://www.woolworths.com.au/shop/productdetails/37320/pampas-lemon-meringue-pies",
        "imgName": "037320.jpg",
        "imgSrc": "https://cdn0.woolworths.media/content/wowproductimages/medium/037320.jpg",
        "name": "Pampas Lemon Meringue Pies  4pk 400g",
        "price": 5.8,
        "special": 4,
        "unitPrice": "$1.00 / 100G"
    },
    {
        "category": "specials",
        "href": "https://www.woolworths.com.au/shop/productdetails/41929/ingham-s-frozen-turkey-breast-roast-traditional",
        "imgName": "041929.jpg",
        "imgSrc": "https://cdn0.woolworths.media/content/wowproductimages/medium/041929.jpg",
        "name": "Ingham's Frozen Turkey Breast Roast Traditional 1kg serves 6-7",
        "price": 16,
        "unitPrice": "$16.00 / 1KG"
    },
    {
        "category": "specials",
        "href": "https://www.woolworths.com.au/shop/productdetails/41918/sistema-drink-bottle-twist-n-sip",
        "imgName": "041918.jpg",
        "imgSrc": "https://cdn0.woolworths.media/content/wowproductimages/medium/041918.jpg",
        "name": "Sistema Drink Bottle Twist 'n' Sip 330ml each",
        "price": 3,
        "special": 1.5
    },
    {
        "category": "specials",
        "href": "https://www.woolworths.com.au/shop/productdetails/94675/homebrand-pads-regular",
        "imgName": "094675.jpg",
        "imgSrc": "https://cdn0.woolworths.media/content/wowproductimages/medium/094675.jpg",
        "name": "Homebrand Pads Regular 20pk",
        "price": 1.69,
        "unitPrice": "$0.08 / 1EA"
    },
    {
        "category": "specials",
        "href": "https://www.woolworths.com.au/shop/productdetails/45979/libra-panty-liners-breathable",
        "imgName": "045979.jpg",
        "imgSrc": "https://cdn0.woolworths.media/content/wowproductimages/medium/045979.jpg",
        "name": "Libra Panty Liners Breathable 50pk",
        "price": 4,
        "unitPrice": "$0.08 / 1EA"
    },
    {
        "category": "specials",
        "href": "https://www.woolworths.com.au/shop/productdetails/46401/head-shoulders-dry-scalp-care-almond-oil-dry-scalp-care-almond-oil",
        "imgName": "046401.jpg",
        "imgSrc": "https://cdn0.woolworths.media/content/wowproductimages/medium/046401.jpg",
        "name": "Head & Shoulders Dry Scalp Care Almond Oil Dry Scalp Care Almond Oil 620ml",
        "price": 16,
        "special": 11,
        "unitPrice": "$1.77 / 100ML"
    },
    {
        "category": "specials",
        "href": "https://www.woolworths.com.au/shop/productdetails/66025/essentials-plastic-plates-white",
        "imgName": "066025.jpg",
        "imgSrc": "https://cdn0.woolworths.media/content/wowproductimages/medium/066025.jpg",
        "name": "Essentials Plastic Plates White 20pk",
        "price": 3,
        "unitPrice": "$0.15 / 1EA"
    },
    {
        "category": "specials",
        "href": "https://www.woolworths.com.au/shop/productdetails/71405/nature-s-gift-adult-dog-food-chicken-rice-vegetable",
        "imgName": "071405.jpg",
        "imgSrc": "https://cdn0.woolworths.media/content/wowproductimages/medium/071405.jpg",
        "name": "Nature's Gift Adult Dog Food Chicken Rice & Vegetable 700g",
        "price": 2,
        "unitPrice": "$0.29 / 100G"
    },
    {
        "category": "specials",
        "href": "https://www.woolworths.com.au/shop/productdetails/43274/brut-aftershave-boxed",
        "imgName": "043274.jpg",
        "imgSrc": "https://cdn0.woolworths.media/content/wowproductimages/medium/043274.jpg",
        "name": "Brut Aftershave Boxed 100ml",
        "price": 11,
        "special": 8.8,
        "unitPrice": "$8.80 / 100ML"
    },
    {
        "category": "specials",
        "href": "https://www.woolworths.com.au/shop/productdetails/44130/aunty-kath-s-cookie-dough-m-ms",
        "imgName": "044130.jpg",
        "imgSrc": "https://cdn0.woolworths.media/content/wowproductimages/medium/044130.jpg",
        "name": "Aunty Kath's Cookie Dough M&ms 450g",
        "price": 4.8,
        "unitPrice": "$1.07 / 100G"
    },
    {
        "category": "specials",
        "href": "https://www.woolworths.com.au/shop/productdetails/53224/whiskas-adult-cat-food-beef-mince",
        "imgName": "053224.jpg",
        "imgSrc": "https://cdn0.woolworths.media/content/wowproductimages/medium/053224.jpg",
        "name": "Whiskas Adult Cat Food Beef Mince 400g",
        "price": 1.5,
        "unitPrice": "$0.38 / 100G"
    },
    {
        "category": "specials",
        "href": "https://www.woolworths.com.au/shop/productdetails/42192/de-bortoli-premium-port-old-port-cask",
        "imgName": "042192.jpg",
        "imgSrc": "https://cdn0.woolworths.media/content/wowproductimages/medium/042192.jpg",
        "name": "De Bortoli Premium Port Old Port Cask 4l",
        "price": 24,
        "special": 19
    },
    {
        "category": "specials",
        "href": "https://www.woolworths.com.au/shop/productdetails/50923/woolworths-full-cream-milk",
        "imgName": "050923.jpg",
        "imgSrc": "https://cdn0.woolworths.media/content/wowproductimages/medium/050923.jpg",
        "name": "Woolworths Full Cream Milk 1l",
        "price": 1.2,
        "unitPrice": "$1.20 / 1L"
    },
    {
        "category": "specials",
        "href": "https://www.woolworths.com.au/shop/productdetails/67057/golden-circle-apple-mango-juice",
        "imgName": "067057.jpg",
        "imgSrc": "https://cdn0.woolworths.media/content/wowproductimages/medium/067057.jpg",
        "name": "Golden Circle Apple & Mango Juice 2l",
        "price": 3,
        "unitPrice": "$1.50 / 1L"
    },
    {
        "category": "specials",
        "href": "https://www.woolworths.com.au/shop/productdetails/83991/moro-extra-virgin-olive-oil",
        "imgName": "083991.jpg",
        "imgSrc": "https://cdn0.woolworths.media/content/wowproductimages/medium/083991.jpg",
        "name": "Moro Extra Virgin Olive Oil 1l",
        "price": 15,
        "special": 8.5,
        "unitPrice": "$0.85 / 100ML"
    },
    {
        "category": "specials",
        "href": "https://www.woolworths.com.au/shop/productdetails/93831/mccain-pizza-cheese-bacon",
        "imgName": "093831.jpg",
        "imgSrc": "https://cdn0.woolworths.media/content/wowproductimages/medium/093831.jpg",
        "name": "Mccain Pizza Cheese & Bacon 500g",
        "price": 6.5,
        "special": 5,
        "unitPrice": "$1.00 / 100G"
    },
    {
        "category": "specials",
        "href": "https://www.woolworths.com.au/shop/productdetails/98838/bundaberg-ginger-beer",
        "imgName": "098838.jpg",
        "imgSrc": "https://cdn0.woolworths.media/content/wowproductimages/medium/098838.jpg",
        "name": "Bundaberg Ginger Beer  375ml",
        "price": 3.05,
        "special": 2.25,
        "unitPrice": "$6.00 / 1L"
    },
    {
        "category": "specials",
        "href": "https://www.woolworths.com.au/shop/productdetails/99291/valvoline-oil-motor-xld",
        "imgName": "099291.jpg",
        "imgSrc": "https://cdn0.woolworths.media/content/wowproductimages/medium/099291.jpg",
        "name": "Valvoline Oil Motor Xld 20w/50 4l",
        "price": 27,
        "special": 13.5,
        "unitPrice": "$0.34 / 100ML"
    },
    {
        "category": "specials",
        "href": "https://www.woolworths.com.au/shop/productdetails/118211/aussie-bodies-hplc-bar-chocolate",
        "imgName": "118211.jpg",
        "imgSrc": "https://cdn0.woolworths.media/content/wowproductimages/medium/118211.jpg",
        "name": "Aussie Bodies Hplc Bar Chocolate 100g",
        "price": 5,
        "special": 4,
        "unitPrice": "$4.00 / 100G"
    },
    {
        "category": "specials",
        "href": "https://www.woolworths.com.au/shop/productdetails/96041/logan-farms-chopped-spinach-portions",
        "imgName": "096041.jpg",
        "imgSrc": "https://cdn0.woolworths.media/content/wowproductimages/medium/096041.jpg",
        "name": "Logan Farms Chopped Spinach Portions 250g",
        "price": 2.09,
        "special": 1.89,
        "unitPrice": "$7.56 / 1KG"
    },
    {
        "category": "specials",
        "href": "https://www.woolworths.com.au/shop/productdetails/117101/perfecto-chicken-kebabs-satay",
        "imgName": "117101.jpg",
        "imgSrc": "https://cdn0.woolworths.media/content/wowproductimages/medium/117101.jpg",
        "name": "Perfecto Chicken Kebabs Satay 800g",
        "price": 12.9,
        "special": 11,
        "unitPrice": "$13.75 / 1KG"
    },
    {
        "category": "specials",
        "href": "https://www.woolworths.com.au/shop/productdetails/94124/essentials-self-raising-flour",
        "imgName": "094124.jpg",
        "imgSrc": "https://cdn0.woolworths.media/content/wowproductimages/medium/094124.jpg",
        "name": "Essentials Self Raising Flour  2kg",
        "price": 1.5,
        "unitPrice": "$0.75 / 1KG"
    },
    {
        "category": "specials",
        "href": "https://www.woolworths.com.au/shop/productdetails/93373/guylian-chocolate-sea-shells",
        "imgName": "093373.jpg",
        "imgSrc": "https://cdn0.woolworths.media/content/wowproductimages/medium/093373.jpg",
        "name": "Guylian Chocolate Sea Shells  250g gift box",
        "price": 16,
        "special": 8,
        "unitPrice": "$3.20 / 100G"
    },
    {
        "category": "specials",
        "href": "https://www.woolworths.com.au/shop/productdetails/97745/moro-pure-olive-oil",
        "imgName": "097745.jpg",
        "imgSrc": "https://cdn0.woolworths.media/content/wowproductimages/medium/097745.jpg",
        "name": "Moro Pure Olive Oil 1l",
        "price": 14,
        "special": 8,
        "unitPrice": "$0.80 / 100ML"
    },
    {
        "category": "specials",
        "href": "https://www.woolworths.com.au/shop/productdetails/107193/heinz-mashed-food-6-months-apple-blueberry-muesli",
        "imgName": "107193.jpg",
        "imgSrc": "https://cdn0.woolworths.media/content/wowproductimages/medium/107193.jpg",
        "name": "Heinz Mashed Food 6 Months Apple & Blueberry Muesli 110g",
        "price": 1,
        "unitPrice": "$0.91 / 100G"
    },
    {
        "category": "specials",
        "href": "https://www.woolworths.com.au/shop/productdetails/97088/dettol-liquid-hand-wash-pump-lemon-lime",
        "imgName": "097088.jpg",
        "imgSrc": "https://cdn0.woolworths.media/content/wowproductimages/medium/097088.jpg",
        "name": "Dettol Liquid Hand Wash Pump Lemon & Lime 250ml",
        "price": 2,
        "unitPrice": "$0.80 / 100ML"
    },
    {
        "category": "specials",
        "href": "https://www.woolworths.com.au/shop/productdetails/183861/nature-s-cuppa-organic-premium-tea-bags",
        "imgName": "183861.jpg",
        "imgSrc": "https://cdn0.woolworths.media/content/wowproductimages/medium/183861.jpg",
        "name": "Nature's Cuppa Organic Premium Tea Bags 120pk 264g",
        "price": 11,
        "special": 8,
        "unitPrice": "$3.03 / 100G"
    },
    {
        "category": "specials",
        "href": "https://www.woolworths.com.au/shop/productdetails/185185/pyrex-bakeware-mixing-bowl-2l",
        "imgName": "185185.jpg",
        "imgSrc": "https://cdn0.woolworths.media/content/wowproductimages/medium/185185.jpg",
        "name": "Pyrex Bakeware Mixing Bowl 2l each",
        "price": 13,
        "special": 9.1
    },
    {
        "category": "specials",
        "href": "https://www.woolworths.com.au/shop/productdetails/171877/whiskas-adult-cat-food-chicken-rabbit",
        "imgName": "171877.jpg",
        "imgSrc": "https://cdn0.woolworths.media/content/wowproductimages/medium/171877.jpg",
        "name": "Whiskas Adult Cat Food Chicken & Rabbit 1kg",
        "price": 4.7,
        "special": 4,
        "unitPrice": "$0.40 / 100G"
    },
    {
        "category": "specials",
        "href": "https://www.woolworths.com.au/shop/productdetails/174681/amolin-laundry-liquid-top-front-loader-sensitive",
        "imgName": "174681.jpg",
        "imgSrc": "https://cdn0.woolworths.media/content/wowproductimages/medium/174681.jpg",
        "name": "Amolin Laundry Liquid Top & Front Loader Sensitive 1.25l",
        "price": 5.5,
        "unitPrice": "$4.40 / 1L"
    },
    {
        "category": "specials",
        "href": "https://www.woolworths.com.au/shop/productdetails/209516/beef-topside-roast-heart-smart",
        "imgName": "209516.jpg",
        "imgSrc": "https://cdn0.woolworths.media/content/wowproductimages/medium/209516.jpg",
        "name": "Beef Topside Roast Heart Smart min. 1kg",
        "price": 15.99,
        "special": 14,
        "unitPrice": "$14.00 / 1KG"
    },
    {
        "category": "specials",
        "href": "https://www.woolworths.com.au/shop/productdetails/165756/spirax-notebook-a5",
        "imgName": "165756.jpg",
        "imgSrc": "https://cdn0.woolworths.media/content/wowproductimages/medium/165756.jpg",
        "name": "Spirax Notebook A5 200pg each",
        "price": 4.5,
        "special": 3.15
    },
    {
        "category": "specials",
        "href": "https://www.woolworths.com.au/shop/productdetails/186037/nature-s-gift-adult-dog-food-prime-beef-in-gravy",
        "imgName": "186037.jpg",
        "imgSrc": "https://cdn0.woolworths.media/content/wowproductimages/medium/186037.jpg",
        "name": "Nature's Gift Adult Dog Food Prime Beef In Gravy 100g",
        "price": 1,
        "special": 0.75,
        "unitPrice": "$0.75 / 100G"
    },
    {
        "category": "specials",
        "href": "https://www.woolworths.com.au/shop/productdetails/186109/tasty-bite-jodhpur-yellow-dal",
        "imgName": "186109.jpg",
        "imgSrc": "https://cdn0.woolworths.media/content/wowproductimages/medium/186109.jpg",
        "name": "Tasty Bite Jodhpur Yellow Dal  285g",
        "price": 3,
        "unitPrice": "$1.05 / 100G"
    },
    {
        "category": "specials",
        "href": "https://www.woolworths.com.au/shop/productdetails/192579/aussie-bodies-protein-revival-strawberry-99-fat-free",
        "imgName": "192579.jpg",
        "imgSrc": "https://cdn0.woolworths.media/content/wowproductimages/medium/192579.jpg",
        "name": "Aussie Bodies Protein Revival Strawberry 99% Fat Free 375ml",
        "price": 3.85,
        "special": 3,
        "unitPrice": "$8.00 / 1L"
    },
    {
        "category": "specials",
        "href": "https://www.woolworths.com.au/shop/productdetails/189540/dove-original-beauty-bar-1-4-moisturising",
        "imgName": "189540.jpg",
        "imgSrc": "https://cdn0.woolworths.media/content/wowproductimages/medium/189540.jpg",
        "name": "Dove Original Beauty Bar 1/4 Moisturising 6pk",
        "price": 8,
        "unitPrice": "$1.33 / 100G"
    },
    {
        "category": "specials",
        "href": "https://www.woolworths.com.au/shop/productdetails/178946/bulla-crunch-caramel-strawberry-honey",
        "imgName": "178946.jpg",
        "imgSrc": "https://cdn0.woolworths.media/content/wowproductimages/medium/178946.jpg",
        "name": "Bulla Crunch Caramel Strawberry & Honey 8pk 631ml",
        "price": 6.8,
        "special": 4.5,
        "unitPrice": "$0.71 / 100ML"
    },
    {
        "category": "specials",
        "href": "https://www.woolworths.com.au/shop/productdetails/182028/hermesetas-sweetener-tablets",
        "imgName": "182028.jpg",
        "imgSrc": "https://cdn0.woolworths.media/content/wowproductimages/medium/182028.jpg",
        "name": "Hermesetas Sweetener Tablets 800ea",
        "price": 7.2,
        "special": 5.75,
        "unitPrice": "$0.72 / 100EA"
    },
    {
        "category": "specials",
        "href": "https://www.woolworths.com.au/shop/productdetails/184335/la-famiglia-garlic-bread-slices",
        "imgName": "184335.jpg",
        "imgSrc": "https://cdn0.woolworths.media/content/wowproductimages/medium/184335.jpg",
        "name": "La Famiglia Garlic Bread Slices 270g",
        "price": 5.2,
        "special": 4.5,
        "unitPrice": "$1.67 / 100G"
    },
    {
        "category": "specials",
        "href": "https://www.woolworths.com.au/shop/productdetails/173976/vo5-hairspray-firm-hold",
        "imgName": "173976.jpg",
        "imgSrc": "https://cdn0.woolworths.media/content/wowproductimages/medium/173976.jpg",
        "name": "Vo5 Hairspray Firm Hold 200g",
        "price": 4,
        "unitPrice": "$2.00 / 100G"
    },
    {
        "category": "specials",
        "href": "https://www.woolworths.com.au/shop/productdetails/159458/garnier-pure-skin-facial-cleanser-deep-pore-wash",
        "imgName": "159458.jpg",
        "imgSrc": "https://cdn0.woolworths.media/content/wowproductimages/medium/159458.jpg",
        "name": "Garnier Pure Skin  Facial Cleanser Deep Pore Wash 150ml",
        "price": 10.99,
        "special": 7.65,
        "unitPrice": "$5.10 / 100ML"
    },
    {
        "category": "specials",
        "href": "https://www.woolworths.com.au/shop/productdetails/158288/four-seasons-lubricants-glow-in-the-dark-tube",
        "imgName": "158288.jpg",
        "imgSrc": "https://cdn0.woolworths.media/content/wowproductimages/medium/158288.jpg",
        "name": "Four Seasons Lubricants Glow In The Dark Tube 100ml",
        "price": 6.2,
        "special": 5.6,
        "unitPrice": "$5.60 / 100ML"
    },
    {
        "category": "specials",
        "href": "https://www.woolworths.com.au/shop/productdetails/224231/decor-microsafe-container-oblong",
        "imgName": "224231.jpg",
        "imgSrc": "https://cdn0.woolworths.media/content/wowproductimages/medium/224231.jpg",
        "name": "Decor Microsafe Container Oblong 900ml",
        "price": 5.99,
        "special": 2.99
    },
    {
        "category": "specials",
        "href": "https://www.woolworths.com.au/shop/productdetails/212355/praise-dressings-coleslaw-99-fat-free",
        "imgName": "212355.jpg",
        "imgSrc": "https://cdn0.woolworths.media/content/wowproductimages/medium/212355.jpg",
        "name": "Praise Dressings Coleslaw  99% Fat Free 330ml",
        "price": 3,
        "special": 1.75,
        "unitPrice": "$0.53 / 100ML"
    },
    {
        "category": "specials",
        "href": "https://www.woolworths.com.au/shop/productdetails/212721/pace-farm-eco-organic-free-range-eggs-eggs",
        "imgName": "212721.jpg",
        "imgSrc": "https://cdn0.woolworths.media/content/wowproductimages/medium/212721.jpg",
        "name": "Pace Farm Eco Organic Free Range Eggs Eggs 6pk 300g",
        "price": 5.49,
        "special": 4.9,
        "unitPrice": "$1.63 / 100G"
    },
    {
        "category": "specials",
        "href": "https://www.woolworths.com.au/shop/productdetails/222323/sharwoods-simmer-sauce-madras",
        "imgName": "222323.jpg",
        "imgSrc": "https://cdn0.woolworths.media/content/wowproductimages/medium/222323.jpg",
        "name": "Sharwoods Simmer Sauce Madras 420g",
        "price": 4,
        "special": 2,
        "unitPrice": "$0.48 / 100G"
    },
    {
        "category": "specials",
        "href": "https://www.woolworths.com.au/shop/productdetails/231635/nivea-men-deodorant-roll-on-cool-kick",
        "imgName": "231635.jpg",
        "imgSrc": "https://cdn0.woolworths.media/content/wowproductimages/medium/231635.jpg",
        "name": "Nivea Men Deodorant Roll On Cool Kick 50ml",
        "price": 3.5,
        "unitPrice": "$7.00 / 100ML"
    },
    {
        "category": "specials",
        "href": "https://www.woolworths.com.au/shop/productdetails/212138/nescafe-blend-43-instant-coffee-blend-43-espresso",
        "imgName": "212138.jpg",
        "imgSrc": "https://cdn0.woolworths.media/content/wowproductimages/medium/212138.jpg",
        "name": "Nescafe Blend 43 Instant Coffee Blend 43 Espresso 300g",
        "price": 13,
        "unitPrice": "$4.33 / 100G"
    },
    {
        "category": "specials",
        "href": "https://www.woolworths.com.au/shop/productdetails/226101/nescafe-coffee-sachets-latte",
        "imgName": "226101.jpg",
        "imgSrc": "https://cdn0.woolworths.media/content/wowproductimages/medium/226101.jpg",
        "name": "Nescafe Coffee Sachets Latte 10pk",
        "price": 6.59,
        "special": 3.29,
        "unitPrice": "$1.83 / 100G"
    },
    {
        "category": "specials",
        "href": "https://www.woolworths.com.au/shop/productdetails/226497/the-food-company-garlic-chopped",
        "imgName": "226497.jpg",
        "imgSrc": "https://cdn0.woolworths.media/content/wowproductimages/medium/226497.jpg",
        "name": "The Food Company Garlic Chopped 375g",
        "price": 4.99,
        "special": 4,
        "unitPrice": "$0.11 / 10G"
    },
    {
        "category": "specials",
        "href": "https://www.woolworths.com.au/shop/productdetails/249784/king-island-seal-bay-triple-cream-brie-cheese",
        "imgName": "249784.jpg",
        "imgSrc": "https://cdn0.woolworths.media/content/wowproductimages/medium/249784.jpg",
        "name": "King Island Seal Bay Triple Cream Brie Cheese 175g",
        "price": 12,
        "special": 8,
        "unitPrice": "$45.71 / 1KG"
    },
    {
        "category": "specials",
        "href": "https://www.woolworths.com.au/shop/productdetails/249921/viva-paper-towel-white",
        "imgName": "249921.jpg",
        "imgSrc": "https://cdn0.woolworths.media/content/wowproductimages/medium/249921.jpg",
        "name": "Viva Paper Towel White 3pk",
        "price": 4,
        "unitPrice": "$2.22 / 100SS"
    },
    {
        "category": "specials",
        "href": "https://www.woolworths.com.au/shop/productdetails/250559/woolworths-rocky-road-mallows-biscuit",
        "imgName": "250559.jpg",
        "imgSrc": "https://cdn0.woolworths.media/content/wowproductimages/medium/250559.jpg",
        "name": "Woolworths Rocky Road Mallows Biscuit 190g",
        "price": 1.65,
        "unitPrice": "$0.87 / 100G"
    },
    {
        "category": "specials",
        "href": "https://www.woolworths.com.au/shop/productdetails/248355/always-fresh-grissini-crispbread-rosemary-sea-salt",
        "imgName": "248355.jpg",
        "imgSrc": "https://cdn0.woolworths.media/content/wowproductimages/medium/248355.jpg",
        "name": "Always Fresh Grissini Crispbread Rosemary & Sea Salt 125g",
        "price": 3.45,
        "special": 2.5,
        "unitPrice": "$2.00 / 100G"
    },
    {
        "category": "specials",
        "href": "https://www.woolworths.com.au/shop/productdetails/208519/first-response-pregnancy-test-dip-read",
        "imgName": "208519.jpg",
        "imgSrc": "https://cdn0.woolworths.media/content/wowproductimages/medium/208519.jpg",
        "name": "First Response Pregnancy Test Dip Read 3pk",
        "price": 14.3,
        "special": 12,
        "unitPrice": "$4.00 / 1EA"
    },
    {
        "category": "specials",
        "href": "https://www.woolworths.com.au/shop/productdetails/191046/bulla-creamy-classics-ice-cream-cookies-cream",
        "imgName": "191046.jpg",
        "imgSrc": "https://cdn0.woolworths.media/content/wowproductimages/medium/191046.jpg",
        "name": "Bulla Creamy Classics Ice Cream Cookies & Cream 2l tub",
        "price": 8,
        "special": 5,
        "unitPrice": "$0.25 / 100ML"
    },
    {
        "category": "specials",
        "href": "https://www.woolworths.com.au/shop/productdetails/192985/nestle-milo-chocolate-malt",
        "imgName": "192985.jpg",
        "imgSrc": "https://cdn0.woolworths.media/content/wowproductimages/medium/192985.jpg",
        "name": "Nestle Milo Chocolate Malt  1kg",
        "price": 12,
        "special": 10,
        "unitPrice": "$1.00 / 100G"
    },
    {
        "category": "specials",
        "href": "https://www.woolworths.com.au/shop/productdetails/193457/homebrand-sauce-taco-mild",
        "imgName": "193457.jpg",
        "imgSrc": "https://cdn0.woolworths.media/content/wowproductimages/medium/193457.jpg",
        "name": "Homebrand Sauce Taco Mild 250g",
        "price": 2.59,
        "unitPrice": "$1.04 / 100G"
    },
    {
        "category": "specials",
        "href": "https://www.woolworths.com.au/shop/productdetails/215514/sara-lee-ice-cream-indulgence-rocky-road-overload",
        "imgName": "215514.jpg",
        "imgSrc": "https://cdn0.woolworths.media/content/wowproductimages/medium/215514.jpg",
        "name": "Sara Lee Ice Cream Indulgence Rocky Road Overload 1l tub",
        "price": 9,
        "special": 6,
        "unitPrice": "$0.60 / 100ML"
    },
    {
        "category": "specials",
        "href": "https://www.woolworths.com.au/shop/productdetails/245396/woolworths-two-fruits-in-tropical-jelly",
        "imgName": "245396.jpg",
        "imgSrc": "https://cdn0.woolworths.media/content/wowproductimages/medium/245396.jpg",
        "name": "Woolworths Two Fruits In Tropical Jelly 4x120g",
        "price": 2.5,
        "unitPrice": "$5.21 / 1KG"
    },
    {
        "category": "specials",
        "href": "https://www.woolworths.com.au/shop/productdetails/252709/bic-atlantis-retractable-pen-blue",
        "imgName": "252709.jpg",
        "imgSrc": "https://cdn0.woolworths.media/content/wowproductimages/medium/252709.jpg",
        "name": "Bic Atlantis Retractable Pen Blue 4pk",
        "price": 5.5,
        "special": 3.7
    },
    {
        "category": "specials",
        "href": "https://www.woolworths.com.au/shop/productdetails/251979/whiskas-adult-cat-food-chicken-turkey-vegetable",
        "imgName": "251979.jpg",
        "imgSrc": "https://cdn0.woolworths.media/content/wowproductimages/medium/251979.jpg",
        "name": "Whiskas Adult Cat Food Chicken Turkey & Vegetable 1kg",
        "price": 4.7,
        "special": 4,
        "unitPrice": "$0.40 / 100G"
    },
    {
        "category": "specials",
        "href": "https://www.woolworths.com.au/shop/productdetails/262491/ingham-s-crumbed-chicken-breast-munchies",
        "imgName": "262491.jpg",
        "imgSrc": "https://cdn0.woolworths.media/content/wowproductimages/medium/262491.jpg",
        "name": "Ingham's Crumbed Chicken Breast Munchies 400g",
        "price": 5,
        "unitPrice": "$12.50 / 1KG"
    },
    {
        "category": "specials",
        "href": "https://www.woolworths.com.au/shop/productdetails/269967/airbourne-health-manuka-honey-70plus",
        "imgName": "269967.jpg",
        "imgSrc": "https://cdn0.woolworths.media/content/wowproductimages/medium/269967.jpg",
        "name": "Airbourne Health Manuka Honey 70plus 500g",
        "price": 32,
        "special": 25,
        "unitPrice": "$5.00 / 100G"
    },
    {
        "category": "specials",
        "href": "https://www.woolworths.com.au/shop/productdetails/297766/yoplait-forme-zero-peach-mango-yoghurt",
        "imgName": "297766.jpg",
        "imgSrc": "https://cdn0.woolworths.media/content/wowproductimages/medium/297766.jpg",
        "name": "Yoplait Forme Zero Peach & Mango Yoghurt 1kg",
        "price": 4,
        "unitPrice": "$0.40 / 100G"
    },
    {
        "category": "specials",
        "href": "https://www.woolworths.com.au/shop/productdetails/228931/corelle-rice-bowl-white",
        "imgName": "228931.jpg",
        "imgSrc": "https://cdn0.woolworths.media/content/wowproductimages/medium/228931.jpg",
        "name": "Corelle Rice Bowl White 12cm",
        "price": 6.5,
        "special": 4.55
    },
    {
        "category": "specials",
        "href": "https://www.woolworths.com.au/shop/productdetails/251825/woolworths-select-black-cherries-stoneless-in-syrup",
        "imgName": "251825.jpg",
        "imgSrc": "https://cdn0.woolworths.media/content/wowproductimages/medium/251825.jpg",
        "name": "Woolworths Select Black Cherries Stoneless In Syrup 415g",
        "price": 3.8,
        "unitPrice": "$9.16 / 1KG"
    },
    {
        "category": "specials",
        "href": "https://www.woolworths.com.au/shop/productdetails/225188/lolly-gobble-popcorn-bag-caramel-nut",
        "imgName": "225188.jpg",
        "imgSrc": "https://cdn0.woolworths.media/content/wowproductimages/medium/225188.jpg",
        "name": "Lolly Gobble Popcorn Bag Caramel Nut 175g",
        "price": 3,
        "unitPrice": "$1.71 / 100G"
    },
    {
        "category": "specials",
        "href": "https://www.woolworths.com.au/shop/productdetails/220931/maped-sharpener-2-hole",
        "imgName": "220931.jpg",
        "imgSrc": "https://cdn0.woolworths.media/content/wowproductimages/medium/220931.jpg",
        "name": "Maped Sharpener 2 Hole each",
        "price": 3.5,
        "special": 2.8
    },
    {
        "category": "specials",
        "href": "https://www.woolworths.com.au/shop/productdetails/254587/white-wings-brownie-mix-double-chocolate-fudge",
        "imgName": "254587.jpg",
        "imgSrc": "https://cdn0.woolworths.media/content/wowproductimages/medium/254587.jpg",
        "name": "White Wings Brownie Mix Double Chocolate Fudge 560g",
        "price": 4,
        "unitPrice": "$0.71 / 100G"
    },
    {
        "category": "specials",
        "href": "https://www.woolworths.com.au/shop/productdetails/254804/white-wings-cookie-mix-soft-centred-choc-chip",
        "imgName": "254804.jpg",
        "imgSrc": "https://cdn0.woolworths.media/content/wowproductimages/medium/254804.jpg",
        "name": "White Wings Cookie Mix Soft Centred Choc Chip 485g",
        "price": 4,
        "unitPrice": "$0.82 / 100G"
    },
    {
        "category": "specials",
        "href": "https://www.woolworths.com.au/shop/productdetails/260424/l-oreal-casting-cr-me-gloss-600-light-brown",
        "imgName": "260424.jpg",
        "imgSrc": "https://cdn0.woolworths.media/content/wowproductimages/medium/260424.jpg",
        "name": "L'oreal Casting Cr\u00e8me Gloss 600 Light Brown 1pk",
        "price": 16,
        "special": 11
    },
    {
        "category": "specials",
        "href": "https://www.woolworths.com.au/shop/productdetails/260434/l-oreal-casting-cr-me-gloss-316-plum",
        "imgName": "260434.jpg",
        "imgSrc": "https://cdn0.woolworths.media/content/wowproductimages/medium/260434.jpg",
        "name": "L'oreal Casting Cr\u00e8me Gloss 316 Plum 1pk",
        "price": 16,
        "special": 11
    },
    {
        "category": "specials",
        "href": "https://www.woolworths.com.au/shop/productdetails/261231/fancy-feast-adult-cat-food-gourmet-savoury-salmon",
        "imgName": "261231.jpg",
        "imgSrc": "https://cdn0.woolworths.media/content/wowproductimages/medium/261231.jpg",
        "name": "Fancy Feast Adult Cat Food Gourmet Savoury Salmon 85g",
        "price": 1.2,
        "special": 0.9,
        "unitPrice": "$1.06 / 100G"
    },
    {
        "category": "specials",
        "href": "https://www.woolworths.com.au/shop/productdetails/258415/olay-complete-defence-daily-uv-lotion-sensitive-sp30-",
        "imgName": "258415.jpg",
        "imgSrc": "https://cdn0.woolworths.media/content/wowproductimages/medium/258415.jpg",
        "name": "Olay Complete Defence Daily Uv Lotion Sensitive Sp30+ 75ml",
        "price": 15.4,
        "special": 7.7,
        "unitPrice": "$10.27 / 100ML"
    },
    {
        "category": "specials",
        "href": "https://www.woolworths.com.au/shop/productdetails/258859/pantene-pro-v-colour-therapy-conditioner",
        "imgName": "258859.jpg",
        "imgSrc": "https://cdn0.woolworths.media/content/wowproductimages/medium/258859.jpg",
        "name": "Pantene Pro-v Colour Therapy Conditioner 350ml",
        "price": 4.5,
        "unitPrice": "$1.29 / 100ML"
    },
    {
        "category": "specials",
        "href": "https://www.woolworths.com.au/shop/productdetails/279669/bulla-creamy-classics-ice-cream-choc-vanilla-twins",
        "imgName": "279669.jpg",
        "imgSrc": "https://cdn0.woolworths.media/content/wowproductimages/medium/279669.jpg",
        "name": "Bulla Creamy Classics Ice Cream Choc Vanilla Twins 6pk 540ml",
        "price": 7.5,
        "special": 5,
        "unitPrice": "$0.93 / 100ML"
    },
    {
        "category": "specials",
        "href": "https://www.woolworths.com.au/shop/productdetails/280241/gippsland-dairy-twist-smooth-creamy-plain-yoghurt",
        "imgName": "280241.jpg",
        "imgSrc": "https://cdn0.woolworths.media/content/wowproductimages/medium/280241.jpg",
        "name": "Gippsland Dairy Twist Smooth & Creamy Plain Yoghurt 720g",
        "price": 7,
        "special": 5,
        "unitPrice": "$0.69 / 100G"
    },
    {
        "category": "specials",
        "href": "https://www.woolworths.com.au/shop/productdetails/312054/swisspers-facial-wipes-cucumber",
        "imgName": "312054.jpg",
        "imgSrc": "https://cdn0.woolworths.media/content/wowproductimages/medium/312054.jpg",
        "name": "Swisspers Facial Wipes Cucumber 2x25pk",
        "price": 7.99,
        "special": 6.99,
        "unitPrice": "$0.14 / 1EA"
    },
    {
        "category": "specials",
        "href": "https://www.woolworths.com.au/shop/productdetails/320693/peters-drumstick-ice-cream-vanilla",
        "imgName": "320693.jpg",
        "imgSrc": "https://cdn0.woolworths.media/content/wowproductimages/medium/320693.jpg",
        "name": "Peters Drumstick Ice Cream Vanilla 16pk 1.9l"
    },
    {
        "category": "specials",
        "href": "https://www.woolworths.com.au/shop/productdetails/260432/l-oreal-casting-cr-me-gloss-400-dark-brown",
        "imgName": "260432.jpg",
        "imgSrc": "https://cdn0.woolworths.media/content/wowproductimages/medium/260432.jpg",
        "name": "L'oreal Casting Cr\u00e8me Gloss 400 Dark Brown 1pk",
        "price": 16,
        "special": 11
    },
    {
        "category": "specials",
        "href": "https://www.woolworths.com.au/shop/productdetails/256175/cenovis-st-john-s-wort-2000-tablets",
        "imgName": "256175.jpg",
        "imgSrc": "https://cdn0.woolworths.media/content/wowproductimages/medium/256175.jpg",
        "name": "Cenovis St John's Wort 2000 Tablets 60",
        "price": 12,
        "unitPrice": "$20.00 / 100EA"
    },
    {
        "category": "specials",
        "href": "https://www.woolworths.com.au/shop/productdetails/307954/air-wick-decosphere-decorative-air-fresheners-vanilla-orchid",
        "imgName": "307954.jpg",
        "imgSrc": "https://cdn0.woolworths.media/content/wowproductimages/medium/307954.jpg",
        "name": "Air Wick Decosphere Decorative Air Fresheners Vanilla Orchid 75ml",
        "price": 5,
        "unitPrice": "$0.67 / 10ML"
    },
    {
        "category": "specials",
        "href": "https://www.woolworths.com.au/shop/productdetails/300010/home-essentials-kitchen-gadget-bamboo-chopping-board-40x30cm",
        "imgName": "300010.jpg",
        "imgSrc": "https://cdn0.woolworths.media/content/wowproductimages/medium/300010.jpg",
        "name": "Home Essentials Kitchen Gadget Bamboo Chopping Board 40x30cm each",
        "price": 14
    },
    {
        "category": "specials",
        "href": "https://www.woolworths.com.au/shop/productdetails/311084/lean-cuisine-bowl-lamb-hot-pot-lamb-rosemary-hot-pot",
        "imgName": "311084.jpg",
        "imgSrc": "https://cdn0.woolworths.media/content/wowproductimages/medium/311084.jpg",
        "name": "Lean Cuisine Bowl Lamb Hot Pot Lamb & Rosemary Hot Pot 290g",
        "price": 5.7,
        "special": 5,
        "unitPrice": "$1.72 / 100G"
    },
    {
        "category": "specials",
        "href": "https://www.woolworths.com.au/shop/productdetails/323467/mars-bar-funsize-sharepack",
        "imgName": "323467.jpg",
        "imgSrc": "https://cdn0.woolworths.media/content/wowproductimages/medium/323467.jpg",
        "name": "Mars Bar Funsize Sharepack 12pk 216g",
        "price": 4.6,
        "special": 3.5,
        "unitPrice": "$1.62 / 100G"
    },
    {
        "category": "specials",
        "href": "https://www.woolworths.com.au/shop/productdetails/308942/edenvale-non-alcoholic-wine-sparkling-cuvee",
        "imgName": "308942.jpg",
        "imgSrc": "https://cdn0.woolworths.media/content/wowproductimages/medium/308942.jpg",
        "name": "Edenvale Non Alcoholic Wine Sparkling Cuvee 750ml",
        "price": 9.5,
        "special": 8,
        "unitPrice": "$10.67 / 1L"
    },
    {
        "category": "specials",
        "href": "https://www.woolworths.com.au/shop/productdetails/312064/libra-maternity-pads-aloe-vera-with-wings",
        "imgName": "312064.jpg",
        "imgSrc": "https://cdn0.woolworths.media/content/wowproductimages/medium/312064.jpg",
        "name": "Libra Maternity Pads Aloe Vera With Wings 10pk",
        "price": 4.65,
        "unitPrice": "$0.47 / 1EA"
    },
    {
        "category": "specials",
        "href": "https://www.woolworths.com.au/shop/productdetails/319474/safcol-salmon-mild-red-chilli",
        "imgName": "319474.jpg",
        "imgSrc": "https://cdn0.woolworths.media/content/wowproductimages/medium/319474.jpg",
        "name": "Safcol Salmon Mild Red Chilli 95g",
        "price": 1.5,
        "unitPrice": "$15.79 / 1KG"
    },
    {
        "category": "specials",
        "href": "https://www.woolworths.com.au/shop/productdetails/323176/essentials-plastic-plates-white",
        "imgName": "323176.jpg",
        "imgSrc": "https://cdn0.woolworths.media/content/wowproductimages/medium/323176.jpg",
        "name": "Essentials Plastic Plates White 50pk",
        "price": 6,
        "unitPrice": "$0.12 / 1EA"
    },
    {
        "category": "specials",
        "href": "https://www.woolworths.com.au/shop/productdetails/323269/nature-s-gift-adult-dog-food-kangaroo-rice-vegetable",
        "imgName": "323269.jpg",
        "imgSrc": "https://cdn0.woolworths.media/content/wowproductimages/medium/323269.jpg",
        "name": "Nature's Gift Adult Dog Food Kangaroo Rice & Vegetable 700g",
        "price": 2,
        "unitPrice": "$0.29 / 100G"
    },
    {
        "category": "specials",
        "href": "https://www.woolworths.com.au/shop/productdetails/333988/pyrex-plasticware-round-bowl-with-lid-2-cup",
        "imgName": "333988.jpg",
        "imgSrc": "https://cdn0.woolworths.media/content/wowproductimages/medium/333988.jpg",
        "name": "Pyrex Plasticware Round Bowl With Lid 2 Cup each",
        "price": 10,
        "special": 7
    },
    {
        "category": "specials",
        "href": "https://www.woolworths.com.au/shop/productdetails/346772/spring-valley-mango-banana-nectar",
        "imgName": "346772.jpg",
        "imgSrc": "https://cdn0.woolworths.media/content/wowproductimages/medium/346772.jpg",
        "name": "Spring Valley Mango & Banana Nectar 1.25l",
        "price": 5.25,
        "special": 4.35,
        "unitPrice": "$3.48 / 1L"
    },
    {
        "category": "specials",
        "href": "https://www.woolworths.com.au/shop/productdetails/348265/macs-traditional-shortbread-choc-petticoats",
        "imgName": "348265.jpg",
        "imgSrc": "https://cdn0.woolworths.media/content/wowproductimages/medium/348265.jpg",
        "name": "Macs Traditional Shortbread Choc Petticoats 160g",
        "price": 3,
        "special": 1.5,
        "unitPrice": "$0.94 / 100G"
    },
    {
        "category": "specials",
        "href": "https://www.woolworths.com.au/shop/productdetails/359883/all-smiles-dental-floss-total-care-pro-floss-picks-mint",
        "imgName": "359883.jpg",
        "imgSrc": "https://cdn0.woolworths.media/content/wowproductimages/medium/359883.jpg",
        "name": "All Smiles Dental Floss Total Care Pro Floss Picks Mint 36pk",
        "price": 1.8,
        "unitPrice": "$0.05 / 1EA"
    },
    {
        "category": "specials",
        "href": "https://www.woolworths.com.au/shop/productdetails/267094/deeko-bowls-plastic",
        "imgName": "267094.jpg",
        "imgSrc": "https://cdn0.woolworths.media/content/wowproductimages/medium/267094.jpg",
        "name": "Deeko Bowls Plastic 20pk",
        "price": 4.79,
        "special": 3.8,
        "unitPrice": "$0.19 / 1EA"
    },
    {
        "category": "specials",
        "href": "https://www.woolworths.com.au/shop/productdetails/343900/maggi-beef-2-minute-noodles-value-pack",
        "imgName": "343900.jpg",
        "imgSrc": "https://cdn0.woolworths.media/content/wowproductimages/medium/343900.jpg",
        "name": "Maggi Beef 2 Minute Noodles Value Pack 12pk 888g",
        "price": 8,
        "unitPrice": "$0.90 / 100G"
    },
    {
        "category": "specials",
        "href": "https://www.woolworths.com.au/shop/productdetails/309116/lipton-chai-tea-instant-latte-regular-sachets",
        "imgName": "309116.jpg",
        "imgSrc": "https://cdn0.woolworths.media/content/wowproductimages/medium/309116.jpg",
        "name": "Lipton Chai Tea Instant Latte Regular Sachets 16pk 370g",
        "price": 11.7,
        "special": 9.5,
        "unitPrice": "$2.57 / 100G"
    },
    {
        "category": "specials",
        "href": "https://www.woolworths.com.au/shop/productdetails/310410/cashmere-bouquet-soap-bar-lavender",
        "imgName": "310410.jpg",
        "imgSrc": "https://cdn0.woolworths.media/content/wowproductimages/medium/310410.jpg",
        "name": "Cashmere Bouquet Soap Bar Lavender 4x100g",
        "price": 3.2,
        "special": 2.8,
        "unitPrice": "$0.70 / 100G"
    },
    {
        "category": "specials",
        "href": "https://www.woolworths.com.au/shop/productdetails/308941/edenvale-non-alcoholic-wine-chardonnay",
        "imgName": "308941.jpg",
        "imgSrc": "https://cdn0.woolworths.media/content/wowproductimages/medium/308941.jpg",
        "name": "Edenvale Non Alcoholic Wine Chardonnay 750ml",
        "price": 9.5,
        "special": 8,
        "unitPrice": "$10.67 / 1L"
    },
    {
        "category": "specials",
        "href": "https://www.woolworths.com.au/shop/productdetails/341060/lipton-ice-green-tea-original",
        "imgName": "341060.jpg",
        "imgSrc": "https://cdn0.woolworths.media/content/wowproductimages/medium/341060.jpg",
        "name": "Lipton Ice Green Tea Original 1.5l",
        "price": 3.9,
        "special": 1.89,
        "unitPrice": "$1.26 / 1L"
    },
    {
        "category": "specials",
        "href": "https://www.woolworths.com.au/shop/productdetails/335173/homebrand-bathroom-cleaner-domestic-cleaner-fresh",
        "imgName": "335173.jpg",
        "imgSrc": "https://cdn0.woolworths.media/content/wowproductimages/medium/335173.jpg",
        "name": "Homebrand Bathroom Cleaner Domestic Cleaner Fresh 1.25l",
        "price": 2.15,
        "unitPrice": "$0.17 / 100ML"
    },
    {
        "category": "specials",
        "href": "https://www.woolworths.com.au/shop/productdetails/294518/la-famiglia-herb-bread",
        "imgName": "294518.jpg",
        "imgSrc": "https://cdn0.woolworths.media/content/wowproductimages/medium/294518.jpg",
        "name": "La Famiglia Herb Bread  400g",
        "price": 4,
        "unitPrice": "$1.00 / 100G"
    },
    {
        "category": "specials",
        "href": "https://www.woolworths.com.au/shop/productdetails/262265/old-el-paso-taco-soft-crispy-chicken-dinner-kit",
        "imgName": "262265.jpg",
        "imgSrc": "https://cdn0.woolworths.media/content/wowproductimages/medium/262265.jpg",
        "name": "Old El Paso Taco Soft Crispy Chicken Dinner Kit 370g",
        "price": 4.75,
        "unitPrice": "$1.28 / 100G"
    },
    {
        "category": "specials",
        "href": "https://www.woolworths.com.au/shop/productdetails/259147/babylove-cosifit-bulk-nappies-toddler-9-14kg",
        "imgName": "259147.jpg",
        "imgSrc": "https://cdn0.woolworths.media/content/wowproductimages/medium/259147.jpg",
        "name": "Babylove Cosifit Bulk Nappies Toddler 9-14kg 36pk",
        "price": 14,
        "special": 12,
        "unitPrice": "$0.33 / 1EA"
    },
    {
        "category": "specials",
        "href": "https://www.woolworths.com.au/shop/productdetails/281259/kellogg-s-fun-pack-assorted-cereals",
        "imgName": "281259.jpg",
        "imgSrc": "https://cdn0.woolworths.media/content/wowproductimages/medium/281259.jpg",
        "name": "Kellogg's Fun Pack Assorted Cereals 6pk 170g",
        "price": 6,
        "special": 5,
        "unitPrice": "$2.94 / 100G"
    },
    {
        "category": "specials",
        "href": "https://www.woolworths.com.au/shop/productdetails/293821/kettle-multipack-sea-salt",
        "imgName": "293821.jpg",
        "imgSrc": "https://cdn0.woolworths.media/content/wowproductimages/medium/293821.jpg",
        "name": "Kettle Multipack Sea Salt 5pk 92g",
        "price": 3.19,
        "unitPrice": "$3.47 / 100G"
    },
    {
        "category": "specials",
        "href": "https://www.woolworths.com.au/shop/productdetails/291188/rafferty-s-garden-food-4-months-pumpkin-apple-sweetcorn",
        "imgName": "291188.jpg",
        "imgSrc": "https://cdn0.woolworths.media/content/wowproductimages/medium/291188.jpg",
        "name": "Rafferty's Garden Food 4 Months+ Pumpkin, Apple & Sweetcorn 120g",
        "price": 1.65,
        "unitPrice": "$1.38 / 100G"
    },
    {
        "category": "specials",
        "href": "https://www.woolworths.com.au/shop/productdetails/322292/nature-s-own-odourless-fish-oil-high-strength-1500mg",
        "imgName": "322292.jpg",
        "imgSrc": "https://cdn0.woolworths.media/content/wowproductimages/medium/322292.jpg",
        "name": "Nature's Own Odourless Fish Oil High Strength 1500mg 200pk",
        "price": 15,
        "unitPrice": "$7.50 / 100EA"
    },
    {
        "category": "specials",
        "href": "https://www.woolworths.com.au/shop/productdetails/322971/bic-shaver-razor-disposable-sensitive",
        "imgName": "322971.jpg",
        "imgSrc": "https://cdn0.woolworths.media/content/wowproductimages/medium/322971.jpg",
        "name": "Bic Shaver Razor Disposable Sensitive 20pk",
        "price": 6.8,
        "special": 5,
        "unitPrice": "$0.25 / 1EA"
    },
    {
        "category": "specials",
        "href": "https://www.woolworths.com.au/shop/productdetails/353601/raid-insect-spray-one-shot-m-purpose-odourless",
        "imgName": "353601.jpg",
        "imgSrc": "https://cdn0.woolworths.media/content/wowproductimages/medium/353601.jpg",
        "name": "Raid Insect Spray One Shot M/ Purpose Odourless 320g",
        "price": 5.99,
        "special": 5,
        "unitPrice": "$1.56 / 100G"
    },
    {
        "category": "specials",
        "href": "https://www.woolworths.com.au/shop/productdetails/324113/mars-bar-funsize-sharepack",
        "imgName": "324113.jpg",
        "imgSrc": "https://cdn0.woolworths.media/content/wowproductimages/medium/324113.jpg",
        "name": "Mars Bar Funsize Sharepack 20pk 360g",
        "price": 5,
        "unitPrice": "$1.39 / 100G"
    },
    {
        "category": "specials",
        "href": "https://www.woolworths.com.au/shop/productdetails/362475/cottee-s-cordial-orange-no-added-sugar",
        "imgName": "362475.jpg",
        "imgSrc": "https://cdn0.woolworths.media/content/wowproductimages/medium/362475.jpg",
        "name": "Cottee's Cordial Orange No Added Sugar 1l",
        "price": 4.2,
        "special": 3.5,
        "unitPrice": "$3.50 / 1L"
    },
    {
        "category": "specials",
        "href": "https://www.woolworths.com.au/shop/productdetails/372450/only-organic-9-months-mango-yoghurt-brekkie",
        "imgName": "372450.jpg",
        "imgSrc": "https://cdn0.woolworths.media/content/wowproductimages/medium/372450.jpg",
        "name": "Only Organic 9 Months Mango & Yoghurt Brekkie 120g",
        "price": 2,
        "special": 1.5,
        "unitPrice": "$1.25 / 100G"
    },
    {
        "category": "specials",
        "href": "https://www.woolworths.com.au/shop/productdetails/374557/sailor-jerry-rum-spiced-caribbean",
        "imgName": "374557.jpg",
        "imgSrc": "https://cdn0.woolworths.media/content/wowproductimages/medium/374557.jpg",
        "name": "Sailor Jerry Rum Spiced Caribbean 700ml",
        "price": 52,
        "special": 40
    },
    {
        "category": "specials",
        "href": "https://www.woolworths.com.au/shop/productdetails/380447/maybelline-fit-me-concealer-light",
        "imgName": "380447.jpg",
        "imgSrc": "https://cdn0.woolworths.media/content/wowproductimages/medium/380447.jpg",
        "name": "Maybelline Fit Me Concealer Light 6.8ml",
        "price": 14.95,
        "special": 10.45,
        "unitPrice": "$15.37 / 10ML"
    },
    {
        "category": "specials",
        "href": "https://www.woolworths.com.au/shop/productdetails/369451/mccain-healthy-choice-chicken-carbonara",
        "imgName": "369451.jpg",
        "imgSrc": "https://cdn0.woolworths.media/content/wowproductimages/medium/369451.jpg",
        "name": "Mccain Healthy Choice Chicken Carbonara 300g",
        "price": 4,
        "unitPrice": "$1.33 / 100G"
    },
    {
        "category": "specials",
        "href": "https://www.woolworths.com.au/shop/productdetails/370440/moro-extra-light-olive-oil",
        "imgName": "370440.jpg",
        "imgSrc": "https://cdn0.woolworths.media/content/wowproductimages/medium/370440.jpg",
        "name": "Moro Extra Light Olive Oil 1l",
        "price": 14,
        "special": 8,
        "unitPrice": "$0.80 / 100ML"
    },
    {
        "category": "specials",
        "href": "https://www.woolworths.com.au/shop/productdetails/376711/air-wick-plug-in-air-freshener-lavender-refill",
        "imgName": "376711.jpg",
        "imgSrc": "https://cdn0.woolworths.media/content/wowproductimages/medium/376711.jpg",
        "name": "Air Wick Plug-in Air Freshener Lavender Refill 2x21ml",
        "price": 9.99,
        "unitPrice": "$2.38 / 10ML"
    },
    {
        "category": "specials",
        "href": "https://www.woolworths.com.au/shop/productdetails/446457/cadbury-party-mix",
        "imgName": "446457.jpg",
        "imgSrc": "https://cdn0.woolworths.media/content/wowproductimages/medium/446457.jpg",
        "name": "Cadbury Party Mix  160g bag",
        "price": 4,
        "special": 3,
        "unitPrice": "$1.88 / 100G"
    },
    {
        "category": "specials",
        "href": "https://www.woolworths.com.au/shop/productdetails/362687/heinz-simply-food-4-months-apple-peach-mango",
        "imgName": "362687.jpg",
        "imgSrc": "https://cdn0.woolworths.media/content/wowproductimages/medium/362687.jpg",
        "name": "Heinz Simply Food 4 Months Apple Peach & Mango 120g",
        "price": 1.5,
        "unitPrice": "$1.25 / 100G"
    },
    {
        "category": "specials",
        "href": "https://www.woolworths.com.au/shop/productdetails/366111/gotzinger-kransky-cheese",
        "imgName": "366111.jpg",
        "imgSrc": "https://cdn0.woolworths.media/content/wowproductimages/medium/366111.jpg",
        "name": "Gotzinger Kransky Cheese 400g",
        "price": 8.5,
        "special": 7,
        "unitPrice": "$17.50 / 1KG"
    },
    {
        "category": "specials",
        "href": "https://www.woolworths.com.au/shop/productdetails/368684/schick-shave-gel-hydro-sensitive",
        "imgName": "368684.jpg",
        "imgSrc": "https://cdn0.woolworths.media/content/wowproductimages/medium/368684.jpg",
        "name": "Schick Shave Gel Hydro Sensitive 236g",
        "price": 6,
        "special": 3,
        "unitPrice": "$1.26 / 100G"
    },
    {
        "category": "specials",
        "href": "https://www.woolworths.com.au/shop/productdetails/362446/cottee-s-cordial-raspberry",
        "imgName": "362446.jpg",
        "imgSrc": "https://cdn0.woolworths.media/content/wowproductimages/medium/362446.jpg",
        "name": "Cottee's Cordial Raspberry 1l",
        "price": 4.2,
        "special": 3.5,
        "unitPrice": "$3.50 / 1L"
    },
    {
        "category": "specials",
        "href": "https://www.woolworths.com.au/shop/productdetails/368681/home-essentials-kitchen-gadget-bamboo-chopping-board-30x20cm",
        "imgName": "368681.jpg",
        "imgSrc": "https://cdn0.woolworths.media/content/wowproductimages/medium/368681.jpg",
        "name": "Home Essentials Kitchen Gadget Bamboo Chopping Board 30x20cm each",
        "price": 10
    },
    {
        "category": "specials",
        "href": "https://www.woolworths.com.au/shop/productdetails/442169/mountain-dew-soft-drink-cans",
        "imgName": "442169.jpg",
        "imgSrc": "https://cdn0.woolworths.media/content/wowproductimages/medium/442169.jpg",
        "name": "Mountain Dew Soft Drink Cans 10x375ml pack",
        "price": 12.6,
        "special": 7.4,
        "unitPrice": "$1.97 / 1L"
    },
    {
        "category": "specials",
        "href": "https://www.woolworths.com.au/shop/productdetails/347949/dettol-no-touch-hand-wash-refill-hydrating-cucumber-melon",
        "imgName": "347949.jpg",
        "imgSrc": "https://cdn0.woolworths.media/content/wowproductimages/medium/347949.jpg",
        "name": "Dettol No Touch Hand Wash Refill Hydrating Cucumber & Melon 250ml",
        "price": 5,
        "unitPrice": "$2.00 / 100ML"
    },
    {
        "category": "specials",
        "href": "https://www.woolworths.com.au/shop/productdetails/360071/optimum-adult-dog-food-beef-vegetable-rice",
        "imgName": "360071.jpg",
        "imgSrc": "https://cdn0.woolworths.media/content/wowproductimages/medium/360071.jpg",
        "name": "Optimum Adult Dog Food Beef Vegetable & Rice 3kg",
        "price": 17.3,
        "special": 14,
        "unitPrice": "$0.47 / 100G"
    },
    {
        "category": "specials",
        "href": "https://www.woolworths.com.au/shop/productdetails/328783/nivea-anti-perspirant-deodorant-roll-on-silver-protection",
        "imgName": "328783.jpg",
        "imgSrc": "https://cdn0.woolworths.media/content/wowproductimages/medium/328783.jpg",
        "name": "Nivea Anti Perspirant Deodorant Roll On Silver Protection 50ml",
        "price": 3.5,
        "unitPrice": "$7.00 / 100ML"
    },
    {
        "category": "specials",
        "href": "https://www.woolworths.com.au/shop/productdetails/328822/woolworths-banana-bread-slices",
        "imgName": "328822.jpg",
        "imgSrc": "https://cdn0.woolworths.media/content/wowproductimages/medium/328822.jpg",
        "name": "Woolworths Banana Bread Slices 5pk 500g",
        "price": 5,
        "unitPrice": "$1.00 / 100G"
    },
    {
        "category": "specials",
        "href": "https://www.woolworths.com.au/shop/productdetails/339362/ajax-spray-n-wipe-bathroom",
        "imgName": "339362.jpg",
        "imgSrc": "https://cdn0.woolworths.media/content/wowproductimages/medium/339362.jpg",
        "name": "Ajax Spray N Wipe Bathroom 500ml",
        "price": 3,
        "unitPrice": "$0.60 / 100ML"
    },
    {
        "category": "specials",
        "href": "https://www.woolworths.com.au/shop/productdetails/425217/olsent-light-globe-gu5-3-6w-450lm",
        "imgName": "425217.jpg",
        "imgSrc": "https://cdn0.woolworths.media/content/wowproductimages/medium/425217.jpg",
        "name": "Olsent Light Globe Gu5.3 6w 450lm each",
        "price": 19,
        "unitPrice": "$4.75 / 1EA"
    },
    {
        "category": "specials",
        "href": "https://www.woolworths.com.au/shop/productdetails/381207/palmolive-naturals-body-wash-milk-honey",
        "imgName": "381207.jpg",
        "imgSrc": "https://cdn0.woolworths.media/content/wowproductimages/medium/381207.jpg",
        "name": "Palmolive Naturals Body Wash Milk & Honey 1l",
        "price": 8.5,
        "special": 7,
        "unitPrice": "$0.70 / 100ML"
    },
    {
        "category": "specials",
        "href": "https://www.woolworths.com.au/shop/productdetails/463191/sunsilk-conditioner-addictive-brilliant-shine",
        "imgName": "463191.jpg",
        "imgSrc": "https://cdn0.woolworths.media/content/wowproductimages/medium/463191.jpg",
        "name": "Sunsilk Conditioner Addictive Brilliant Shine 700ml",
        "price": 10,
        "special": 7,
        "unitPrice": "$1.00 / 100ML"
    },
    {
        "category": "specials",
        "href": "https://www.woolworths.com.au/shop/productdetails/452569/praline-bag-assorted",
        "imgName": "452569.jpg",
        "imgSrc": "https://cdn0.woolworths.media/content/wowproductimages/medium/452569.jpg",
        "name": "Praline Bag Assorted 800g",
        "price": 10,
        "special": 8,
        "unitPrice": "$1.00 / 100G"
    },
    {
        "category": "specials",
        "href": "https://www.woolworths.com.au/shop/productdetails/452266/the-spice-tailor-classic-butter-chicken",
        "imgName": "452266.jpg",
        "imgSrc": "https://cdn0.woolworths.media/content/wowproductimages/medium/452266.jpg",
        "name": "The Spice Tailor Classic Butter Chicken  300g",
        "price": 5.5,
        "special": 4.4,
        "unitPrice": "$1.47 / 100G"
    },
    {
        "category": "specials",
        "href": "https://www.woolworths.com.au/shop/productdetails/466087/suimin-noodle-bowl-chicken-cashew-nut",
        "imgName": "466087.jpg",
        "imgSrc": "https://cdn0.woolworths.media/content/wowproductimages/medium/466087.jpg",
        "name": "Suimin Noodle Bowl Chicken Cashew Nut 90g",
        "price": 2,
        "special": 1,
        "unitPrice": "$1.11 / 100G"
    },
    {
        "category": "specials",
        "href": "https://www.woolworths.com.au/shop/productdetails/422800/jack-daniel-s-tennessee-fire-whiskey-cinnamon-liqueur",
        "imgName": "422800.jpg",
        "imgSrc": "https://cdn0.woolworths.media/content/wowproductimages/medium/422800.jpg",
        "name": "Jack Daniel's Tennessee Fire Whiskey Cinnamon Liqueur 700ml bottle",
        "price": 51,
        "special": 40
    },
    {
        "category": "specials",
        "href": "https://www.woolworths.com.au/shop/productdetails/498306/organix-goodies-12-months-saucy-tomato-noughts-crosses",
        "imgName": "498306.jpg",
        "imgSrc": "https://cdn0.woolworths.media/content/wowproductimages/medium/498306.jpg",
        "name": "Organix Goodies 12 Months+ Saucy Tomato Noughts & Crosses 15g bag",
        "price": 2,
        "special": 1.5,
        "unitPrice": "$10.00 / 100G"
    },
    {
        "category": "specials",
        "href": "https://www.woolworths.com.au/shop/productdetails/519071/farmers-market-dog-food-beef-farm-vegetables",
        "imgName": "519071.jpg",
        "imgSrc": "https://cdn0.woolworths.media/content/wowproductimages/medium/519071.jpg",
        "name": "Farmers Market Dog Food Beef & Farm Vegetables 6.8kg",
        "price": 35,
        "special": 21,
        "unitPrice": "$0.31 / 100G"
    },
    {
        "category": "specials",
        "href": "https://www.woolworths.com.au/shop/productdetails/490001/nestle-bakers-choice-milk-choc-melts",
        "imgName": "490001.jpg",
        "imgSrc": "https://cdn0.woolworths.media/content/wowproductimages/medium/490001.jpg",
        "name": "Nestle Bakers' Choice Milk Choc Melts  290g",
        "price": 3.85,
        "special": 3,
        "unitPrice": "$1.03 / 100G"
    },
    {
        "category": "specials",
        "href": "https://www.woolworths.com.au/shop/productdetails/501307/gu-new-york-cheesecake",
        "imgName": "501307.jpg",
        "imgSrc": "https://cdn0.woolworths.media/content/wowproductimages/medium/501307.jpg",
        "name": "Gu New York Cheesecake  2pk 160g",
        "price": 5,
        "unitPrice": "$3.13 / 100G"
    },
    {
        "category": "specials",
        "href": "https://www.woolworths.com.au/shop/productdetails/516942/supercoat-adult-dog-food-active",
        "imgName": "516942.jpg",
        "imgSrc": "https://cdn0.woolworths.media/content/wowproductimages/medium/516942.jpg",
        "name": "Supercoat Adult Dog Food Active 7.5kg",
        "price": 24,
        "special": 18,
        "unitPrice": "$0.24 / 100G"
    },
    {
        "category": "specials",
        "href": "https://www.woolworths.com.au/shop/productdetails/516951/supercoat-adult-dog-food-healthy-weight",
        "imgName": "516951.jpg",
        "imgSrc": "https://cdn0.woolworths.media/content/wowproductimages/medium/516951.jpg",
        "name": "Supercoat Adult Dog Food Healthy Weight 7.5kg",
        "price": 24,
        "special": 18,
        "unitPrice": "$0.24 / 100G"
    },
    {
        "category": "specials",
        "href": "https://www.woolworths.com.au/shop/productdetails/516956/fuji-enviromax-super-alkaline-aaa-battery",
        "imgName": "516956.jpg",
        "imgSrc": "https://cdn0.woolworths.media/content/wowproductimages/medium/516956.jpg",
        "name": "Fuji Enviromax Super Alkaline Aaa Battery  10pk",
        "price": 9,
        "special": 4.5,
        "unitPrice": "$0.45 / 1EA"
    },
    {
        "category": "specials",
        "href": "https://www.woolworths.com.au/shop/productdetails/609020/dove-shampoo-daily-care",
        "imgName": "609020.jpg",
        "imgSrc": "https://cdn0.woolworths.media/content/wowproductimages/medium/609020.jpg",
        "name": "Dove Shampoo Daily Care 320ml",
        "price": 7,
        "special": 3.5,
        "unitPrice": "$1.09 / 100ML"
    },
    {
        "category": "specials",
        "href": "https://www.woolworths.com.au/shop/productdetails/415385/woolworths-instant-soup-sweet-potato-carrot-chilli-with-croutons",
        "imgName": "415385.jpg",
        "imgSrc": "https://cdn0.woolworths.media/content/wowproductimages/medium/415385.jpg",
        "name": "Woolworths Instant Soup Sweet Potato, Carrot & Chilli  With Croutons 60g",
        "price": 1,
        "unitPrice": "$1.67 / 100G"
    },
    {
        "category": "specials",
        "href": "https://www.woolworths.com.au/shop/productdetails/452267/the-spice-tailor-original-tikka-masala",
        "imgName": "452267.jpg",
        "imgSrc": "https://cdn0.woolworths.media/content/wowproductimages/medium/452267.jpg",
        "name": "The Spice Tailor Original Tikka Masala  300g",
        "price": 5.5,
        "special": 4.4,
        "unitPrice": "$1.47 / 100G"
    },
    {
        "category": "specials",
        "href": "https://www.woolworths.com.au/shop/productdetails/508635/brunnings-wasp-ant-dust",
        "imgName": "508635.jpg",
        "imgSrc": "https://cdn0.woolworths.media/content/wowproductimages/medium/508635.jpg",
        "name": "Brunnings Wasp & Ant Dust  500g",
        "price": 9.98,
        "special": 7,
        "unitPrice": "$1.40 / 100G"
    },
    {
        "category": "specials",
        "href": "https://www.woolworths.com.au/shop/productdetails/479501/pringles-potato-chips-original",
        "imgName": "479501.jpg",
        "imgSrc": "https://cdn0.woolworths.media/content/wowproductimages/medium/479501.jpg",
        "name": "Pringles Potato Chips Original 134g",
        "price": 4,
        "special": 2,
        "unitPrice": "$1.49 / 100G"
    },
    {
        "category": "specials",
        "href": "https://www.woolworths.com.au/shop/productdetails/436120/corelle-bread-butter-plate",
        "imgName": "436120.jpg",
        "imgSrc": "https://cdn0.woolworths.media/content/wowproductimages/medium/436120.jpg",
        "name": "Corelle Bread & Butter Plate 17cm",
        "price": 5,
        "special": 3.5
    },
    {
        "category": "specials",
        "href": "https://www.woolworths.com.au/shop/productdetails/437002/wicked-sister-premium-custard-madagascan-vanilla-bean",
        "imgName": "437002.jpg",
        "imgSrc": "https://cdn0.woolworths.media/content/wowproductimages/medium/437002.jpg",
        "name": "Wicked Sister Premium Custard Madagascan Vanilla Bean 500g",
        "price": 5,
        "special": 4,
        "unitPrice": "$0.80 / 100G"
    },
    {
        "category": "specials",
        "href": "https://www.woolworths.com.au/shop/productdetails/378034/cheezels-multipack-6pk",
        "imgName": "378034.jpg",
        "imgSrc": "https://cdn0.woolworths.media/content/wowproductimages/medium/378034.jpg",
        "name": "Cheezels Multipack 6pk 114g",
        "price": 3.19,
        "unitPrice": "$2.80 / 100G"
    },
    {
        "category": "specials",
        "href": "https://www.woolworths.com.au/shop/productdetails/475333/surf-liquid-tropical-lily",
        "imgName": "475333.jpg",
        "imgSrc": "https://cdn0.woolworths.media/content/wowproductimages/medium/475333.jpg",
        "name": "Surf Liquid Tropical Lily 4l",
        "price": 15,
        "unitPrice": "$3.75 / 1L"
    },
    {
        "category": "specials",
        "href": "https://www.woolworths.com.au/shop/productdetails/509892/my-mini-mixi-q-blind-bags",
        "imgName": "509892.jpg",
        "imgSrc": "https://cdn0.woolworths.media/content/wowproductimages/medium/509892.jpg",
        "name": "My Mini Mixi Q Blind Bags each",
        "price": 3,
        "special": 2
    },
    {
        "category": "specials",
        "href": "https://www.woolworths.com.au/shop/productdetails/417057/essentials-mesh-scourer-non-scratch",
        "imgName": "417057.jpg",
        "imgSrc": "https://cdn0.woolworths.media/content/wowproductimages/medium/417057.jpg",
        "name": "Essentials Mesh Scourer Non Scratch 5pk",
        "price": 1.99,
        "unitPrice": "$0.40 / 1EA"
    },
    {
        "category": "specials",
        "href": "https://www.woolworths.com.au/shop/productdetails/457276/woolworths-olives-stuffed-with-creamy-fetta",
        "imgName": "457276.jpg",
        "imgSrc": "https://cdn0.woolworths.media/content/wowproductimages/medium/457276.jpg",
        "name": "Woolworths Olives Stuffed With Creamy Fetta per kg",
        "price": 19.95,
        "unitPrice": "$19.95 / 1KG"
    },
    {
        "category": "specials",
        "href": "https://www.woolworths.com.au/shop/productdetails/477608/dine-daily-cat-food-succulent-chicken-slices",
        "imgName": "477608.jpg",
        "imgSrc": "https://cdn0.woolworths.media/content/wowproductimages/medium/477608.jpg",
        "name": "Dine Daily Cat Food Succulent Chicken Slices 595g",
        "price": 7.15,
        "special": 5,
        "unitPrice": "$0.84 / 100G"
    },
    {
        "category": "specials",
        "href": "https://www.woolworths.com.au/shop/productdetails/500660/baby-u-goat-milk-body-wash",
        "imgName": "500660.jpg",
        "imgSrc": "https://cdn0.woolworths.media/content/wowproductimages/medium/500660.jpg",
        "name": "Baby U Goat Milk Body Wash 250ml",
        "price": 9,
        "special": 7,
        "unitPrice": "$2.80 / 100ML"
    },
    {
        "category": "specials",
        "href": "https://www.woolworths.com.au/shop/productdetails/478164/freedom-foods-crafted-blend-clusters-berries-and-coconut",
        "imgName": "478164.jpg",
        "imgSrc": "https://cdn0.woolworths.media/content/wowproductimages/medium/478164.jpg",
        "name": "Freedom Foods Crafted Blend Clusters Berries And Coconut 350g",
        "price": 5.5,
        "special": 3.5,
        "unitPrice": "$1.00 / 100G"
    },
    {
        "category": "specials",
        "href": "https://www.woolworths.com.au/shop/productdetails/494115/waxworks-citronella-candle-in-metal-bucket",
        "imgName": "494115.jpg",
        "imgSrc": "https://cdn0.woolworths.media/content/wowproductimages/medium/494115.jpg",
        "name": "Waxworks Citronella Candle In Metal Bucket 13cm each",
        "price": 9.99,
        "special": 7.99
    },
    {
        "category": "specials",
        "href": "https://www.woolworths.com.au/shop/productdetails/545290/dynamo-ultra-professional-front-top-laundry-liquid",
        "imgName": "545290.jpg",
        "imgSrc": "https://cdn0.woolworths.media/content/wowproductimages/medium/545290.jpg",
        "name": "Dynamo Ultra Professional Front & Top Laundry Liquid 1.8l",
        "price": 17.5,
        "special": 8.75,
        "unitPrice": "$4.86 / 1L"
    },
    {
        "category": "specials",
        "href": "https://www.woolworths.com.au/shop/productdetails/546292/cold-power-regular-front-top-liquid-capsules",
        "imgName": "546292.jpg",
        "imgSrc": "https://cdn0.woolworths.media/content/wowproductimages/medium/546292.jpg",
        "name": "Cold Power Regular Front & Top Liquid Capsules 18pk",
        "price": 12,
        "special": 6,
        "unitPrice": "$0.33 / 1EA"
    },
    {
        "category": "specials",
        "href": "https://www.woolworths.com.au/shop/productdetails/539305/fancy-feast-wet-adult-cat-food-beef-fillet",
        "imgName": "539305.jpg",
        "imgSrc": "https://cdn0.woolworths.media/content/wowproductimages/medium/539305.jpg",
        "name": "Fancy Feast Wet Adult Cat Food Beef Fillet 85g",
        "price": 1.2,
        "special": 0.9,
        "unitPrice": "$1.06 / 100G"
    },
    {
        "category": "specials",
        "href": "https://www.woolworths.com.au/shop/productdetails/541311/moccona-caffitaly-coffee-capsules-intense-roast",
        "imgName": "541311.jpg",
        "imgSrc": "https://cdn0.woolworths.media/content/wowproductimages/medium/541311.jpg",
        "name": "Moccona Caffitaly Coffee Capsules Intense Roast 10pk 80g",
        "price": 5.5,
        "special": 4,
        "unitPrice": "$5.00 / 100G"
    },
    {
        "category": "specials",
        "href": "https://www.woolworths.com.au/shop/productdetails/543780/obela-tzatziki-dip-beetroot-feta",
        "imgName": "543780.jpg",
        "imgSrc": "https://cdn0.woolworths.media/content/wowproductimages/medium/543780.jpg",
        "name": "Obela Tzatziki Dip Beetroot & Feta 220g",
        "price": 4.4,
        "special": 4,
        "unitPrice": "$1.82 / 100G"
    },
    {
        "category": "specials",
        "href": "https://www.woolworths.com.au/shop/productdetails/626247/mars-celebrations-tub",
        "imgName": "626247.jpg",
        "imgSrc": "https://cdn0.woolworths.media/content/wowproductimages/medium/626247.jpg",
        "name": "Mars Celebrations Tub  692g",
        "price": 12.5,
        "special": 11.5,
        "unitPrice": "$1.66 / 100G"
    },
    {
        "category": "specials",
        "href": "https://www.woolworths.com.au/shop/productdetails/503674/neutrogena-micellar-gel-to-foam-dry-skin",
        "imgName": "503674.jpg",
        "imgSrc": "https://cdn0.woolworths.media/content/wowproductimages/medium/503674.jpg",
        "name": "Neutrogena Micellar Gel To Foam Dry Skin 142ml",
        "price": 17,
        "special": 10.2,
        "unitPrice": "$7.18 / 100ML"
    },
    {
        "category": "specials",
        "href": "https://www.woolworths.com.au/shop/productdetails/622358/maybelline-fit-me-matte-and-poreless-foundation-porcelain",
        "imgName": "622358.jpg",
        "imgSrc": "https://cdn0.woolworths.media/content/wowproductimages/medium/622358.jpg",
        "name": "Maybelline Fit Me Matte And Poreless Foundation Porcelain 30ml",
        "price": 19.95,
        "special": 13.9,
        "unitPrice": "$4.63 / 10ML"
    },
    {
        "category": "specials",
        "href": "https://www.woolworths.com.au/shop/productdetails/645103/johnnie-walker-18yo-scotch-whisky",
        "imgName": "645103.jpg",
        "imgSrc": "https://cdn0.woolworths.media/content/wowproductimages/medium/645103.jpg",
        "name": "Johnnie Walker 18yo Scotch Whisky  700ml",
        "price": 125,
        "special": 95
    },
    {
        "category": "specials",
        "href": "https://www.woolworths.com.au/shop/productdetails/516915/supercoat-adult-dog-food-large-breed",
        "imgName": "516915.jpg",
        "imgSrc": "https://cdn0.woolworths.media/content/wowproductimages/medium/516915.jpg",
        "name": "Supercoat Adult Dog Food Large Breed 7.5kg",
        "price": 24,
        "special": 18,
        "unitPrice": "$0.24 / 100G"
    },
    {
        "category": "specials",
        "href": "https://www.woolworths.com.au/shop/productdetails/690093/woolworths-green-tea",
        "imgName": "690093.jpg",
        "imgSrc": "https://cdn0.woolworths.media/content/wowproductimages/medium/690093.jpg",
        "name": "Woolworths Green Tea 50pk 75g",
        "price": 2.3,
        "unitPrice": "$3.07 / 100G"
    },
    {
        "category": "specials",
        "href": "https://www.woolworths.com.au/shop/productdetails/694353/woolworths-select-hot-chocolate",
        "imgName": "694353.jpg",
        "imgSrc": "https://cdn0.woolworths.media/content/wowproductimages/medium/694353.jpg",
        "name": "Woolworths Select Hot Chocolate  10pk 200g",
        "price": 3.5,
        "unitPrice": "$1.75 / 100G"
    },
    {
        "category": "specials",
        "href": "https://www.woolworths.com.au/shop/productdetails/657424/fab-laundry-powder-sunshine-fresh",
        "imgName": "657424.jpg",
        "imgSrc": "https://cdn0.woolworths.media/content/wowproductimages/medium/657424.jpg",
        "name": "Fab Laundry Powder Sunshine Fresh 2kg",
        "price": 7,
        "special": 5,
        "unitPrice": "$2.50 / 1KG"
    },
    {
        "category": "specials",
        "href": "https://www.woolworths.com.au/shop/productdetails/634313/baby-mum-mum-organic-rice-rusk-sweet-potato-carrot",
        "imgName": "634313.jpg",
        "imgSrc": "https://cdn0.woolworths.media/content/wowproductimages/medium/634313.jpg",
        "name": "Baby Mum Mum Organic Rice Rusk Sweet Potato & Carrot 18pk 36g",
        "price": 3,
        "special": 2.5,
        "unitPrice": "$6.94 / 100G"
    },
    {
        "category": "specials",
        "href": "https://www.woolworths.com.au/shop/productdetails/634866/mars-mixed-stocking",
        "imgName": "634866.jpg",
        "imgSrc": "https://cdn0.woolworths.media/content/wowproductimages/medium/634866.jpg",
        "name": "Mars Mixed Stocking  187g",
        "price": 5,
        "special": 4
    },
    {
        "category": "specials",
        "href": "https://www.woolworths.com.au/shop/productdetails/701731/kellogg-s-froot-loops",
        "imgName": "701731.jpg",
        "imgSrc": "https://cdn0.woolworths.media/content/wowproductimages/medium/701731.jpg",
        "name": "Kellogg's Froot Loops  500g",
        "price": 7.99,
        "special": 6,
        "unitPrice": "$1.20 / 100G"
    },
    {
        "category": "specials",
        "href": "https://www.woolworths.com.au/shop/productdetails/720985/heinz-food-8-months-beef-vegetable-casserole",
        "imgName": "720985.jpg",
        "imgSrc": "https://cdn0.woolworths.media/content/wowproductimages/medium/720985.jpg",
        "name": "Heinz Food 8 Months+ Beef & Vegetable Casserole 170g",
        "price": 1.5,
        "unitPrice": "$0.88 / 100G"
    },
    {
        "category": "specials",
        "href": "https://www.woolworths.com.au/shop/productdetails/539965/susan-day-cake-chocolate-sponge-roll",
        "imgName": "539965.jpg",
        "imgSrc": "https://cdn0.woolworths.media/content/wowproductimages/medium/539965.jpg",
        "name": "Susan Day Cake Chocolate Sponge Roll 400g",
        "price": 2.5,
        "special": 2,
        "unitPrice": "$0.50 / 100G"
    },
    {
        "category": "specials",
        "href": "https://www.woolworths.com.au/shop/productdetails/541312/moccona-caffitaly-coffee-capsules-medium-roast",
        "imgName": "541312.jpg",
        "imgSrc": "https://cdn0.woolworths.media/content/wowproductimages/medium/541312.jpg",
        "name": "Moccona Caffitaly Coffee Capsules Medium Roast 10pk 80g",
        "price": 5.5,
        "special": 4,
        "unitPrice": "$5.00 / 100G"
    },
    {
        "category": "specials",
        "href": "https://www.woolworths.com.au/shop/productdetails/545660/cold-power-regular-front-top-liquid",
        "imgName": "545660.jpg",
        "imgSrc": "https://cdn0.woolworths.media/content/wowproductimages/medium/545660.jpg",
        "name": "Cold Power Regular Front & Top Liquid 1l",
        "price": 10,
        "special": 5,
        "unitPrice": "$5.00 / 1L"
    },
    {
        "category": "specials",
        "href": "https://www.woolworths.com.au/shop/productdetails/590283/optus-4g-optus-x-smart",
        "imgName": "590283.jpg",
        "imgSrc": "https://cdn0.woolworths.media/content/wowproductimages/medium/590283.jpg",
        "name": "Optus 4g Optus X Smart 1ea",
        "price": 129,
        "special": 89
    },
    {
        "category": "specials",
        "href": "https://www.woolworths.com.au/shop/productdetails/586823/grain-waves-sweet-chilli",
        "imgName": "586823.jpg",
        "imgSrc": "https://cdn0.woolworths.media/content/wowproductimages/medium/586823.jpg",
        "name": "Grain Waves Sweet Chilli  210g",
        "price": 4,
        "special": 2,
        "unitPrice": "$0.95 / 100G"
    },
    {
        "category": "specials",
        "href": "https://www.woolworths.com.au/shop/productdetails/629574/luxury-choc-coated-gingerbread-stars-tin",
        "imgName": "629574.jpg",
        "imgSrc": "https://cdn0.woolworths.media/content/wowproductimages/medium/629574.jpg",
        "name": "Luxury Choc Coated Gingerbread Stars Tin 400g",
        "price": 10,
        "special": 5,
        "unitPrice": "$1.25 / 100G"
    },
    {
        "category": "specials",
        "href": "https://www.woolworths.com.au/shop/productdetails/629911/thankyou-jumbo-nappies-toddler-10-15kg",
        "imgName": "629911.jpg",
        "imgSrc": "https://cdn0.woolworths.media/content/wowproductimages/medium/629911.jpg",
        "name": "Thankyou Jumbo Nappies Toddler 10-15kg 72ea",
        "price": 33,
        "special": 25,
        "unitPrice": "$0.35 / 1EA"
    },
    {
        "category": "specials",
        "href": "https://www.woolworths.com.au/shop/productdetails/639532/the-australian-women-s-a5-2018-health-diary",
        "imgName": "639532.jpg",
        "imgSrc": "https://cdn0.woolworths.media/content/wowproductimages/medium/639532.jpg",
        "name": "The Australian Women's A5 2018 Health Diary each",
        "price": 18.95,
        "special": 15.15
    },
    {
        "category": "specials",
        "href": "https://www.woolworths.com.au/shop/productdetails/640248/abe-s-bagel-bakery-bagel-bites-vegemite",
        "imgName": "640248.jpg",
        "imgSrc": "https://cdn0.woolworths.media/content/wowproductimages/medium/640248.jpg",
        "name": "Abe's Bagel Bakery Bagel Bites Vegemite 8pk 120g",
        "price": 4,
        "special": 3,
        "unitPrice": "$2.50 / 100G"
    },
    {
        "category": "specials",
        "href": "https://www.woolworths.com.au/shop/productdetails/626243/yumi-s-roasted-capsicum-cashew-dip",
        "imgName": "626243.jpg",
        "imgSrc": "https://cdn0.woolworths.media/content/wowproductimages/medium/626243.jpg",
        "name": "Yumi's Roasted Capsicum & Cashew Dip 200g",
        "price": 4,
        "special": 3,
        "unitPrice": "$1.50 / 100G"
    },
    {
        "category": "specials",
        "href": "https://www.woolworths.com.au/shop/productdetails/659585/optimum-grain-free-beef-with-vegetables-dry-dog-food",
        "imgName": "659585.jpg",
        "imgSrc": "https://cdn0.woolworths.media/content/wowproductimages/medium/659585.jpg",
        "name": "Optimum Grain Free Beef With Vegetables Dry Dog Food 2.5kg",
        "price": 17.3,
        "special": 14,
        "unitPrice": "$0.56 / 100G"
    },
    {
        "category": "specials",
        "href": "https://www.woolworths.com.au/shop/productdetails/660320/bonds-womens-sneaker-socks-4pk",
        "imgName": "660320.jpg",
        "imgSrc": "https://cdn0.woolworths.media/content/wowproductimages/medium/660320.jpg",
        "name": "Bonds Womens Sneaker Socks 4pk 1ea",
        "price": 14,
        "special": 7
    },
    {
        "category": "specials",
        "href": "https://www.woolworths.com.au/shop/productdetails/661634/dove-restoring-ritual-shampoo",
        "imgName": "661634.jpg",
        "imgSrc": "https://cdn0.woolworths.media/content/wowproductimages/medium/661634.jpg",
        "name": "Dove Restoring Ritual Shampoo 320ml",
        "price": 7,
        "special": 3.5,
        "unitPrice": "$1.09 / 100ML"
    },
    {
        "category": "specials",
        "href": "https://www.woolworths.com.au/shop/productdetails/702540/lynx-for-men-antiperspirant-aerosol-deodorant-spray-africa",
        "imgName": "702540.jpg",
        "imgSrc": "https://cdn0.woolworths.media/content/wowproductimages/medium/702540.jpg",
        "name": "Lynx For Men Antiperspirant Aerosol Deodorant Spray Africa 160ml",
        "price": 6,
        "special": 4,
        "unitPrice": "$2.50 / 100ML"
    },
    {
        "category": "specials",
        "href": "https://www.woolworths.com.au/shop/productdetails/711957/chobani-low-fat-passionfruit-yoghurt",
        "imgName": "711957.jpg",
        "imgSrc": "https://cdn0.woolworths.media/content/wowproductimages/medium/711957.jpg",
        "name": "Chobani Low Fat Passionfruit Yoghurt 170g",
        "price": 2.25,
        "special": 2,
        "unitPrice": "$1.18 / 100G"
    },
    {
        "category": "specials",
        "href": "https://www.woolworths.com.au/shop/productdetails/712407/lynx-for-men-shower-gel-anarchy",
        "imgName": "712407.jpg",
        "imgSrc": "https://cdn0.woolworths.media/content/wowproductimages/medium/712407.jpg",
        "name": "Lynx For Men Shower Gel Anarchy 400ml",
        "price": 6.25,
        "special": 4.3,
        "unitPrice": "$1.08 / 100ML"
    },
    {
        "category": "specials",
        "href": "https://www.woolworths.com.au/shop/productdetails/656713/vodafone-smart-e8",
        "imgName": "656713.jpg",
        "imgSrc": "https://cdn0.woolworths.media/content/wowproductimages/medium/656713.jpg",
        "name": "Vodafone Smart E8 each",
        "price": 89,
        "special": 59
    },
    {
        "category": "specials",
        "href": "https://www.woolworths.com.au/shop/productdetails/510891/glade-2-in-1-candle-fresh-berries-wild-rasberry",
        "imgName": "510891.jpg",
        "imgSrc": "https://cdn0.woolworths.media/content/wowproductimages/medium/510891.jpg",
        "name": "Glade 2 In 1 Candle Fresh Berries & Wild Rasberry 96g",
        "price": 6,
        "unitPrice": "$6.00 / 1EA"
    },
    {
        "category": "specials",
        "href": "https://www.woolworths.com.au/shop/productdetails/441089/steggles-sweet-chilli-chicken-breast-fingers",
        "imgName": "441089.jpg",
        "imgSrc": "https://cdn0.woolworths.media/content/wowproductimages/medium/441089.jpg",
        "name": "Steggles Sweet Chilli Chicken Breast Fingers 400g",
        "price": 6.8,
        "special": 4,
        "unitPrice": "$10.00 / 1KG"
    },
    {
        "category": "specials",
        "href": "https://www.woolworths.com.au/shop/productdetails/460623/rexona-women-antibacterial-defense",
        "imgName": "460623.jpg",
        "imgSrc": "https://cdn0.woolworths.media/content/wowproductimages/medium/460623.jpg",
        "name": "Rexona Women Antibacterial Defense  250ml",
        "price": 7,
        "special": 5,
        "unitPrice": "$2.00 / 100ML"
    },
    {
        "category": "specials",
        "href": "https://www.woolworths.com.au/shop/productdetails/565336/moro-extra-virgin-olive-oil-balsamic-vinegar",
        "imgName": "565336.jpg",
        "imgSrc": "https://cdn0.woolworths.media/content/wowproductimages/medium/565336.jpg",
        "name": "Moro Extra Virgin Olive Oil Balsamic Vinegar 250ml",
        "price": 5.5,
        "special": 3.8,
        "unitPrice": "$1.52 / 100ML"
    },
    {
        "category": "specials",
        "href": "https://www.woolworths.com.au/shop/productdetails/551886/lavazza-prontissimo-intenso-freeze-dried-coffee",
        "imgName": "551886.jpg",
        "imgSrc": "https://cdn0.woolworths.media/content/wowproductimages/medium/551886.jpg",
        "name": "Lavazza Prontissimo Intenso Freeze Dried Coffee 95g",
        "price": 10,
        "special": 7,
        "unitPrice": "$7.37 / 100G"
    },
    {
        "category": "specials",
        "href": "https://www.woolworths.com.au/shop/productdetails/508824/vaalia-kids-breakfast-yoghurt-pouch-blueberry-grain",
        "imgName": "508824.jpg",
        "imgSrc": "https://cdn0.woolworths.media/content/wowproductimages/medium/508824.jpg",
        "name": "Vaalia Kids Breakfast Yoghurt Pouch Blueberry & Grain 140g",
        "price": 1.89,
        "unitPrice": "$1.35 / 100G"
    },
    {
        "category": "specials",
        "href": "https://www.woolworths.com.au/shop/productdetails/663731/brunswick-skinless-and-boneless-sardine",
        "imgName": "663731.jpg",
        "imgSrc": "https://cdn0.woolworths.media/content/wowproductimages/medium/663731.jpg",
        "name": "Brunswick Skinless And Boneless Sardine 125g",
        "price": 3.3,
        "special": 2.5,
        "unitPrice": "$20.00 / 1KG"
    },
    {
        "category": "specials",
        "href": "https://www.woolworths.com.au/shop/productdetails/663923/toshiba-li02-16gb-usb",
        "imgName": "663923.jpg",
        "imgSrc": "https://cdn0.woolworths.media/content/wowproductimages/medium/663923.jpg",
        "name": "Toshiba Li02 16gb Usb  each",
        "price": 16,
        "special": 11
    },
    {
        "category": "specials",
        "href": "https://www.woolworths.com.au/shop/productdetails/629895/thankyou-jumbo-nappies-crawler-6-11kg",
        "imgName": "629895.jpg",
        "imgSrc": "https://cdn0.woolworths.media/content/wowproductimages/medium/629895.jpg",
        "name": "Thankyou Jumbo Nappies Crawler 6-11kg 90ea"
    },
    {
        "category": "specials",
        "href": "https://www.woolworths.com.au/shop/productdetails/630336/della-rosa-pesto-mrgherita-pizza",
        "imgName": "630336.jpg",
        "imgSrc": "https://cdn0.woolworths.media/content/wowproductimages/medium/630336.jpg",
        "name": "Della Rosa Pesto Mrgherita Pizza 460g",
        "price": 6.5,
        "unitPrice": "$1.41 / 100G"
    },
    {
        "category": "specials",
        "href": "https://www.woolworths.com.au/shop/productdetails/638728/flinders-estate-double-cream-brie",
        "imgName": "638728.jpg",
        "imgSrc": "https://cdn0.woolworths.media/content/wowproductimages/medium/638728.jpg",
        "name": "Flinders Estate Double Cream Brie 500g",
        "price": 16,
        "special": 14,
        "unitPrice": "$28.00 / 1KG"
    },
    {
        "category": "specials",
        "href": "https://www.woolworths.com.au/shop/productdetails/654784/s26-gold-alula-junior-2-years-",
        "imgName": "654784.jpg",
        "imgSrc": "https://cdn0.woolworths.media/content/wowproductimages/medium/654784.jpg",
        "name": "S26 Gold Alula Junior 2 Years + 900g",
        "price": 20,
        "special": 16,
        "unitPrice": "$1.78 / 100G"
    },
    {
        "category": "specials",
        "href": "https://www.woolworths.com.au/shop/productdetails/701897/wet-ones-moist-wipes-gentle",
        "imgName": "701897.jpg",
        "imgSrc": "https://cdn0.woolworths.media/content/wowproductimages/medium/701897.jpg",
        "name": "Wet Ones Moist Wipes Gentle 40pk",
        "price": 3.99,
        "special": 3.5,
        "unitPrice": "$0.09 / 1EA"
    },
    {
        "category": "specials",
        "href": "https://www.woolworths.com.au/shop/productdetails/704086/schick-razor-disposable-xtreme-sensitive",
        "imgName": "704086.jpg",
        "imgSrc": "https://cdn0.woolworths.media/content/wowproductimages/medium/704086.jpg",
        "name": "Schick Razor Disposable Xtreme Sensitive 4pk",
        "price": 5,
        "special": 4,
        "unitPrice": "$1.00 / 1EA"
    },
    {
        "category": "specials",
        "href": "https://www.woolworths.com.au/shop/productdetails/705174/schwarzkopf-live-salon-hair-colour-7-1-medium-ash-blond",
        "imgName": "705174.jpg",
        "imgSrc": "https://cdn0.woolworths.media/content/wowproductimages/medium/705174.jpg",
        "name": "Schwarzkopf Live Salon Hair Colour 7.1 Medium Ash Blond ea",
        "price": 14,
        "special": 8.4
    },
    {
        "category": "specials",
        "href": "https://www.woolworths.com.au/shop/productdetails/733574/home-essentials-dinnerware-sml-rectangle-platter-28x14cm",
        "imgName": "733574.jpg",
        "imgSrc": "https://cdn0.woolworths.media/content/wowproductimages/medium/733574.jpg",
        "name": "Home Essentials Dinnerware Sml Rectangle Platter 28x14cm each",
        "price": 8,
        "special": 5
    },
    {
        "category": "specials",
        "href": "https://www.woolworths.com.au/shop/productdetails/744030/homebrand-plasticware-food-storage",
        "imgName": "744030.jpg",
        "imgSrc": "https://cdn0.woolworths.media/content/wowproductimages/medium/744030.jpg",
        "name": "Homebrand Plasticware Food Storage 1l 4pk",
        "price": 2,
        "unitPrice": "$0.50 / 1EA"
    },
    {
        "category": "specials",
        "href": "https://www.woolworths.com.au/shop/productdetails/753871/earth-choice-dishwashing-liquid",
        "imgName": "753871.jpg",
        "imgSrc": "https://cdn0.woolworths.media/content/wowproductimages/medium/753871.jpg",
        "name": "Earth Choice Dishwashing Liquid 900ml",
        "price": 5.34,
        "special": 4.5,
        "unitPrice": "$0.50 / 100ML"
    },
    {
        "category": "specials",
        "href": "https://www.woolworths.com.au/shop/productdetails/724691/dove-go-fresh-body-wash-fresh-touch",
        "imgName": "724691.jpg",
        "imgSrc": "https://cdn0.woolworths.media/content/wowproductimages/medium/724691.jpg",
        "name": "Dove Go Fresh Body Wash Fresh Touch 1l",
        "price": 13.7,
        "special": 10,
        "unitPrice": "$1.00 / 100ML"
    },
    {
        "category": "specials",
        "href": "https://www.woolworths.com.au/shop/productdetails/726202/schwarzkopf-extra-care-conditioner-marrakesh-oil",
        "imgName": "726202.jpg",
        "imgSrc": "https://cdn0.woolworths.media/content/wowproductimages/medium/726202.jpg",
        "name": "Schwarzkopf Extra Care Conditioner Marrakesh Oil 400ml",
        "price": 6.9,
        "special": 3.44,
        "unitPrice": "$0.86 / 100ML"
    },
    {
        "category": "specials",
        "href": "https://www.woolworths.com.au/shop/productdetails/716767/nudie-nothing-but-breakfast-juice",
        "imgName": "716767.jpg",
        "imgSrc": "https://cdn0.woolworths.media/content/wowproductimages/medium/716767.jpg",
        "name": "Nudie Nothing But Breakfast Juice 2l",
        "price": 6.6,
        "special": 5.5,
        "unitPrice": "$2.75 / 1L"
    },
    {
        "category": "specials",
        "href": "https://www.woolworths.com.au/shop/productdetails/716765/optimum-adult-dog-food-with-salmon-rice-vegetables",
        "imgName": "716765.jpg",
        "imgSrc": "https://cdn0.woolworths.media/content/wowproductimages/medium/716765.jpg",
        "name": "Optimum Adult Dog Food With Salmon Rice & Vegetables 100g",
        "price": 1.35,
        "special": 1.1,
        "unitPrice": "$1.10 / 100G"
    },
    {
        "category": "specials",
        "href": "https://www.woolworths.com.au/shop/productdetails/711371/babylove-nappy-pants-jumbo-toddler-9-14kg",
        "imgName": "711371.jpg",
        "imgSrc": "https://cdn0.woolworths.media/content/wowproductimages/medium/711371.jpg",
        "name": "Babylove Nappy Pants Jumbo Toddler 9-14kg 56pk",
        "price": 27,
        "unitPrice": "$0.48 / 1EA"
    },
    {
        "category": "specials",
        "href": "https://www.woolworths.com.au/shop/productdetails/713591/baby-macro-organic-4-months-apple-banana-blueberry",
        "imgName": "713591.jpg",
        "imgSrc": "https://cdn0.woolworths.media/content/wowproductimages/medium/713591.jpg",
        "name": "Baby Macro Organic 4 Months+ Apple Banana & Blueberry 120g",
        "price": 1.5,
        "unitPrice": "$1.25 / 100G"
    },
    {
        "category": "specials",
        "href": "https://www.woolworths.com.au/shop/productdetails/748699/woolworths-select-cups-drinking-200ml",
        "imgName": "748699.jpg",
        "imgSrc": "https://cdn0.woolworths.media/content/wowproductimages/medium/748699.jpg",
        "name": "Woolworths Select Cups Drinking 200ml 20pk",
        "price": 3,
        "special": 2,
        "unitPrice": "$0.10 / 1EA"
    },
    {
        "category": "specials",
        "href": "https://www.woolworths.com.au/shop/productdetails/724633/huggies-ultra-dry-nappies-walker-13-18kg-boy",
        "imgName": "724633.jpg",
        "imgSrc": "https://cdn0.woolworths.media/content/wowproductimages/medium/724633.jpg",
        "name": "Huggies Ultra Dry Nappies Walker 13-18kg Boy 64pk jumbo",
        "price": 33,
        "special": 28,
        "unitPrice": "$0.44 / 1EA"
    },
    {
        "category": "specials",
        "href": "https://www.woolworths.com.au/shop/productdetails/725834/swisse-high-strength-vitamin-c-effervescent",
        "imgName": "725834.jpg",
        "imgSrc": "https://cdn0.woolworths.media/content/wowproductimages/medium/725834.jpg",
        "name": "Swisse High Strength Vitamin C Effervescent 60pk",
        "price": 30,
        "special": 15,
        "unitPrice": "$25.00 / 100EA"
    },
    {
        "category": "specials",
        "href": "https://www.woolworths.com.au/shop/productdetails/697156/homebrand-rice-pops",
        "imgName": "697156.jpg",
        "imgSrc": "https://cdn0.woolworths.media/content/wowproductimages/medium/697156.jpg",
        "name": "Homebrand Rice Pops  400g",
        "price": 2,
        "unitPrice": "$0.50 / 100G"
    },
    {
        "category": "specials",
        "href": "https://www.woolworths.com.au/shop/productdetails/723034/woolworths-select-extra-virgin-olive-oil",
        "imgName": "723034.jpg",
        "imgSrc": "https://cdn0.woolworths.media/content/wowproductimages/medium/723034.jpg",
        "name": "Woolworths Select Extra Virgin Olive Oil 1l",
        "price": 10,
        "special": 9,
        "unitPrice": "$0.90 / 100ML"
    },
    {
        "category": "specials",
        "href": "https://www.woolworths.com.au/shop/productdetails/744518/woolworths-fruit-salad-in-juice",
        "imgName": "744518.jpg",
        "imgSrc": "https://cdn0.woolworths.media/content/wowproductimages/medium/744518.jpg",
        "name": "Woolworths Fruit Salad In Juice 4x125g",
        "price": 2.5,
        "unitPrice": "$5.00 / 1KG"
    },
    {
        "category": "specials",
        "href": "https://www.woolworths.com.au/shop/productdetails/716811/nudie-nothing-but-orange-apple-mango",
        "imgName": "716811.jpg",
        "imgSrc": "https://cdn0.woolworths.media/content/wowproductimages/medium/716811.jpg",
        "name": "Nudie Nothing But Orange Apple & Mango 2l",
        "price": 6.6,
        "special": 5.5,
        "unitPrice": "$2.75 / 1L"
    },
    {
        "category": "specials",
        "href": "https://www.woolworths.com.au/shop/productdetails/729026/woolworths-select-shredded-tasty-cheese",
        "imgName": "729026.jpg",
        "imgSrc": "https://cdn0.woolworths.media/content/wowproductimages/medium/729026.jpg",
        "name": "Woolworths Select Shredded Tasty Cheese 500g",
        "price": 4.5,
        "unitPrice": "$9.00 / 1KG"
    },
    {
        "category": "specials",
        "href": "https://www.woolworths.com.au/shop/productdetails/724652/huggies-ultra-dry-nappies-crawler-6-11kg-girl",
        "imgName": "724652.jpg",
        "imgSrc": "https://cdn0.woolworths.media/content/wowproductimages/medium/724652.jpg",
        "name": "Huggies Ultra Dry Nappies Crawler 6-11kg Girl 90pk jumbo",
        "price": 33,
        "special": 28,
        "unitPrice": "$0.31 / 1EA"
    },
    {
        "category": "specials",
        "href": "https://www.woolworths.com.au/shop/productdetails/721530/fangks-kids-drinking-chocolate-milk-mix-sugar-free",
        "imgName": "721530.jpg",
        "imgSrc": "https://cdn0.woolworths.media/content/wowproductimages/medium/721530.jpg",
        "name": "Fangks Kids Drinking Chocolate Milk Mix Sugar Free 200g",
        "price": 3,
        "special": 2.4,
        "unitPrice": "$1.20 / 100G"
    },
    {
        "category": "specials",
        "href": "https://www.woolworths.com.au/shop/productdetails/754776/pics-peanut-butter-smooth",
        "imgName": "754776.jpg",
        "imgSrc": "https://cdn0.woolworths.media/content/wowproductimages/medium/754776.jpg",
        "name": "Pics Peanut Butter Smooth 380g",
        "price": 7.5,
        "special": 5,
        "unitPrice": "$1.32 / 100G"
    },
    {
        "category": "specials",
        "href": "https://www.woolworths.com.au/shop/productdetails/765746/mortein-insect-repellent-auto-protect-eucalyptus",
        "imgName": "765746.jpg",
        "imgSrc": "https://cdn0.woolworths.media/content/wowproductimages/medium/765746.jpg",
        "name": "Mortein Insect Repellent Auto Protect  Eucalyptus 150g",
        "price": 30,
        "special": 15,
        "unitPrice": "$9.74 / 100G"
    },
    {
        "category": "specials",
        "href": "https://www.woolworths.com.au/shop/productdetails/770066/betty-crocker-chocolate-truffles-baking-mix",
        "imgName": "770066.jpg",
        "imgSrc": "https://cdn0.woolworths.media/content/wowproductimages/medium/770066.jpg",
        "name": "Betty Crocker Chocolate Truffles Baking Mix 305g",
        "price": 5,
        "special": 4,
        "unitPrice": "$1.31 / 100G"
    },
    {
        "category": "specials",
        "href": "https://www.woolworths.com.au/shop/productdetails/754006/garnier-olia-5-3-golden-brown",
        "imgName": "754006.jpg",
        "imgSrc": "https://cdn0.woolworths.media/content/wowproductimages/medium/754006.jpg",
        "name": "Garnier Olia 5.3 Golden Brown 1pk",
        "price": 17,
        "special": 12
    },
    {
        "category": "specials",
        "href": "https://www.woolworths.com.au/shop/productdetails/790259/woolworths-select-coffee-cups-350ml",
        "imgName": "790259.jpg",
        "imgSrc": "https://cdn0.woolworths.media/content/wowproductimages/medium/790259.jpg",
        "name": "Woolworths Select Coffee Cups 350ml 16pk",
        "price": 8,
        "special": 6.4,
        "unitPrice": "$0.40 / 1EA"
    },
    {
        "category": "specials",
        "href": "https://www.woolworths.com.au/shop/productdetails/761637/always-fresh-pitted-kalamata-olives-salt-reduced",
        "imgName": "761637.jpg",
        "imgSrc": "https://cdn0.woolworths.media/content/wowproductimages/medium/761637.jpg",
        "name": "Always Fresh Pitted Kalamata Olives Salt Reduced 670g",
        "price": 7.6,
        "special": 3.8,
        "unitPrice": "$5.67 / 1KG"
    },
    {
        "category": "specials",
        "href": "https://www.woolworths.com.au/shop/productdetails/764747/old-spice-body-wash-champion",
        "imgName": "764747.jpg",
        "imgSrc": "https://cdn0.woolworths.media/content/wowproductimages/medium/764747.jpg",
        "name": "Old Spice Body Wash Champion 473ml",
        "price": 7.5,
        "unitPrice": "$1.59 / 100ML"
    },
    {
        "category": "specials",
        "href": "https://www.woolworths.com.au/shop/productdetails/760929/original-source-body-wash-shower-gel-vanilla-milk-raspry",
        "imgName": "760929.jpg",
        "imgSrc": "https://cdn0.woolworths.media/content/wowproductimages/medium/760929.jpg",
        "name": "Original Source Body Wash Shower Gel Vanilla Milk Raspry 250ml",
        "price": 4,
        "special": 3.5,
        "unitPrice": "$1.40 / 100ML"
    },
    {
        "category": "specials",
        "href": "https://www.woolworths.com.au/shop/productdetails/780466/radiant-front-loader-sharper-colour-laundry-powder",
        "imgName": "780466.jpg",
        "imgSrc": "https://cdn0.woolworths.media/content/wowproductimages/medium/780466.jpg",
        "name": "Radiant Front Loader Sharper Colour Laundry Powder 4kg",
        "price": 18,
        "unitPrice": "$4.50 / 1KG"
    },
    {
        "category": "specials",
        "href": "https://www.woolworths.com.au/shop/productdetails/780547/woolworths-select-ingredients-taco-shells",
        "imgName": "780547.jpg",
        "imgSrc": "https://cdn0.woolworths.media/content/wowproductimages/medium/780547.jpg",
        "name": "Woolworths Select Ingredients Taco Shells 168g",
        "price": 2.4,
        "unitPrice": "$1.43 / 100G"
    },
    {
        "category": "specials",
        "href": "https://www.woolworths.com.au/shop/productdetails/780118/vip-natures-goodness-grainfree-adult-dog-food-kangaroo-sweet-potato-beans",
        "imgName": "780118.jpg",
        "imgSrc": "https://cdn0.woolworths.media/content/wowproductimages/medium/780118.jpg",
        "name": "Vip Natures Goodness Grainfree Adult Dog Food Kangaroo Sweet Potato & Beans 400g",
        "price": 1.89,
        "special": 1.5,
        "unitPrice": "$0.38 / 100G"
    },
    {
        "category": "specials",
        "href": "https://www.woolworths.com.au/shop/productdetails/780302/vip-natures-goodness-grainfree-adult-dog-food-beef-stew-with-carrot-potato",
        "imgName": "780302.jpg",
        "imgSrc": "https://cdn0.woolworths.media/content/wowproductimages/medium/780302.jpg",
        "name": "Vip Natures Goodness Grainfree Adult Dog Food Beef Stew With Carrot & Potato 400g",
        "price": 1.89,
        "special": 1.5,
        "unitPrice": "$0.38 / 100G"
    },
    {
        "category": "specials",
        "href": "https://www.woolworths.com.au/shop/productdetails/763159/golden-circle-puree-strawberry-squeeze",
        "imgName": "763159.jpg",
        "imgSrc": "https://cdn0.woolworths.media/content/wowproductimages/medium/763159.jpg",
        "name": "Golden Circle Puree Strawberry Squeeze 120g",
        "price": 1.5,
        "unitPrice": "$12.50 / 1KG"
    },
    {
        "category": "specials",
        "href": "https://www.woolworths.com.au/shop/productdetails/763261/golden-circle-passion-pulp-puree-apple-passionfruit",
        "imgName": "763261.jpg",
        "imgSrc": "https://cdn0.woolworths.media/content/wowproductimages/medium/763261.jpg",
        "name": "Golden Circle Passion Pulp Puree Apple & Passionfruit 120g",
        "price": 1.5,
        "unitPrice": "$12.50 / 1KG"
    },
    {
        "category": "specials",
        "href": "https://www.woolworths.com.au/shop/productdetails/764318/nivea-in-shower-body-moisturiser-rich",
        "imgName": "764318.jpg",
        "imgSrc": "https://cdn0.woolworths.media/content/wowproductimages/medium/764318.jpg",
        "name": "Nivea In-shower Body Moisturiser Rich 400ml",
        "price": 8,
        "special": 5,
        "unitPrice": "$1.25 / 100ML"
    },
    {
        "category": "specials",
        "href": "https://www.woolworths.com.au/shop/productdetails/787428/woolworths-tasty-cheese-crackers",
        "imgName": "787428.jpg",
        "imgSrc": "https://cdn0.woolworths.media/content/wowproductimages/medium/787428.jpg",
        "name": "Woolworths Tasty Cheese & Crackers 4pk 120g",
        "price": 4,
        "unitPrice": "$33.33 / 1KG"
    },
    {
        "category": "specials",
        "href": "https://www.woolworths.com.au/shop/productdetails/788702/raffaello-chocolate-ballotin",
        "imgName": "788702.jpg",
        "imgSrc": "https://cdn0.woolworths.media/content/wowproductimages/medium/788702.jpg",
        "name": "Raffaello Chocolate Ballotin 230g",
        "price": 7.5,
        "special": 5,
        "unitPrice": "$2.17 / 100G"
    },
    {
        "category": "specials",
        "href": "https://www.woolworths.com.au/shop/productdetails/788735/peckish-rice-crackers-salt-vinegar",
        "imgName": "788735.jpg",
        "imgSrc": "https://cdn0.woolworths.media/content/wowproductimages/medium/788735.jpg",
        "name": "Peckish Rice Crackers Salt & Vinegar 6pk 120g",
        "price": 3,
        "special": 2.5,
        "unitPrice": "$2.08 / 100G"
    },
    {
        "category": "specials",
        "href": "https://www.woolworths.com.au/shop/productdetails/740161/mud-nail-polish-010-chilli-pepper",
        "imgName": "740161.jpg",
        "imgSrc": "https://cdn0.woolworths.media/content/wowproductimages/medium/740161.jpg",
        "name": "Mud Nail Polish 010 Chilli Pepper 13ml",
        "price": 2.5,
        "unitPrice": "$1.92 / 10ML"
    },
    {
        "category": "specials",
        "href": "https://www.woolworths.com.au/shop/productdetails/759182/bonds-ladies-underwear-hipster-bikini-fashion-size-16",
        "imgName": "759182.jpg",
        "imgSrc": "https://cdn0.woolworths.media/content/wowproductimages/medium/759182.jpg",
        "name": "Bonds Ladies Underwear Hipster Bikini Fashion Size 16 2pk",
        "price": 18,
        "special": 9
    },
    {
        "category": "specials",
        "href": "https://www.woolworths.com.au/shop/productdetails/766505/woolworths-select-broom-outdoor",
        "imgName": "766505.jpg",
        "imgSrc": "https://cdn0.woolworths.media/content/wowproductimages/medium/766505.jpg",
        "name": "Woolworths Select Broom Outdoor each",
        "price": 7.99
    },
    {
        "category": "specials",
        "href": "https://www.woolworths.com.au/shop/productdetails/766988/red-bull-energy-drink-zero",
        "imgName": "766988.jpg",
        "imgSrc": "https://cdn0.woolworths.media/content/wowproductimages/medium/766988.jpg",
        "name": "Red Bull Energy Drink Zero 250ml",
        "price": 3,
        "unitPrice": "$12.00 / 1L"
    },
    {
        "category": "specials",
        "href": "https://www.woolworths.com.au/shop/productdetails/695417/woolworths-reduced-fat-ice-cream-hokey-pokey",
        "imgName": "695417.jpg",
        "imgSrc": "https://cdn0.woolworths.media/content/wowproductimages/medium/695417.jpg",
        "name": "Woolworths Reduced Fat Ice Cream Hokey Pokey 2l tub",
        "price": 4.5,
        "unitPrice": "$0.23 / 100ML"
    },
    {
        "category": "specials",
        "href": "https://www.woolworths.com.au/shop/productdetails/726195/schwarzkopf-extra-care-shampoo-marrakesh-oil",
        "imgName": "726195.jpg",
        "imgSrc": "https://cdn0.woolworths.media/content/wowproductimages/medium/726195.jpg",
        "name": "Schwarzkopf Extra Care Shampoo Marrakesh Oil 400ml",
        "price": 6.9,
        "special": 3.44,
        "unitPrice": "$0.86 / 100ML"
    },
    {
        "category": "specials",
        "href": "https://www.woolworths.com.au/shop/productdetails/756261/bonds-boys-underwear-cotton-trunk-12-14-14-16",
        "imgName": "756261.jpg",
        "imgSrc": "https://cdn0.woolworths.media/content/wowproductimages/medium/756261.jpg",
        "name": "Bonds Boys Underwear Cotton Trunk 12-14 & 14-16 3pk",
        "price": 15,
        "special": 7.5,
        "unitPrice": "$2.50 / 1EA"
    },
    {
        "category": "specials",
        "href": "https://www.woolworths.com.au/shop/productdetails/744483/decor-match-ups-glass-storer-oblong",
        "imgName": "744483.jpg",
        "imgSrc": "https://cdn0.woolworths.media/content/wowproductimages/medium/744483.jpg",
        "name": "Decor Match-ups Glass Storer Oblong 600ml",
        "price": 9,
        "special": 4.24
    },
    {
        "category": "specials",
        "href": "https://www.woolworths.com.au/shop/productdetails/726369/woolworths-select-berries-cranberries",
        "imgName": "726369.jpg",
        "imgSrc": "https://cdn0.woolworths.media/content/wowproductimages/medium/726369.jpg",
        "name": "Woolworths Select Berries Cranberries 150g",
        "price": 2.2,
        "unitPrice": "$14.67 / 1KG"
    },
    {
        "category": "specials",
        "href": "https://www.woolworths.com.au/shop/productdetails/756234/bonds-girls-underwear-cotton-brief-8-10-10-12-",
        "imgName": "756234.jpg",
        "imgSrc": "https://cdn0.woolworths.media/content/wowproductimages/medium/756234.jpg",
        "name": "Bonds Girls Underwear Cotton Brief (8-10 & 10-12) 4pk",
        "price": 14,
        "special": 7,
        "unitPrice": "$1.75 / 1EA"
    },
    {
        "category": "specials",
        "href": "https://www.woolworths.com.au/shop/productdetails/756665/kellogg-s-lcms-cornflake-bar-golden-joys",
        "imgName": "756665.jpg",
        "imgSrc": "https://cdn0.woolworths.media/content/wowproductimages/medium/756665.jpg",
        "name": "Kellogg's Lcms Cornflake Bar Golden Joys 15pk 345g",
        "price": 7,
        "unitPrice": "$2.03 / 100G"
    },
    {
        "category": "specials",
        "href": "https://www.woolworths.com.au/shop/productdetails/758150/dove-revive-body-wash-pomegranate-and-lemon-verbena",
        "imgName": "758150.jpg",
        "imgSrc": "https://cdn0.woolworths.media/content/wowproductimages/medium/758150.jpg",
        "name": "Dove Revive Body Wash Pomegranate And Lemon Verbena 1l",
        "price": 13.7,
        "special": 10,
        "unitPrice": "$1.00 / 100ML"
    },
    {
        "category": "specials",
        "href": "https://www.woolworths.com.au/shop/productdetails/772287/ice-break-flavoured-milk-original",
        "imgName": "772287.jpg",
        "imgSrc": "https://cdn0.woolworths.media/content/wowproductimages/medium/772287.jpg",
        "name": "Ice Break Flavoured Milk Original 2l",
        "price": 4.5,
        "unitPrice": "$2.25 / 1L"
    },
    {
        "category": "specials",
        "href": "https://www.woolworths.com.au/shop/productdetails/789049/shine-microfibre-multipurpose-cloths",
        "imgName": "789049.jpg",
        "imgSrc": "https://cdn0.woolworths.media/content/wowproductimages/medium/789049.jpg",
        "name": "Shine Microfibre Multipurpose Cloths 3pk",
        "price": 2.99,
        "unitPrice": "$1.00 / 1EA"
    },
    {
        "category": "specials",
        "href": "https://www.woolworths.com.au/shop/productdetails/766184/asiana-springs-rolls-thai",
        "imgName": "766184.jpg",
        "imgSrc": "https://cdn0.woolworths.media/content/wowproductimages/medium/766184.jpg",
        "name": "Asiana Springs Rolls Thai 180g",
        "price": 2.5,
        "unitPrice": "$1.39 / 100G"
    },
    {
        "category": "specials",
        "href": "https://www.woolworths.com.au/shop/productdetails/792568/philips-led-globe-warm-white-806-lumen-bc-base",
        "imgName": "792568.jpg",
        "imgSrc": "https://cdn0.woolworths.media/content/wowproductimages/medium/792568.jpg",
        "name": "Philips Led Globe Warm White 806 Lumen Bc Base each",
        "price": 10,
        "unitPrice": "$10.00 / 1EA"
    },
    {
        "category": "specials",
        "href": "https://www.woolworths.com.au/shop/productdetails/782472/inspire-bakeware-baking-tray",
        "imgName": "782472.jpg",
        "imgSrc": "https://cdn0.woolworths.media/content/wowproductimages/medium/782472.jpg",
        "name": "Inspire Bakeware Baking Tray 37.5cm ea",
        "price": 8,
        "special": 5.6
    },
    {
        "category": "specials",
        "href": "https://www.woolworths.com.au/shop/productdetails/826964/lynx-men-body-spray-aerosol-deodorant-black",
        "imgName": "826964.jpg",
        "imgSrc": "https://cdn0.woolworths.media/content/wowproductimages/medium/826964.jpg",
        "name": "Lynx Men Body Spray Aerosol Deodorant Black 155ml",
        "price": 6,
        "special": 4,
        "unitPrice": "$2.58 / 100ML"
    },
    {
        "category": "specials",
        "href": "https://www.woolworths.com.au/shop/productdetails/787377/sellotape-tape-gift-dispenser",
        "imgName": "787377.jpg",
        "imgSrc": "https://cdn0.woolworths.media/content/wowproductimages/medium/787377.jpg",
        "name": "Sellotape Tape Gift Dispenser 1ea",
        "price": 4,
        "special": 3.2
    },
    {
        "category": "specials",
        "href": "https://www.woolworths.com.au/shop/productdetails/788110/vip-natures-goodness-bbq-beef-treat",
        "imgName": "788110.jpg",
        "imgSrc": "https://cdn0.woolworths.media/content/wowproductimages/medium/788110.jpg",
        "name": "Vip Natures Goodness Bbq Beef Treat 200g",
        "price": 4.89,
        "special": 3.4,
        "unitPrice": "$1.70 / 100G"
    },
    {
        "category": "specials",
        "href": "https://www.woolworths.com.au/shop/productdetails/840781/woolworths-sunscreen-spf-50-",
        "imgName": "840781.jpg",
        "imgSrc": "https://cdn0.woolworths.media/content/wowproductimages/medium/840781.jpg",
        "name": "Woolworths Sunscreen Spf 50+ 500ml",
        "price": 6.5,
        "unitPrice": "$1.30 / 100ML"
    },
    {
        "category": "specials",
        "href": "https://www.woolworths.com.au/shop/productdetails/796653/woolworths-select-vol-au-vents-medium-unfilled-2pk",
        "imgName": "796653.jpg",
        "imgSrc": "https://cdn0.woolworths.media/content/wowproductimages/medium/796653.jpg",
        "name": "Woolworths Select Vol Au Vents Medium Unfilled 2pk 75g",
        "price": 3.5,
        "unitPrice": "$4.67 / 100G"
    },
    {
        "category": "specials",
        "href": "https://www.woolworths.com.au/shop/productdetails/797145/kellogg-s-nutri-grain-bar-original",
        "imgName": "797145.jpg",
        "imgSrc": "https://cdn0.woolworths.media/content/wowproductimages/medium/797145.jpg",
        "name": "Kellogg's Nutri-grain Bar Original 10pk",
        "price": 6,
        "special": 5,
        "unitPrice": "$2.08 / 100G"
    },
    {
        "category": "specials",
        "href": "https://www.woolworths.com.au/shop/productdetails/797601/d-agostino-prepared-pizza-supreme",
        "imgName": "797601.jpg",
        "imgSrc": "https://cdn0.woolworths.media/content/wowproductimages/medium/797601.jpg",
        "name": "D'agostino Prepared Pizza Supreme 470g",
        "price": 3.5,
        "unitPrice": "$0.74 / 100G"
    },
    {
        "category": "specials",
        "href": "https://www.woolworths.com.au/shop/productdetails/797705/applaws-cat-food-chicken-breast-tins",
        "imgName": "797705.jpg",
        "imgSrc": "https://cdn0.woolworths.media/content/wowproductimages/medium/797705.jpg",
        "name": "Applaws Cat Food Chicken Breast Tins 70g",
        "price": 1.85,
        "special": 1.5,
        "unitPrice": "$2.14 / 100G"
    },
    {
        "category": "specials",
        "href": "https://www.woolworths.com.au/shop/productdetails/780900/skittles-fruits",
        "imgName": "780900.jpg",
        "imgSrc": "https://cdn0.woolworths.media/content/wowproductimages/medium/780900.jpg",
        "name": "Skittles Fruits  45g box",
        "price": 1.55,
        "special": 1,
        "unitPrice": "$2.22 / 100G"
    },
    {
        "category": "specials",
        "href": "https://www.woolworths.com.au/shop/productdetails/840940/lindt-lindor-chocolate-balls-5-moments-of-bliss-assorted",
        "imgName": "840940.jpg",
        "imgSrc": "https://cdn0.woolworths.media/content/wowproductimages/medium/840940.jpg",
        "name": "Lindt Lindor Chocolate Balls 5 Moments Of Bliss Assorted 5pk 62g box",
        "price": 4,
        "special": 3,
        "unitPrice": "$4.84 / 100G"
    },
    {
        "category": "specials",
        "href": "https://www.woolworths.com.au/shop/productdetails/839657/u-by-kotex-sport-ultrathin-super",
        "imgName": "839657.jpg",
        "imgSrc": "https://cdn0.woolworths.media/content/wowproductimages/medium/839657.jpg",
        "name": "U By Kotex Sport Ultrathin Super 10pk",
        "price": 5,
        "special": 4,
        "unitPrice": "$0.40 / 1EA"
    },
    {
        "category": "specials",
        "href": "https://www.woolworths.com.au/shop/productdetails/935656/d-orsogna-premium-australian-ham-off-the-bone-sliced",
        "imgName": "935656.jpg",
        "imgSrc": "https://cdn0.woolworths.media/content/wowproductimages/medium/935656.jpg",
        "name": "D'orsogna Premium Australian Ham Off The Bone Sliced per kg",
        "price": 27,
        "special": 22,
        "unitPrice": "$22.00 / 1KG"
    },
    {
        "category": "specials",
        "href": "https://www.woolworths.com.au/shop/productdetails/769080/gaviscon-heartburn-dual-action",
        "imgName": "769080.jpg",
        "imgSrc": "https://cdn0.woolworths.media/content/wowproductimages/medium/769080.jpg",
        "name": "Gaviscon Heartburn Dual       Action 32pk",
        "price": 10.5,
        "special": 9.4,
        "unitPrice": "$0.29 / 1EA"
    },
    {
        "category": "specials",
        "href": "https://www.woolworths.com.au/shop/productdetails/769352/chia-pod-chia-pod-vanilla-bean-cinnamon",
        "imgName": "769352.jpg",
        "imgSrc": "https://cdn0.woolworths.media/content/wowproductimages/medium/769352.jpg",
        "name": "Chia Pod Chia Pod Vanilla Bean & Cinnamon 170g",
        "price": 3,
        "unitPrice": "$1.76 / 100G"
    },
    {
        "category": "specials",
        "href": "https://www.woolworths.com.au/shop/productdetails/775759/san-marino-sopressa-mild-salami",
        "imgName": "775759.jpg",
        "imgSrc": "https://cdn0.woolworths.media/content/wowproductimages/medium/775759.jpg",
        "name": "San Marino Sopressa Mild Salami  100g",
        "price": 5.99,
        "special": 5,
        "unitPrice": "$50.00 / 1KG"
    },
    {
        "category": "specials",
        "href": "https://www.woolworths.com.au/shop/productdetails/775734/san-marino-prosciutto",
        "imgName": "775734.jpg",
        "imgSrc": "https://cdn0.woolworths.media/content/wowproductimages/medium/775734.jpg",
        "name": "San Marino Prosciutto  100g",
        "price": 5.99,
        "special": 5,
        "unitPrice": "$50.00 / 1KG"
    },
    {
        "category": "specials",
        "href": "https://www.woolworths.com.au/shop/productdetails/785764/praise-seafood-sauce",
        "imgName": "785764.jpg",
        "imgSrc": "https://cdn0.woolworths.media/content/wowproductimages/medium/785764.jpg",
        "name": "Praise Seafood Sauce  250ml",
        "price": 3,
        "special": 2.4,
        "unitPrice": "$0.96 / 100ML"
    },
    {
        "category": "specials",
        "href": "https://www.woolworths.com.au/shop/productdetails/777837/kan-tong-stir-fry-sauce-honey-teriyaki",
        "imgName": "777837.jpg",
        "imgSrc": "https://cdn0.woolworths.media/content/wowproductimages/medium/777837.jpg",
        "name": "Kan Tong Stir Fry Sauce Honey Teriyaki 510g",
        "price": 3.29,
        "unitPrice": "$0.65 / 100G"
    },
    {
        "category": "specials",
        "href": "https://www.woolworths.com.au/shop/productdetails/783873/tena-pads-maxi",
        "imgName": "783873.jpg",
        "imgSrc": "https://cdn0.woolworths.media/content/wowproductimages/medium/783873.jpg",
        "name": "Tena Pads Maxi 6pk",
        "price": 5.25,
        "unitPrice": "$0.88 / 1EA"
    },
    {
        "category": "specials",
        "href": "https://www.woolworths.com.au/shop/productdetails/785104/fluffy-fabric-softener-vanilla-coconut",
        "imgName": "785104.jpg",
        "imgSrc": "https://cdn0.woolworths.media/content/wowproductimages/medium/785104.jpg",
        "name": "Fluffy Fabric Softener Vanilla & Coconut 900ml",
        "price": 6.99,
        "special": 5,
        "unitPrice": "$5.56 / 1L"
    },
    {
        "category": "specials",
        "href": "https://www.woolworths.com.au/shop/productdetails/733604/vileda-handi-dish-brush-refills",
        "imgName": "733604.jpg",
        "imgSrc": "https://cdn0.woolworths.media/content/wowproductimages/medium/733604.jpg",
        "name": "Vileda Handi Dish Brush Refills 4pk",
        "price": 5.5,
        "unitPrice": "$1.38 / 1EA"
    },
    {
        "category": "specials",
        "href": "https://www.woolworths.com.au/shop/productdetails/758216/radox-shower-gel-feel-energised",
        "imgName": "758216.jpg",
        "imgSrc": "https://cdn0.woolworths.media/content/wowproductimages/medium/758216.jpg",
        "name": "Radox Shower Gel Feel Energised 1l",
        "price": 7,
        "unitPrice": "$0.70 / 100ML"
    },
    {
        "category": "specials",
        "href": "https://www.woolworths.com.au/shop/productdetails/765433/sunrice-white-rice-steamed-low-gi",
        "imgName": "765433.jpg",
        "imgSrc": "https://cdn0.woolworths.media/content/wowproductimages/medium/765433.jpg",
        "name": "Sunrice White Rice Steamed Low Gi 250g",
        "price": 2.8,
        "unitPrice": "$1.12 / 100G"
    },
    {
        "category": "specials",
        "href": "https://www.woolworths.com.au/shop/productdetails/782847/woolworths-essentials-cookware-saucepan",
        "imgName": "782847.jpg",
        "imgSrc": "https://cdn0.woolworths.media/content/wowproductimages/medium/782847.jpg",
        "name": "Woolworths Essentials Cookware Saucepan 18cm each"
    },
    {
        "category": "specials",
        "href": "https://www.woolworths.com.au/shop/productdetails/782850/woolworths-essentials-cookware-casserole",
        "imgName": "782850.jpg",
        "imgSrc": "https://cdn0.woolworths.media/content/wowproductimages/medium/782850.jpg",
        "name": "Woolworths Essentials Cookware Casserole 24cm each",
        "price": 24,
        "special": 16.8
    },
    {
        "category": "specials",
        "href": "https://www.woolworths.com.au/shop/productdetails/782881/woolworths-essentials-cookware-large-roaster-pan",
        "imgName": "782881.jpg",
        "imgSrc": "https://cdn0.woolworths.media/content/wowproductimages/medium/782881.jpg",
        "name": "Woolworths Essentials Cookware Large Roaster Pan each",
        "price": 12,
        "special": 8.4
    },
    {
        "category": "specials",
        "href": "https://www.woolworths.com.au/shop/productdetails/782538/inspire-bakeware-square-pan",
        "imgName": "782538.jpg",
        "imgSrc": "https://cdn0.woolworths.media/content/wowproductimages/medium/782538.jpg",
        "name": "Inspire Bakeware Square Pan 22.8cm each",
        "price": 6,
        "special": 4.2
    },
    {
        "category": "specials",
        "href": "https://www.woolworths.com.au/shop/productdetails/790185/five-am-organic-squeezy-strawberry-yoghurt",
        "imgName": "790185.jpg",
        "imgSrc": "https://cdn0.woolworths.media/content/wowproductimages/medium/790185.jpg",
        "name": "Five:am Organic Squeezy Strawberry Yoghurt 120g pouch",
        "price": 2,
        "special": 1.5,
        "unitPrice": "$1.25 / 100G"
    },
    {
        "category": "specials",
        "href": "https://www.woolworths.com.au/shop/productdetails/786060/glade-gel-decorative-clean-linen",
        "imgName": "786060.jpg",
        "imgSrc": "https://cdn0.woolworths.media/content/wowproductimages/medium/786060.jpg",
        "name": "Glade Gel Decorative Clean Linen 170g",
        "price": 3,
        "unitPrice": "$1.76 / 100G"
    },
    {
        "category": "specials",
        "href": "https://www.woolworths.com.au/shop/productdetails/877315/ocean-chef-crispy-battered-flathead",
        "imgName": "877315.jpg",
        "imgSrc": "https://cdn0.woolworths.media/content/wowproductimages/medium/877315.jpg",
        "name": "Ocean Chef Crispy Battered Flathead 1kg",
        "price": 16,
        "unitPrice": "$16.00 / 1KG"
    },
    {
        "category": "specials",
        "href": "https://www.woolworths.com.au/shop/productdetails/798414/barbie-fashionista-glam-party-doll-asst",
        "imgName": "798414.jpg",
        "imgSrc": "https://cdn0.woolworths.media/content/wowproductimages/medium/798414.jpg",
        "name": "Barbie Fashionista Glam Party Doll Asst ea",
        "price": 15
    },
    {
        "category": "specials",
        "href": "https://www.woolworths.com.au/shop/productdetails/784945/tresemme-professional-shampoo-volume",
        "imgName": "784945.jpg",
        "imgSrc": "https://cdn0.woolworths.media/content/wowproductimages/medium/784945.jpg",
        "name": "Tresemme Professional Shampoo Volume 900ml",
        "price": 7,
        "unitPrice": "$0.78 / 100ML"
    },
    {
        "category": "specials",
        "href": "https://www.woolworths.com.au/shop/productdetails/829016/the-natural-confectionery-co-snakes",
        "imgName": "829016.jpg",
        "imgSrc": "https://cdn0.woolworths.media/content/wowproductimages/medium/829016.jpg",
        "name": "The Natural Confectionery Co Snakes  520g bag",
        "price": 5,
        "unitPrice": "$0.96 / 100G"
    },
    {
        "category": "specials",
        "href": "https://www.woolworths.com.au/shop/productdetails/863661/fairy-hand-dishwashing-liquid-lemon-megapack",
        "imgName": "863661.jpg",
        "imgSrc": "https://cdn0.woolworths.media/content/wowproductimages/medium/863661.jpg",
        "name": "Fairy Hand Dishwashing Liquid Lemon Megapack 870ml",
        "price": 5,
        "unitPrice": "$0.57 / 100ML"
    },
    {
        "category": "specials",
        "href": "https://www.woolworths.com.au/shop/productdetails/880028/fab-gold-obsession-front-top-loader-laundry-powder",
        "imgName": "880028.jpg",
        "imgSrc": "https://cdn0.woolworths.media/content/wowproductimages/medium/880028.jpg",
        "name": "Fab Gold Obsession Front & Top Loader Laundry Powder 3.8kg",
        "price": 12.99,
        "unitPrice": "$3.42 / 1KG"
    },
    {
        "category": "specials",
        "href": "https://www.woolworths.com.au/shop/productdetails/789885/ansell-gloves-sensitive-touch-large",
        "imgName": "789885.jpg",
        "imgSrc": "https://cdn0.woolworths.media/content/wowproductimages/medium/789885.jpg",
        "name": "Ansell Gloves Sensitive Touch Large each",
        "price": 2.49,
        "special": 1.99,
        "unitPrice": "$1.99 / 1EA"
    },
    {
        "category": "specials",
        "href": "https://www.woolworths.com.au/shop/productdetails/839658/poise-active-ultrathins-super",
        "imgName": "839658.jpg",
        "imgSrc": "https://cdn0.woolworths.media/content/wowproductimages/medium/839658.jpg",
        "name": "Poise Active Ultrathins Super 12pk",
        "price": 4.99,
        "special": 4,
        "unitPrice": "$0.33 / 1EA"
    },
    {
        "category": "specials",
        "href": "https://www.woolworths.com.au/shop/productdetails/961095/little-one-s-baby-wipes-unscented",
        "imgName": "961095.jpg",
        "imgSrc": "https://cdn0.woolworths.media/content/wowproductimages/medium/961095.jpg",
        "name": "Little One's Baby Wipes Unscented 80pk",
        "price": 2,
        "unitPrice": "$2.50 / 100EA"
    },
    {
        "category": "specials",
        "href": "https://www.woolworths.com.au/shop/productdetails/841741/birch-waite-parsley-dill-tarragon-seafood-sauce",
        "imgName": "841741.jpg",
        "imgSrc": "https://cdn0.woolworths.media/content/wowproductimages/medium/841741.jpg",
        "name": "Birch & Waite Parsley Dill & Tarragon Seafood Sauce 250ml",
        "price": 4,
        "special": 3,
        "unitPrice": "$1.20 / 100ML"
    },
    {
        "category": "specials",
        "href": "https://www.woolworths.com.au/shop/productdetails/840453/allen-s-minties",
        "imgName": "840453.jpg",
        "imgSrc": "https://cdn0.woolworths.media/content/wowproductimages/medium/840453.jpg",
        "name": "Allen's Minties  370g bag",
        "price": 5,
        "special": 4,
        "unitPrice": "$1.08 / 100G"
    },
    {
        "category": "specials",
        "href": "https://www.woolworths.com.au/shop/productdetails/842600/palmolive-naturals-active-nourishment-shampoo",
        "imgName": "842600.jpg",
        "imgSrc": "https://cdn0.woolworths.media/content/wowproductimages/medium/842600.jpg",
        "name": "Palmolive Naturals Active Nourishment Shampoo 350ml",
        "price": 5,
        "special": 4,
        "unitPrice": "$1.14 / 100ML"
    },
    {
        "category": "specials",
        "href": "https://www.woolworths.com.au/shop/productdetails/828683/bonds-comfy-tops-very-opaque-tights-black-med-lge",
        "imgName": "828683.jpg",
        "imgSrc": "https://cdn0.woolworths.media/content/wowproductimages/medium/828683.jpg",
        "name": "Bonds Comfy Tops Very Opaque Tights Black Med-lge each",
        "price": 12,
        "special": 6
    },
    {
        "category": "specials",
        "href": "https://www.woolworths.com.au/shop/productdetails/839941/little-one-s-ultra-dry-nappies-junior-15-25kg-boys-girls",
        "imgName": "839941.jpg",
        "imgSrc": "https://cdn0.woolworths.media/content/wowproductimages/medium/839941.jpg",
        "name": "Little One's Ultra Dry Nappies Junior 15-25kg Boys & Girls 40pk bulk",
        "price": 11,
        "unitPrice": "$0.28 / 1EA"
    },
    {
        "category": "specials",
        "href": "https://www.woolworths.com.au/shop/productdetails/829332/espressotoria-vittoria-coffee-italian-coffee-capsules",
        "imgName": "829332.jpg",
        "imgSrc": "https://cdn0.woolworths.media/content/wowproductimages/medium/829332.jpg",
        "name": "Espressotoria Vittoria Coffee Italian Coffee Capsules 12pk",
        "price": 6.99,
        "special": 3.5,
        "unitPrice": "$0.29 / 1EA"
    },
    {
        "category": "specials",
        "href": "https://www.woolworths.com.au/shop/productdetails/793249/lynx-hair-shampoo-conditioner-2in1-dual",
        "imgName": "793249.jpg",
        "imgSrc": "https://cdn0.woolworths.media/content/wowproductimages/medium/793249.jpg",
        "name": "Lynx Hair Shampoo & Conditioner 2in1 Dual 355ml",
        "price": 8,
        "special": 5.5,
        "unitPrice": "$1.55 / 100ML"
    },
    {
        "category": "specials",
        "href": "https://www.woolworths.com.au/shop/productdetails/793683/sunrice-rice-snacks-salt-vinegar-mini-bites",
        "imgName": "793683.jpg",
        "imgSrc": "https://cdn0.woolworths.media/content/wowproductimages/medium/793683.jpg",
        "name": "Sunrice Rice Snacks Salt & Vinegar Mini Bites 160g",
        "price": 4,
        "unitPrice": "$2.50 / 100G"
    },
    {
        "category": "specials",
        "href": "https://www.woolworths.com.au/shop/productdetails/826427/cadbury-old-gold-dark-chocolate-old-jamaica-rum-n-raisin",
        "imgName": "826427.jpg",
        "imgSrc": "https://cdn0.woolworths.media/content/wowproductimages/medium/826427.jpg",
        "name": "Cadbury Old Gold Dark Chocolate Old Jamaica Rum N Raisin 200g block",
        "price": 5,
        "special": 3.5,
        "unitPrice": "$1.75 / 100G"
    },
    {
        "category": "specials",
        "href": "https://www.woolworths.com.au/shop/productdetails/933510/paxo-stuffing-sage-onion",
        "imgName": "933510.jpg",
        "imgSrc": "https://cdn0.woolworths.media/content/wowproductimages/medium/933510.jpg",
        "name": "Paxo Stuffing Sage & Onion 190g",
        "price": 5.5,
        "special": 2.75,
        "unitPrice": "$1.45 / 100G"
    },
    {
        "category": "specials",
        "href": "https://www.woolworths.com.au/shop/productdetails/950973/woolworths-strawberry-cheesecake",
        "imgName": "950973.jpg",
        "imgSrc": "https://cdn0.woolworths.media/content/wowproductimages/medium/950973.jpg",
        "name": "Woolworths Strawberry Cheesecake 450g",
        "price": 3,
        "unitPrice": "$0.67 / 100G"
    },
    {
        "category": "specials",
        "href": "https://www.woolworths.com.au/shop/productdetails/770022/cottee-s-cordial-fruit-cup-no-added-sugar",
        "imgName": "770022.jpg",
        "imgSrc": "https://cdn0.woolworths.media/content/wowproductimages/medium/770022.jpg",
        "name": "Cottee's Cordial Fruit Cup No Added Sugar 1l",
        "price": 4.2,
        "special": 3.5,
        "unitPrice": "$3.50 / 1L"
    },
    {
        "category": "specials",
        "href": "https://www.woolworths.com.au/shop/productdetails/894870/kinder-maxi-mix",
        "imgName": "894870.jpg",
        "imgSrc": "https://cdn0.woolworths.media/content/wowproductimages/medium/894870.jpg",
        "name": "Kinder Maxi Mix  152g",
        "price": 10,
        "special": 7,
        "unitPrice": "$4.61 / 100G"
    },
    {
        "category": "specials",
        "href": "https://www.woolworths.com.au/shop/productdetails/886412/wow-360-drinking-cup-with-handles-9mths-207ml",
        "imgName": "886412.jpg",
        "imgSrc": "https://cdn0.woolworths.media/content/wowproductimages/medium/886412.jpg",
        "name": "Wow 360 Drinking Cup With Handles  9mths+ 207ml each",
        "price": 13,
        "special": 9.75,
        "unitPrice": "$9.75 / 1EA"
    },
    {
        "category": "specials",
        "href": "https://www.woolworths.com.au/shop/productdetails/823696/chris-heritage-dips-vintage-cheddar-caramelised-onion-cheese",
        "imgName": "823696.jpg",
        "imgSrc": "https://cdn0.woolworths.media/content/wowproductimages/medium/823696.jpg",
        "name": "Chris' Heritage Dips Vintage Cheddar & Caramelised Onion Cheese 170g",
        "price": 7.99,
        "special": 6,
        "unitPrice": "$3.53 / 100G"
    },
    {
        "category": "specials",
        "href": "https://www.woolworths.com.au/shop/productdetails/839938/little-one-s-ultra-dry-nappies-crawler-6-11kg-boys-girls",
        "imgName": "839938.jpg",
        "imgSrc": "https://cdn0.woolworths.media/content/wowproductimages/medium/839938.jpg",
        "name": "Little One's Ultra Dry Nappies Crawler 6-11kg Boys & Girls 56pk bulk",
        "price": 11,
        "unitPrice": "$0.20 / 1EA"
    },
    {
        "category": "specials",
        "href": "https://www.woolworths.com.au/shop/productdetails/841535/rexona-men-antiperspirant-aerosol-deodorant-hypoallergenic",
        "imgName": "841535.jpg",
        "imgSrc": "https://cdn0.woolworths.media/content/wowproductimages/medium/841535.jpg",
        "name": "Rexona Men Antiperspirant Aerosol Deodorant Hypoallergenic 250ml",
        "price": 7,
        "special": 5,
        "unitPrice": "$2.00 / 100ML"
    },
    {
        "category": "specials",
        "href": "https://www.woolworths.com.au/shop/productdetails/844354/felix-as-good-as-it-looks-favourite-selection",
        "imgName": "844354.jpg",
        "imgSrc": "https://cdn0.woolworths.media/content/wowproductimages/medium/844354.jpg",
        "name": "Felix As Good As It Looks Favourite Selection 12x85g",
        "price": 10.69,
        "special": 8.5,
        "unitPrice": "$0.83 / 100G"
    },
    {
        "category": "specials",
        "href": "https://www.woolworths.com.au/shop/productdetails/827947/woolworths-select-protect-night-time-extra-long-pads-with-wings",
        "imgName": "827947.jpg",
        "imgSrc": "https://cdn0.woolworths.media/content/wowproductimages/medium/827947.jpg",
        "name": "Woolworths Select Protect Night Time Extra Long Pads With Wings 12pk",
        "price": 2,
        "unitPrice": "$0.17 / 1EA"
    },
    {
        "category": "specials",
        "href": "https://www.woolworths.com.au/shop/productdetails/828979/the-natural-confectionery-co-sour-patch-kids",
        "imgName": "828979.jpg",
        "imgSrc": "https://cdn0.woolworths.media/content/wowproductimages/medium/828979.jpg",
        "name": "The Natural Confectionery Co Sour Patch Kids  220g bag",
        "price": 4,
        "special": 3,
        "unitPrice": "$1.36 / 100G"
    },
    {
        "category": "specials",
        "href": "https://www.woolworths.com.au/shop/productdetails/844398/felix-as-good-as-it-looks-kitten-menus",
        "imgName": "844398.jpg",
        "imgSrc": "https://cdn0.woolworths.media/content/wowproductimages/medium/844398.jpg",
        "name": "Felix As Good As It Looks Kitten Menus 12x85g",
        "price": 10.69,
        "special": 8.5,
        "unitPrice": "$0.83 / 100G"
    },
    {
        "category": "specials",
        "href": "https://www.woolworths.com.au/shop/productdetails/826040/macro-organic-coconut-oil",
        "imgName": "826040.jpg",
        "imgSrc": "https://cdn0.woolworths.media/content/wowproductimages/medium/826040.jpg",
        "name": "Macro Organic Coconut Oil  900g",
        "price": 14,
        "unitPrice": "$1.56 / 100G"
    },
    {
        "category": "specials",
        "href": "https://www.woolworths.com.au/shop/productdetails/983912/spring-cider-co-apple-pomegranate-with-soda-cider-bottles",
        "imgName": "983912.jpg",
        "imgSrc": "https://cdn0.woolworths.media/content/wowproductimages/medium/983912.jpg",
        "name": "Spring Cider Co. Apple & Pomegranate With Soda Cider Bottles 6x330ml",
        "price": 14,
        "special": 14
    },
    {
        "category": "specials",
        "href": "https://www.woolworths.com.au/shop/productdetails/983910/spring-cider-co-apple-cider-blended-with-soda-bottles",
        "imgName": "983910.jpg",
        "imgSrc": "https://cdn0.woolworths.media/content/wowproductimages/medium/983910.jpg",
        "name": "Spring Cider Co. Apple Cider Blended With Soda Bottles 6x330ml",
        "price": 14,
        "special": 14
    },
    {
        "category": "specials",
        "href": "https://www.woolworths.com.au/shop/productdetails/657511/matilda-bay-lazy-yak-pale-ale-bottles",
        "imgName": "657511.jpg",
        "imgSrc": "https://cdn0.woolworths.media/content/wowproductimages/medium/657511.jpg",
        "name": "Matilda Bay Lazy Yak Pale Ale Bottles 24x345ml case",
        "price": 62,
        "special": 53
    },
    {
        "category": "specials",
        "href": "https://www.woolworths.com.au/shop/productdetails/589731/ocean-chef-peeled-prawns",
        "imgName": "589731.jpg",
        "imgSrc": "https://cdn0.woolworths.media/content/wowproductimages/medium/589731.jpg",
        "name": "Ocean Chef Peeled Prawns  500g",
        "price": 20,
        "special": 17,
        "unitPrice": "$34.00 / 1KG"
    },
    {
        "category": "specials",
        "href": "https://www.woolworths.com.au/shop/productdetails/640064/bundaberg-lazy-bear-dry-lime-3-5-cans",
        "imgName": "640064.jpg",
        "imgSrc": "https://cdn0.woolworths.media/content/wowproductimages/medium/640064.jpg",
        "name": "Bundaberg Lazy Bear Dry & Lime 3.5% Cans 10x330ml",
        "price": 37,
        "special": 35
    },
    {
        "category": "specials",
        "href": "https://www.woolworths.com.au/shop/productdetails/756990/u-by-kotex-sanitary-pads-super-with-wings",
        "imgName": "756990.jpg",
        "imgSrc": "https://cdn0.woolworths.media/content/wowproductimages/medium/756990.jpg",
        "name": "U By Kotex Sanitary Pads Super With Wings 14pk",
        "price": 4.5,
        "special": 4,
        "unitPrice": "$0.29 / 1EA"
    },
    {
        "category": "specials",
        "href": "https://www.woolworths.com.au/shop/productdetails/51344/south-cape-tasmanian-fetta",
        "imgName": "051344.jpg",
        "imgSrc": "https://cdn0.woolworths.media/content/wowproductimages/medium/051344.jpg",
        "name": "South Cape Tasmanian Fetta  200g",
        "price": 5,
        "unitPrice": "$25.00 / 1KG"
    },
    {
        "category": "specials",
        "href": "https://www.woolworths.com.au/shop/productdetails/764899/freixenet-sparkling-vintage",
        "imgName": "764899.jpg",
        "imgSrc": "https://cdn0.woolworths.media/content/wowproductimages/medium/764899.jpg",
        "name": "Freixenet Sparkling Vintage 750ml",
        "price": 22,
        "special": 17
    },
    {
        "category": "specials",
        "href": "https://www.woolworths.com.au/shop/productdetails/435780/fro-pro-ice-cream-green-tea-mint",
        "imgName": "435780.jpg",
        "imgSrc": "https://cdn0.woolworths.media/content/wowproductimages/medium/435780.jpg",
        "name": "Fro Pro Ice Cream Green Tea & Mint 520ml tub",
        "price": 10,
        "unitPrice": "$1.92 / 100ML"
    },
    {
        "category": "specials",
        "href": "https://www.woolworths.com.au/shop/productdetails/742904/susan-day-sponge-roll-jam",
        "imgName": "742904.jpg",
        "imgSrc": "https://cdn0.woolworths.media/content/wowproductimages/medium/742904.jpg",
        "name": "Susan Day Sponge Roll Jam 400g",
        "price": 2.5,
        "special": 2,
        "unitPrice": "$0.50 / 100G"
    },
    {
        "category": "specials",
        "href": "https://www.woolworths.com.au/shop/productdetails/72618/twinings-english-breakfast-tea-bags",
        "imgName": "072618.jpg",
        "imgSrc": "https://cdn0.woolworths.media/content/wowproductimages/medium/072618.jpg",
        "name": "Twinings English Breakfast Tea Bags 100pk 200g",
        "price": 11,
        "special": 7,
        "unitPrice": "$3.50 / 100G"
    },
    {
        "category": "specials",
        "href": "https://www.woolworths.com.au/shop/productdetails/531850/yumi-s-chipotle-hommus-dip",
        "imgName": "531850.jpg",
        "imgSrc": "https://cdn0.woolworths.media/content/wowproductimages/medium/531850.jpg",
        "name": "Yumi's Chipotle Hommus Dip 200g",
        "price": 4,
        "special": 3,
        "unitPrice": "$15.00 / 1KG"
    },
    {
        "category": "specials",
        "href": "https://www.woolworths.com.au/shop/productdetails/658777/edgell-pinto-beans",
        "imgName": "658777.jpg",
        "imgSrc": "https://cdn0.woolworths.media/content/wowproductimages/medium/658777.jpg",
        "name": "Edgell Pinto Beans  400g",
        "price": 1.95,
        "unitPrice": "$4.88 / 1KG"
    },
    {
        "category": "specials",
        "href": "https://www.woolworths.com.au/shop/productdetails/3805/tip-top-raisin-toast",
        "imgName": "003805.jpg",
        "imgSrc": "https://cdn0.woolworths.media/content/wowproductimages/medium/003805.jpg",
        "name": "Tip Top Raisin Toast  520g",
        "price": 3.5,
        "unitPrice": "$0.67 / 100G"
    },
    {
        "category": "specials",
        "href": "https://www.woolworths.com.au/shop/productdetails/753175/woolworths-peach-sliced-in-juice-australian",
        "imgName": "753175.jpg",
        "imgSrc": "https://cdn0.woolworths.media/content/wowproductimages/medium/753175.jpg",
        "name": "Woolworths Peach Sliced In Juice Australian 820g",
        "price": 2.8,
        "unitPrice": "$3.41 / 1KG"
    },
    {
        "category": "specials",
        "href": "https://www.woolworths.com.au/shop/productdetails/894798/blass-reserve-release-shiraz",
        "imgName": "894798.jpg",
        "imgSrc": "https://cdn0.woolworths.media/content/wowproductimages/medium/894798.jpg",
        "name": "Blass Reserve Release Shiraz 750ml",
        "price": 22,
        "special": 17
    },
    {
        "category": "specials",
        "href": "https://www.woolworths.com.au/shop/productdetails/612389/l-oreal-colorista-wash-out-lilac",
        "imgName": "612389.jpg",
        "imgSrc": "https://cdn0.woolworths.media/content/wowproductimages/medium/612389.jpg",
        "name": "L'oreal Colorista Wash Out Lilac 80ml",
        "price": 16.5,
        "special": 11.5,
        "unitPrice": "$14.38 / 100ML"
    },
    {
        "category": "specials",
        "href": "https://www.woolworths.com.au/shop/productdetails/248348/annalisa-beans-red-kidney",
        "imgName": "248348.jpg",
        "imgSrc": "https://cdn0.woolworths.media/content/wowproductimages/medium/248348.jpg",
        "name": "Annalisa Beans Red Kidney 400g",
        "price": 1.5,
        "special": 1,
        "unitPrice": "$2.50 / 1KG"
    },
    {
        "category": "specials",
        "href": "https://www.woolworths.com.au/shop/productdetails/362205/arras-brut-elite",
        "imgName": "362205.jpg",
        "imgSrc": "https://cdn0.woolworths.media/content/wowproductimages/medium/362205.jpg",
        "name": "Arras Brut Elite 750ml",
        "price": 45,
        "special": 37
    },
    {
        "category": "specials",
        "href": "https://www.woolworths.com.au/shop/productdetails/244982/coca-cola-zero",
        "imgName": "244982.jpg",
        "imgSrc": "https://cdn0.woolworths.media/content/wowproductimages/medium/244982.jpg",
        "name": "Coca Cola Zero  600ml",
        "price": 3.6,
        "unitPrice": "$6.00 / 1L"
    },
    {
        "category": "specials",
        "href": "https://www.woolworths.com.au/shop/productdetails/360233/monteith-s-pear-cider-crushed-bottles",
        "imgName": "360233.jpg",
        "imgSrc": "https://cdn0.woolworths.media/content/wowproductimages/medium/360233.jpg",
        "name": "Monteith's Pear Cider Crushed Bottles 4x330ml pack",
        "price": 16,
        "special": 10
    },
    {
        "category": "specials",
        "href": "https://www.woolworths.com.au/shop/productdetails/726604/woolworths-select-pads-wings-ultra-thin-night-time",
        "imgName": "726604.jpg",
        "imgSrc": "https://cdn0.woolworths.media/content/wowproductimages/medium/726604.jpg",
        "name": "Woolworths Select Pads Wings Ultra Thin Night Time 10pk",
        "price": 2.25,
        "unitPrice": "$0.23 / 1EA"
    },
    {
        "category": "specials",
        "href": "https://www.woolworths.com.au/shop/productdetails/842124/dolmio-classic-tomato-oregano-sauce",
        "imgName": "842124.jpg",
        "imgSrc": "https://cdn0.woolworths.media/content/wowproductimages/medium/842124.jpg",
        "name": "Dolmio Classic Tomato & Oregano Sauce 500g",
        "price": 2,
        "unitPrice": "$0.40 / 100G"
    },
    {
        "category": "specials",
        "href": "https://www.woolworths.com.au/shop/productdetails/187387/woolworths-extra-soft-spicy-fruit-loaf",
        "imgName": "187387.jpg",
        "imgSrc": "https://cdn0.woolworths.media/content/wowproductimages/medium/187387.jpg",
        "name": "Woolworths Extra Soft Spicy Fruit Loaf 680g",
        "price": 3,
        "unitPrice": "$0.44 / 100G"
    },
    {
        "category": "specials",
        "href": "https://www.woolworths.com.au/shop/productdetails/750772/woolworths-select-vegetable-oil",
        "imgName": "750772.jpg",
        "imgSrc": "https://cdn0.woolworths.media/content/wowproductimages/medium/750772.jpg",
        "name": "Woolworths Select Vegetable Oil 2l",
        "price": 6,
        "unitPrice": "$0.30 / 100ML"
    },
    {
        "category": "specials",
        "href": "https://www.woolworths.com.au/shop/productdetails/782242/mckenzie-s-coconut-shredded",
        "imgName": "782242.jpg",
        "imgSrc": "https://cdn0.woolworths.media/content/wowproductimages/medium/782242.jpg",
        "name": "Mckenzie's Coconut Shredded 215g",
        "price": 3.3,
        "special": 3,
        "unitPrice": "$13.95 / 1KG"
    },
    {
        "category": "specials",
        "href": "https://www.woolworths.com.au/shop/productdetails/479941/libra-extra-sanitary-pads-regular",
        "imgName": "479941.jpg",
        "imgSrc": "https://cdn0.woolworths.media/content/wowproductimages/medium/479941.jpg",
        "name": "Libra Extra Sanitary Pads Regular 14pk",
        "price": 4.65,
        "unitPrice": "$0.33 / 1EA"
    },
    {
        "category": "specials",
        "href": "https://www.woolworths.com.au/shop/productdetails/55196/woolworths-cake-chocolate-mud",
        "imgName": "055196.jpg",
        "imgSrc": "https://cdn0.woolworths.media/content/wowproductimages/medium/055196.jpg",
        "name": "Woolworths Cake Chocolate Mud 585g",
        "price": 4.4,
        "unitPrice": "$4.40 / 1EA"
    },
    {
        "category": "specials",
        "href": "https://www.woolworths.com.au/shop/productdetails/726361/woolworths-select-banana-chips",
        "imgName": "726361.jpg",
        "imgSrc": "https://cdn0.woolworths.media/content/wowproductimages/medium/726361.jpg",
        "name": "Woolworths Select Banana Chips 300g",
        "price": 3,
        "unitPrice": "$10.00 / 1KG"
    },
    {
        "category": "specials",
        "href": "https://www.woolworths.com.au/shop/productdetails/860745/heinz-creationz-salsa-chilli-beanz",
        "imgName": "860745.jpg",
        "imgSrc": "https://cdn0.woolworths.media/content/wowproductimages/medium/860745.jpg",
        "name": "Heinz Creationz Salsa Chilli Beanz 420g",
        "price": 2.5,
        "special": 2,
        "unitPrice": "$0.48 / 100G"
    },
    {
        "category": "specials",
        "href": "https://www.woolworths.com.au/shop/productdetails/731030/twisted-frozen-yoghurt-strawberry-vanilla",
        "imgName": "731030.jpg",
        "imgSrc": "https://cdn0.woolworths.media/content/wowproductimages/medium/731030.jpg",
        "name": "Twisted Frozen Yoghurt Strawberry & Vanilla 450ml tub",
        "price": 6.99,
        "unitPrice": "$1.46 / 100ML"
    },
    {
        "category": "specials",
        "href": "https://www.woolworths.com.au/shop/productdetails/482323/radiant-colour-care-laundry-liquid-front-top-loader",
        "imgName": "482323.jpg",
        "imgSrc": "https://cdn0.woolworths.media/content/wowproductimages/medium/482323.jpg",
        "name": "Radiant Colour Care Laundry Liquid Front & Top Loader 1l",
        "price": 6,
        "unitPrice": "$6.00 / 1L"
    },
    {
        "category": "specials",
        "href": "https://www.woolworths.com.au/shop/productdetails/333358/golden-circle-beetroot-diced",
        "imgName": "333358.jpg",
        "imgSrc": "https://cdn0.woolworths.media/content/wowproductimages/medium/333358.jpg",
        "name": "Golden Circle Beetroot Diced 450g",
        "price": 2,
        "unitPrice": "$4.44 / 1KG"
    },
    {
        "category": "specials",
        "href": "https://www.woolworths.com.au/shop/productdetails/602032/essano-conditioner-acai-colour",
        "imgName": "602032.jpg",
        "imgSrc": "https://cdn0.woolworths.media/content/wowproductimages/medium/602032.jpg",
        "name": "Essano Conditioner Acai Colour 300ml",
        "price": 16,
        "special": 13,
        "unitPrice": "$4.33 / 100ML"
    },
    {
        "category": "specials",
        "href": "https://www.woolworths.com.au/shop/productdetails/788471/mckenzie-s-quinoa-flour",
        "imgName": "788471.jpg",
        "imgSrc": "https://cdn0.woolworths.media/content/wowproductimages/medium/788471.jpg",
        "name": "Mckenzie's Quinoa Flour  350g",
        "price": 8.6,
        "special": 8,
        "unitPrice": "$22.86 / 1KG"
    },
    {
        "category": "specials",
        "href": "https://www.woolworths.com.au/shop/productdetails/657307/mishka-vodka-lemon-lime-bitters-bottles",
        "imgName": "657307.jpg",
        "imgSrc": "https://cdn0.woolworths.media/content/wowproductimages/medium/657307.jpg",
        "name": "Mishka Vodka Lemon Lime & Bitters Bottles 4x275ml pack",
        "price": 14,
        "special": 12
    },
    {
        "category": "specials",
        "href": "https://www.woolworths.com.au/shop/productdetails/312798/south-cape-herb-garlic-cream-cheese",
        "imgName": "312798.jpg",
        "imgSrc": "https://cdn0.woolworths.media/content/wowproductimages/medium/312798.jpg",
        "name": "South Cape Herb & Garlic Cream Cheese 200g",
        "price": 4.29,
        "special": 3.5,
        "unitPrice": "$17.50 / 1KG"
    },
    {
        "category": "specials",
        "href": "https://www.woolworths.com.au/shop/productdetails/36013/arnott-s-scotch-finger",
        "imgName": "036013.jpg",
        "imgSrc": "https://cdn0.woolworths.media/content/wowproductimages/medium/036013.jpg",
        "name": "Arnott's Scotch Finger  250g",
        "price": 2.85,
        "special": 2,
        "unitPrice": "$0.80 / 100G"
    },
    {
        "category": "specials",
        "href": "https://www.woolworths.com.au/shop/productdetails/622217/harpic-fresh-power-toilet-cleaner-tropical-blossom",
        "imgName": "622217.jpg",
        "imgSrc": "https://cdn0.woolworths.media/content/wowproductimages/medium/622217.jpg",
        "name": "Harpic Fresh Power Toilet Cleaner Tropical Blossom 700ml",
        "price": 5,
        "special": 4.4,
        "unitPrice": "$0.63 / 100ML"
    },
    {
        "category": "specials",
        "href": "https://www.woolworths.com.au/shop/productdetails/193882/maggie-beer-paste-cabernet",
        "imgName": "193882.jpg",
        "imgSrc": "https://cdn0.woolworths.media/content/wowproductimages/medium/193882.jpg",
        "name": "Maggie Beer Paste Cabernet 100g",
        "price": 5.98,
        "special": 5,
        "unitPrice": "$50.00 / 1KG"
    },
    {
        "category": "specials",
        "href": "https://www.woolworths.com.au/shop/productdetails/983404/matilda-bay-wild-yak-pacific-ale-bottles",
        "imgName": "983404.jpg",
        "imgSrc": "https://cdn0.woolworths.media/content/wowproductimages/medium/983404.jpg",
        "name": "Matilda Bay Wild Yak Pacific Ale Bottles 24x345ml case",
        "price": 62,
        "special": 53
    },
    {
        "category": "specials",
        "href": "https://www.woolworths.com.au/shop/productdetails/36512/heinz-baked-beans-ham-sauce",
        "imgName": "036512.jpg",
        "imgSrc": "https://cdn0.woolworths.media/content/wowproductimages/medium/036512.jpg",
        "name": "Heinz Baked Beans Ham Sauce 220g",
        "price": 1.65,
        "special": 1.4,
        "unitPrice": "$0.64 / 100G"
    },
    {
        "category": "specials",
        "href": "https://www.woolworths.com.au/shop/productdetails/65596/tiger-asian-lager-bottles",
        "imgName": "065596.jpg",
        "imgSrc": "https://cdn0.woolworths.media/content/wowproductimages/medium/065596.jpg",
        "name": "Tiger Asian Lager Bottles 24x330ml case",
        "price": 56,
        "special": 46
    },
    {
        "category": "specials",
        "href": "https://www.woolworths.com.au/shop/productdetails/514463/kettle-sweet-salty-popcorn",
        "imgName": "514463.jpg",
        "imgSrc": "https://cdn0.woolworths.media/content/wowproductimages/medium/514463.jpg",
        "name": "Kettle Sweet & Salty Popcorn 110g",
        "price": 3.19,
        "special": 2.5,
        "unitPrice": "$2.27 / 100G"
    },
    {
        "category": "specials",
        "href": "https://www.woolworths.com.au/shop/productdetails/662854/pure-sky-peppercorn-pesto-butter-blend",
        "imgName": "662854.jpg",
        "imgSrc": "https://cdn0.woolworths.media/content/wowproductimages/medium/662854.jpg",
        "name": "Pure Sky Peppercorn & Pesto Butter Blend 250g",
        "price": 5,
        "special": 4,
        "unitPrice": "$1.60 / 100G"
    },
    {
        "category": "specials",
        "href": "https://www.woolworths.com.au/shop/productdetails/541271/moccona-caffitaly-coffee-capsules-dark-roast",
        "imgName": "541271.jpg",
        "imgSrc": "https://cdn0.woolworths.media/content/wowproductimages/medium/541271.jpg",
        "name": "Moccona Caffitaly Coffee Capsules Dark Roast 10pk 80g",
        "price": 5.5,
        "special": 4,
        "unitPrice": "$5.00 / 100G"
    },
    {
        "category": "specials",
        "href": "https://www.woolworths.com.au/shop/productdetails/73833/southern-comfort-bourbon",
        "imgName": "073833.jpg",
        "imgSrc": "https://cdn0.woolworths.media/content/wowproductimages/medium/073833.jpg",
        "name": "Southern Comfort Bourbon  700ml",
        "price": 43,
        "special": 38
    },
    {
        "category": "specials",
        "href": "https://www.woolworths.com.au/shop/productdetails/344052/pedigree-treat-dentastix-large-dog",
        "imgName": "344052.jpg",
        "imgSrc": "https://cdn0.woolworths.media/content/wowproductimages/medium/344052.jpg",
        "name": "Pedigree Treat Dentastix Large Dog 28pk",
        "price": 17.5,
        "special": 12,
        "unitPrice": "$0.43 / 1EA"
    },
    {
        "category": "specials",
        "href": "https://www.woolworths.com.au/shop/productdetails/38898/peck-s-devilled-ham-spread",
        "imgName": "038898.jpg",
        "imgSrc": "https://cdn0.woolworths.media/content/wowproductimages/medium/038898.jpg",
        "name": "Peck's Devilled Ham Spread 125g",
        "price": 2.7,
        "special": 2,
        "unitPrice": "$1.60 / 100G"
    },
    {
        "category": "specials",
        "href": "https://www.woolworths.com.au/shop/productdetails/485730/essano-conditioner-nourishing-argan-oil",
        "imgName": "485730.jpg",
        "imgSrc": "https://cdn0.woolworths.media/content/wowproductimages/medium/485730.jpg",
        "name": "Essano Conditioner Nourishing Argan Oil 300ml",
        "price": 16,
        "special": 13,
        "unitPrice": "$4.33 / 100ML"
    },
    {
        "category": "specials",
        "href": "https://www.woolworths.com.au/shop/productdetails/726282/woolworths-almonds-natural",
        "imgName": "726282.jpg",
        "imgSrc": "https://cdn0.woolworths.media/content/wowproductimages/medium/726282.jpg",
        "name": "Woolworths Almonds Natural 150g",
        "price": 4,
        "special": 3.5,
        "unitPrice": "$23.33 / 1KG"
    },
    {
        "category": "specials",
        "href": "https://www.woolworths.com.au/shop/productdetails/216/eveready-super-heavy-duty-aaa-batteries",
        "imgName": "000216.jpg",
        "imgSrc": "https://cdn0.woolworths.media/content/wowproductimages/medium/000216.jpg",
        "name": "Eveready Super Heavy Duty Aaa Batteries  4pk",
        "price": 3.5,
        "unitPrice": "$0.88 / 1EA"
    },
    {
        "category": "specials",
        "href": "https://www.woolworths.com.au/shop/productdetails/263634/9-grain-tip-top-plus-wholemeal",
        "imgName": "263634.jpg",
        "imgSrc": "https://cdn0.woolworths.media/content/wowproductimages/medium/263634.jpg",
        "name": "9 Grain Tip Top Plus Wholemeal 750g",
        "price": 3.3,
        "unitPrice": "$0.44 / 100G"
    },
    {
        "category": "specials",
        "href": "https://www.woolworths.com.au/shop/productdetails/346131/woolworths-chicken-mayonnaise",
        "imgName": "346131.jpg",
        "imgSrc": "https://cdn0.woolworths.media/content/wowproductimages/medium/346131.jpg",
        "name": "Woolworths Chicken Mayonnaise 85g",
        "price": 1.29,
        "unitPrice": "$15.18 / 1KG"
    },
    {
        "category": "specials",
        "href": "https://www.woolworths.com.au/shop/productdetails/784291/tip-top-wholemeal-raisin-toast",
        "imgName": "784291.jpg",
        "imgSrc": "https://cdn0.woolworths.media/content/wowproductimages/medium/784291.jpg",
        "name": "Tip Top Wholemeal Raisin Toast 600g",
        "price": 3.5,
        "unitPrice": "$0.58 / 100G"
    },
    {
        "category": "specials",
        "href": "https://www.woolworths.com.au/shop/productdetails/749370/maybelline-mascara-falsies-everlasting-black",
        "imgName": "749370.jpg",
        "imgSrc": "https://cdn0.woolworths.media/content/wowproductimages/medium/749370.jpg",
        "name": "Maybelline Mascara Falsies Everlasting Black each",
        "price": 19.95,
        "special": 13.95,
        "unitPrice": "$15.16 / 10ML"
    },
    {
        "category": "specials",
        "href": "https://www.woolworths.com.au/shop/productdetails/777738/bonvallis-cracker-olive-oil-tortas",
        "imgName": "777738.jpg",
        "imgSrc": "https://cdn0.woolworths.media/content/wowproductimages/medium/777738.jpg",
        "name": "Bonvallis Cracker Olive Oil Tortas 180g",
        "price": 4.99,
        "special": 4.5,
        "unitPrice": "$2.50 / 100G"
    },
    {
        "category": "specials",
        "href": "https://www.woolworths.com.au/shop/productdetails/204839/heinz-classic-canned-soup-chicken-sweetcorn",
        "imgName": "204839.jpg",
        "imgSrc": "https://cdn0.woolworths.media/content/wowproductimages/medium/204839.jpg",
        "name": "Heinz Classic Canned Soup Chicken & Sweetcorn 535g",
        "price": 2.5,
        "unitPrice": "$0.47 / 100G"
    },
    {
        "category": "specials",
        "href": "https://www.woolworths.com.au/shop/productdetails/124566/energizer-advanced-aaa-batteries",
        "imgName": "124566.jpg",
        "imgSrc": "https://cdn0.woolworths.media/content/wowproductimages/medium/124566.jpg",
        "name": "Energizer Advanced Aaa Batteries  4pk",
        "price": 7,
        "unitPrice": "$1.75 / 1EA"
    },
    {
        "category": "specials",
        "href": "https://www.woolworths.com.au/shop/productdetails/535816/mcwilliams-max-tawny-with-whisky-blend",
        "imgName": "535816.jpg",
        "imgSrc": "https://cdn0.woolworths.media/content/wowproductimages/medium/535816.jpg",
        "name": "Mcwilliams Max Tawny With Whisky Blend 500ml",
        "price": 30,
        "special": 25
    },
    {
        "category": "specials",
        "href": "https://www.woolworths.com.au/shop/productdetails/341002/coopers-clear-clear-low-carb-lager-bottles",
        "imgName": "341002.jpg",
        "imgSrc": "https://cdn0.woolworths.media/content/wowproductimages/medium/341002.jpg",
        "name": "Coopers Clear Clear Low Carb Lager Bottles 24x355ml case",
        "price": 54,
        "special": 45
    },
    {
        "category": "specials",
        "href": "https://www.woolworths.com.au/shop/productdetails/227107/edgell-chick-peas",
        "imgName": "227107.jpg",
        "imgSrc": "https://cdn0.woolworths.media/content/wowproductimages/medium/227107.jpg",
        "name": "Edgell Chick Peas  400g",
        "price": 1.78,
        "unitPrice": "$4.45 / 1KG"
    },
    {
        "category": "specials",
        "href": "https://www.woolworths.com.au/shop/productdetails/25494/rexona-women-antiperspirant-deodorant-spray-classic",
        "imgName": "025494.jpg",
        "imgSrc": "https://cdn0.woolworths.media/content/wowproductimages/medium/025494.jpg",
        "name": "Rexona Women Antiperspirant Deodorant Spray Classic 250ml",
        "price": 7,
        "special": 5,
        "unitPrice": "$2.00 / 100ML"
    },
    {
        "category": "specials",
        "href": "https://www.woolworths.com.au/shop/productdetails/522881/tefal-cook-right-wokpan-black",
        "imgName": "522881.jpg",
        "imgSrc": "https://cdn0.woolworths.media/content/wowproductimages/medium/522881.jpg",
        "name": "Tefal Cook Right Wokpan Black 28cm each",
        "price": 38,
        "special": 28.5
    },
    {
        "category": "specials",
        "href": "https://www.woolworths.com.au/shop/productdetails/72962/crown-lager-stubbies",
        "imgName": "072962.jpg",
        "imgSrc": "https://cdn0.woolworths.media/content/wowproductimages/medium/072962.jpg",
        "name": "Crown Lager Stubbies 24x375ml case",
        "price": 61,
        "special": 52
    },
    {
        "category": "specials",
        "href": "https://www.woolworths.com.au/shop/productdetails/768586/fresh-olives-kalamata-sliced",
        "imgName": "768586.jpg",
        "imgSrc": "https://cdn0.woolworths.media/content/wowproductimages/medium/768586.jpg",
        "name": "Fresh Olives Kalamata Sliced per kg",
        "price": 19.95,
        "unitPrice": "$2.00 / 100G"
    },
    {
        "category": "specials",
        "href": "https://www.woolworths.com.au/shop/productdetails/98549/san-remo-curls-pasta-no-27",
        "imgName": "098549.jpg",
        "imgSrc": "https://cdn0.woolworths.media/content/wowproductimages/medium/098549.jpg",
        "name": "San Remo Curls Pasta No 27 500g",
        "price": 1.95,
        "unitPrice": "$0.39 / 100G"
    },
    {
        "category": "specials",
        "href": "https://www.woolworths.com.au/shop/productdetails/475347/surf-laundry-powder-sunshine",
        "imgName": "475347.jpg",
        "imgSrc": "https://cdn0.woolworths.media/content/wowproductimages/medium/475347.jpg",
        "name": "Surf Laundry Powder Sunshine 2kg",
        "price": 7,
        "unitPrice": "$3.50 / 1KG"
    },
    {
        "category": "specials",
        "href": "https://www.woolworths.com.au/shop/productdetails/114462/always-fresh-cucumbers-baby",
        "imgName": "114462.jpg",
        "imgSrc": "https://cdn0.woolworths.media/content/wowproductimages/medium/114462.jpg",
        "name": "Always Fresh Cucumbers Baby 350g",
        "price": 3.5,
        "special": 1.75,
        "unitPrice": "$5.00 / 1KG"
    },
    {
        "category": "specials",
        "href": "https://www.woolworths.com.au/shop/productdetails/7932/mckenzie-s-baking-powder",
        "imgName": "007932.jpg",
        "imgSrc": "https://cdn0.woolworths.media/content/wowproductimages/medium/007932.jpg",
        "name": "Mckenzie's Baking Powder 125g",
        "price": 2.5,
        "special": 2,
        "unitPrice": "$1.60 / 100G"
    },
    {
        "category": "specials",
        "href": "https://www.woolworths.com.au/shop/productdetails/501983/santino-prosecco",
        "imgName": "501983.jpg",
        "imgSrc": "https://cdn0.woolworths.media/content/wowproductimages/medium/501983.jpg",
        "name": "Santino Prosecco  750ml",
        "price": 24,
        "special": 19
    },
    {
        "category": "specials",
        "href": "https://www.woolworths.com.au/shop/productdetails/49622/golden-crumpets-round",
        "imgName": "049622.jpg",
        "imgSrc": "https://cdn0.woolworths.media/content/wowproductimages/medium/049622.jpg",
        "name": "Golden Crumpets Round 6pk 300g",
        "price": 3.3,
        "special": 2,
        "unitPrice": "$0.33 / 1EA"
    },
    {
        "category": "specials",
        "href": "https://www.woolworths.com.au/shop/productdetails/501407/woolworths-snapz-cracked-pepper",
        "imgName": "501407.jpg",
        "imgSrc": "https://cdn0.woolworths.media/content/wowproductimages/medium/501407.jpg",
        "name": "Woolworths Snapz Cracked Pepper  250g",
        "price": 1.5,
        "unitPrice": "$0.60 / 100G"
    },
    {
        "category": "specials",
        "href": "https://www.woolworths.com.au/shop/productdetails/69287/bega-peanut-butter-crunchy",
        "imgName": "069287.jpg",
        "imgSrc": "https://cdn0.woolworths.media/content/wowproductimages/medium/069287.jpg",
        "name": "Bega Peanut Butter Crunchy 500g",
        "price": 5.7,
        "special": 5,
        "unitPrice": "$1.00 / 100G"
    },
    {
        "category": "specials",
        "href": "https://www.woolworths.com.au/shop/productdetails/339095/port-stephens-free-range-eggs",
        "imgName": "339095.jpg",
        "imgSrc": "https://cdn0.woolworths.media/content/wowproductimages/medium/339095.jpg",
        "name": "Port Stephens Free Range Eggs 18pk 900g",
        "price": 8.5,
        "special": 7.5,
        "unitPrice": "$0.83 / 100G"
    },
    {
        "category": "specials",
        "href": "https://www.woolworths.com.au/shop/productdetails/480937/baxter-s-dog-food-senior-turkey",
        "imgName": "480937.jpg",
        "imgSrc": "https://cdn0.woolworths.media/content/wowproductimages/medium/480937.jpg",
        "name": "Baxter's Dog Food Senior Turkey 3kg",
        "price": 6,
        "unitPrice": "$0.20 / 100G"
    },
    {
        "category": "specials",
        "href": "https://www.woolworths.com.au/shop/productdetails/39331/gravox-gravy-mix-lite-supreme",
        "imgName": "039331.jpg",
        "imgSrc": "https://cdn0.woolworths.media/content/wowproductimages/medium/039331.jpg",
        "name": "Gravox Gravy Mix Lite Supreme 425g",
        "price": 4.5,
        "special": 4,
        "unitPrice": "$0.09 / 10G"
    },
    {
        "category": "specials",
        "href": "https://www.woolworths.com.au/shop/productdetails/622585/maybelline-color-sensational-matte-nudes-lipstick-beige-babe",
        "imgName": "622585.jpg",
        "imgSrc": "https://cdn0.woolworths.media/content/wowproductimages/medium/622585.jpg",
        "name": "Maybelline Color Sensational Matte Nudes Lipstick Beige Babe 4.2g",
        "price": 17.95,
        "special": 12.55,
        "unitPrice": "$29.88 / 10G"
    },
    {
        "category": "specials",
        "href": "https://www.woolworths.com.au/shop/productdetails/96730/white-wings-pancake-mix-original-shaker",
        "imgName": "096730.jpg",
        "imgSrc": "https://cdn0.woolworths.media/content/wowproductimages/medium/096730.jpg",
        "name": "White Wings Pancake Mix Original Shaker 350g",
        "price": 2.5,
        "unitPrice": "$0.71 / 100G"
    },
    {
        "category": "specials",
        "href": "https://www.woolworths.com.au/shop/productdetails/421464/woolworths-cookie-cranberry-white-chocolate",
        "imgName": "421464.jpg",
        "imgSrc": "https://cdn0.woolworths.media/content/wowproductimages/medium/421464.jpg",
        "name": "Woolworths Cookie Cranberry & White Chocolate 5pk 290g",
        "price": 2.5,
        "unitPrice": "$0.50 / 1EA"
    },
    {
        "category": "specials",
        "href": "https://www.woolworths.com.au/shop/productdetails/517808/voeu-eye-lip-make-up-remover",
        "imgName": "517808.jpg",
        "imgSrc": "https://cdn0.woolworths.media/content/wowproductimages/medium/517808.jpg",
        "name": "Voeu Eye & Lip Make Up Remover  125ml",
        "price": 4,
        "special": 2.5,
        "unitPrice": "$2.00 / 100ML"
    },
    {
        "category": "specials",
        "href": "https://www.woolworths.com.au/shop/productdetails/710986/heinz-seriously-good-creamy-tartare",
        "imgName": "710986.jpg",
        "imgSrc": "https://cdn0.woolworths.media/content/wowproductimages/medium/710986.jpg",
        "name": "Heinz Seriously Good Creamy Tartare 295ml",
        "price": 4,
        "special": 3.5,
        "unitPrice": "$1.19 / 100ML"
    },
    {
        "category": "specials",
        "href": "https://www.woolworths.com.au/shop/productdetails/48166/ajax-spray-n-wipe-multipurpose-cleaner-lemon-refill",
        "imgName": "048166.jpg",
        "imgSrc": "https://cdn0.woolworths.media/content/wowproductimages/medium/048166.jpg",
        "name": "Ajax Spray N Wipe Multipurpose Cleaner Lemon Refill 750ml",
        "price": 3.5,
        "unitPrice": "$0.47 / 100ML"
    },
    {
        "category": "specials",
        "href": "https://www.woolworths.com.au/shop/productdetails/25065/moro-extra-virgin-olive-oil",
        "imgName": "025065.jpg",
        "imgSrc": "https://cdn0.woolworths.media/content/wowproductimages/medium/025065.jpg",
        "name": "Moro Extra Virgin Olive Oil 500ml",
        "price": 8,
        "unitPrice": "$1.60 / 100ML"
    },
    {
        "category": "specials",
        "href": "https://www.woolworths.com.au/shop/productdetails/35496/woolworths-bread-wholemeal-loaf",
        "imgName": "035496.jpg",
        "imgSrc": "https://cdn0.woolworths.media/content/wowproductimages/medium/035496.jpg",
        "name": "Woolworths Bread Wholemeal Loaf 680g",
        "price": 1.8,
        "unitPrice": "$0.26 / 100G"
    },
    {
        "category": "specials",
        "href": "https://www.woolworths.com.au/shop/productdetails/110572/castello-soft-mild-blue-cheese",
        "imgName": "110572.jpg",
        "imgSrc": "https://cdn0.woolworths.media/content/wowproductimages/medium/110572.jpg",
        "name": "Castello Soft Mild Blue Cheese 300g",
        "price": 11.99,
        "special": 9,
        "unitPrice": "$30.00 / 1KG"
    },
    {
        "category": "specials",
        "href": "https://www.woolworths.com.au/shop/productdetails/48548/tabasco-sauce-green-pepper-mild",
        "imgName": "048548.jpg",
        "imgSrc": "https://cdn0.woolworths.media/content/wowproductimages/medium/048548.jpg",
        "name": "Tabasco Sauce Green Pepper Mild 60ml",
        "price": 4.4,
        "special": 3.5,
        "unitPrice": "$5.83 / 100ML"
    },
    {
        "category": "specials",
        "href": "https://www.woolworths.com.au/shop/productdetails/861848/bowmore-small-batch-whisky",
        "imgName": "861848.jpg",
        "imgSrc": "https://cdn0.woolworths.media/content/wowproductimages/medium/861848.jpg",
        "name": "Bowmore Small Batch Whisky 700ml",
        "price": 83,
        "special": 70
    },
    {
        "category": "specials",
        "href": "https://www.woolworths.com.au/shop/productdetails/777161/woolworths-turkish-rolls",
        "imgName": "777161.jpg",
        "imgSrc": "https://cdn0.woolworths.media/content/wowproductimages/medium/777161.jpg",
        "name": "Woolworths Turkish Rolls  3pk",
        "price": 2.5,
        "unitPrice": "$0.83 / 1EA"
    },
    {
        "category": "specials",
        "href": "https://www.woolworths.com.au/shop/productdetails/856760/pantene-pro-v-colour-therapy-conditioner",
        "imgName": "856760.jpg",
        "imgSrc": "https://cdn0.woolworths.media/content/wowproductimages/medium/856760.jpg",
        "name": "Pantene Pro-v Colour Therapy Conditioner 500ml",
        "price": 6,
        "unitPrice": "$1.20 / 100ML"
    },
    {
        "category": "specials",
        "href": "https://www.woolworths.com.au/shop/productdetails/629991/maggie-beer-duck-fig-ginger-pate",
        "imgName": "629991.jpg",
        "imgSrc": "https://cdn0.woolworths.media/content/wowproductimages/medium/629991.jpg",
        "name": "Maggie Beer Duck Fig & Ginger Pate 120g",
        "price": 7,
        "special": 5,
        "unitPrice": "$41.67 / 1KG"
    },
    {
        "category": "specials",
        "href": "https://www.woolworths.com.au/shop/productdetails/407200/woolworths-canned-soup-home-style-sweet-potato-pumpkin",
        "imgName": "407200.jpg",
        "imgSrc": "https://cdn0.woolworths.media/content/wowproductimages/medium/407200.jpg",
        "name": "Woolworths Canned Soup Home Style Sweet Potato & Pumpkin 505g",
        "price": 2,
        "unitPrice": "$0.40 / 100G"
    },
    {
        "category": "specials",
        "href": "https://www.woolworths.com.au/shop/productdetails/599338/inspire-white-side-plate",
        "imgName": "599338.jpg",
        "imgSrc": "https://cdn0.woolworths.media/content/wowproductimages/medium/599338.jpg",
        "name": "Inspire White Side Plate  1ea",
        "price": 5,
        "special": 4
    },
    {
        "category": "specials",
        "href": "https://www.woolworths.com.au/shop/productdetails/746874/woolworths-loaf-pane-di-casa",
        "imgName": "746874.jpg",
        "imgSrc": "https://cdn0.woolworths.media/content/wowproductimages/medium/746874.jpg",
        "name": "Woolworths Loaf Pane Di Casa 520g",
        "price": 3,
        "unitPrice": "$0.58 / 100G"
    },
    {
        "category": "specials",
        "href": "https://www.woolworths.com.au/shop/productdetails/826552/colgate-toothpaste-pro-clean-breath",
        "imgName": "826552.jpg",
        "imgSrc": "https://cdn0.woolworths.media/content/wowproductimages/medium/826552.jpg",
        "name": "Colgate Toothpaste Pro Clean Breath 170g",
        "price": 7,
        "special": 6,
        "unitPrice": "$3.53 / 100G"
    },
    {
        "category": "specials",
        "href": "https://www.woolworths.com.au/shop/productdetails/902732/johnnie-walker-red-label-whisky-cola-cans",
        "imgName": "902732.jpg",
        "imgSrc": "https://cdn0.woolworths.media/content/wowproductimages/medium/902732.jpg",
        "name": "Johnnie Walker Red Label Whisky & Cola Cans 24x375ml",
        "price": 87,
        "special": 76
    },
    {
        "category": "specials",
        "href": "https://www.woolworths.com.au/shop/productdetails/331591/abbott-s-village-bakery-farmhouse-wholemeal-bread",
        "imgName": "331591.jpg",
        "imgSrc": "https://cdn0.woolworths.media/content/wowproductimages/medium/331591.jpg",
        "name": "Abbott's Village Bakery Farmhouse Wholemeal Bread 750g",
        "price": 3.5,
        "unitPrice": "$0.47 / 100G"
    },
    {
        "category": "specials",
        "href": "https://www.woolworths.com.au/shop/productdetails/535524/woolworths-apple-in-pineapple-jelly",
        "imgName": "535524.jpg",
        "imgSrc": "https://cdn0.woolworths.media/content/wowproductimages/medium/535524.jpg",
        "name": "Woolworths Apple In Pineapple Jelly  4pk 480g",
        "price": 2.5,
        "unitPrice": "$5.21 / 1KG"
    },
    {
        "category": "specials",
        "href": "https://www.woolworths.com.au/shop/productdetails/522653/heinz-ketchup-fiery-chilli",
        "imgName": "522653.jpg",
        "imgSrc": "https://cdn0.woolworths.media/content/wowproductimages/medium/522653.jpg",
        "name": "Heinz Ketchup Fiery Chilli 220ml",
        "price": 2.75,
        "special": 2,
        "unitPrice": "$0.91 / 100ML"
    },
    {
        "category": "specials",
        "href": "https://www.woolworths.com.au/shop/productdetails/540654/blass-reserve-release-prosecco",
        "imgName": "540654.jpg",
        "imgSrc": "https://cdn0.woolworths.media/content/wowproductimages/medium/540654.jpg",
        "name": "Blass Reserve Release Prosecco 750ml",
        "price": 22,
        "special": 17
    },
    {
        "category": "specials",
        "href": "https://www.woolworths.com.au/shop/productdetails/662542/zyrtec-liquid-capsules",
        "imgName": "662542.jpg",
        "imgSrc": "https://cdn0.woolworths.media/content/wowproductimages/medium/662542.jpg",
        "name": "Zyrtec Liquid Capsules  10pk",
        "price": 13.5,
        "special": 12,
        "unitPrice": "$1.20 / 1EA"
    },
    {
        "category": "specials",
        "href": "https://www.woolworths.com.au/shop/productdetails/658012/jack-daniels-whiskey-zero-sugar",
        "imgName": "658012.jpg",
        "imgSrc": "https://cdn0.woolworths.media/content/wowproductimages/medium/658012.jpg",
        "name": "Jack Daniels Whiskey & Zero Sugar 24x375ml case",
        "price": 96,
        "special": 86
    },
    {
        "category": "specials",
        "href": "https://www.woolworths.com.au/shop/productdetails/659108/james-squire-150-lashes-pale-ale-cans",
        "imgName": "659108.jpg",
        "imgSrc": "https://cdn0.woolworths.media/content/wowproductimages/medium/659108.jpg",
        "name": "James Squire 150 Lashes Pale Ale Cans 10x330ml pack",
        "price": 32,
        "special": 25
    },
    {
        "category": "specials",
        "href": "https://www.woolworths.com.au/shop/productdetails/43955/sol-lager-beer-stubbies",
        "imgName": "043955.jpg",
        "imgSrc": "https://cdn0.woolworths.media/content/wowproductimages/medium/043955.jpg",
        "name": "Sol Lager Beer Stubbies 6x330ml pack",
        "price": 19.5,
        "special": 14
    },
    {
        "category": "specials",
        "href": "https://www.woolworths.com.au/shop/productdetails/612028/durex-climax-stimulating-gel",
        "imgName": "612028.jpg",
        "imgSrc": "https://cdn0.woolworths.media/content/wowproductimages/medium/612028.jpg",
        "name": "Durex Climax Stimulating Gel 10ml",
        "price": 20,
        "special": 15,
        "unitPrice": "$150.00 / 100ML"
    },
    {
        "category": "specials",
        "href": "https://www.woolworths.com.au/shop/productdetails/341277/abbott-s-village-bakery-harvest-seeds-grains-bread",
        "imgName": "341277.jpg",
        "imgSrc": "https://cdn0.woolworths.media/content/wowproductimages/medium/341277.jpg",
        "name": "Abbott's Village Bakery Harvest Seeds & Grains Bread 750g",
        "price": 3.5,
        "unitPrice": "$0.47 / 100G"
    },
    {
        "category": "specials",
        "href": "https://www.woolworths.com.au/shop/productdetails/233162/woolworths-bread-wholemeal-soft-loaf",
        "imgName": "233162.jpg",
        "imgSrc": "https://cdn0.woolworths.media/content/wowproductimages/medium/233162.jpg",
        "name": "Woolworths Bread Wholemeal Soft Loaf 800g",
        "price": 2.9,
        "unitPrice": "$0.36 / 100G"
    },
    {
        "category": "specials",
        "href": "https://www.woolworths.com.au/shop/productdetails/662341/nestle-mini-smarties-bits",
        "imgName": "662341.jpg",
        "imgSrc": "https://cdn0.woolworths.media/content/wowproductimages/medium/662341.jpg",
        "name": "Nestle Mini Smarties Bits 150g",
        "price": 4,
        "special": 3,
        "unitPrice": "$2.00 / 100G"
    },
    {
        "category": "specials",
        "href": "https://www.woolworths.com.au/shop/productdetails/522884/tefal-intuition-frypan-stainless-steel",
        "imgName": "522884.jpg",
        "imgSrc": "https://cdn0.woolworths.media/content/wowproductimages/medium/522884.jpg",
        "name": "Tefal Intuition Frypan Stainless Steel 20cm each",
        "price": 34.95,
        "special": 26.2
    },
    {
        "category": "specials",
        "href": "https://www.woolworths.com.au/shop/productdetails/476065/wonder-white-smooth-wholegrain",
        "imgName": "476065.jpg",
        "imgSrc": "https://cdn0.woolworths.media/content/wowproductimages/medium/476065.jpg",
        "name": "Wonder White Smooth Wholegrain 700g",
        "price": 3,
        "unitPrice": "$0.43 / 100G"
    },
    {
        "category": "specials",
        "href": "https://www.woolworths.com.au/shop/productdetails/84129/helga-s-bread-traditional-wholemeal",
        "imgName": "084129.jpg",
        "imgSrc": "https://cdn0.woolworths.media/content/wowproductimages/medium/084129.jpg",
        "name": "Helga's Bread Traditional Wholemeal 750g",
        "price": 3.5,
        "unitPrice": "$0.47 / 100G"
    },
    {
        "category": "specials",
        "href": "https://www.woolworths.com.au/shop/productdetails/452031/leggo-s-tuna-bake",
        "imgName": "452031.jpg",
        "imgSrc": "https://cdn0.woolworths.media/content/wowproductimages/medium/452031.jpg",
        "name": "Leggo's Tuna Bake  500g",
        "price": 3,
        "unitPrice": "$0.60 / 100G"
    },
    {
        "category": "specials",
        "href": "https://www.woolworths.com.au/shop/productdetails/33878/woolworths-bread-rolls-soft-hamburger",
        "imgName": "033878.jpg",
        "imgSrc": "https://cdn0.woolworths.media/content/wowproductimages/medium/033878.jpg",
        "name": "Woolworths Bread Rolls Soft Hamburger 6pk",
        "price": 2.5,
        "unitPrice": "$0.42 / 1EA"
    },
    {
        "category": "specials",
        "href": "https://www.woolworths.com.au/shop/productdetails/485436/arnott-s-shapes-original-bbq",
        "imgName": "485436.jpg",
        "imgSrc": "https://cdn0.woolworths.media/content/wowproductimages/medium/485436.jpg",
        "name": "Arnott's Shapes Original Bbq 175g",
        "price": 3,
        "special": 2,
        "unitPrice": "$1.14 / 100G"
    },
    {
        "category": "specials",
        "href": "https://www.woolworths.com.au/shop/productdetails/154927/woolworths-crusty-vienna-loaf",
        "imgName": "154927.jpg",
        "imgSrc": "https://cdn0.woolworths.media/content/wowproductimages/medium/154927.jpg",
        "name": "Woolworths Crusty Vienna Loaf  450g",
        "price": 2.5,
        "unitPrice": "$0.56 / 100G"
    },
    {
        "category": "specials",
        "href": "https://www.woolworths.com.au/shop/productdetails/522819/tefal-cook-right-frypan-black",
        "imgName": "522819.jpg",
        "imgSrc": "https://cdn0.woolworths.media/content/wowproductimages/medium/522819.jpg",
        "name": "Tefal Cook Right Frypan Black 26cm each",
        "price": 28,
        "special": 21
    },
    {
        "category": "specials",
        "href": "https://www.woolworths.com.au/shop/productdetails/251515/maggie-beer-pate-duck-sherry-green-peppercorn",
        "imgName": "251515.jpg",
        "imgSrc": "https://cdn0.woolworths.media/content/wowproductimages/medium/251515.jpg",
        "name": "Maggie Beer Pate Duck Sherry & Green Peppercorn 120g",
        "price": 7,
        "special": 5,
        "unitPrice": "$41.67 / 1KG"
    },
    {
        "category": "specials",
        "href": "https://www.woolworths.com.au/shop/productdetails/853855/inspire-peeler",
        "imgName": "853855.jpg",
        "imgSrc": "https://cdn0.woolworths.media/content/wowproductimages/medium/853855.jpg",
        "name": "Inspire Peeler  each",
        "price": 6
    },
    {
        "category": "specials",
        "href": "https://www.woolworths.com.au/shop/productdetails/485733/essano-conditioner-hydrating-coconut-milk",
        "imgName": "485733.jpg",
        "imgSrc": "https://cdn0.woolworths.media/content/wowproductimages/medium/485733.jpg",
        "name": "Essano Conditioner Hydrating Coconut Milk 300ml",
        "price": 16,
        "special": 13,
        "unitPrice": "$4.33 / 100ML"
    },
    {
        "category": "specials",
        "href": "https://www.woolworths.com.au/shop/productdetails/703662/red-rock-deli-dip-chilli-lemongrass",
        "imgName": "703662.jpg",
        "imgSrc": "https://cdn0.woolworths.media/content/wowproductimages/medium/703662.jpg",
        "name": "Red Rock Deli Dip Chilli & Lemongrass 150g",
        "price": 4.6,
        "special": 4,
        "unitPrice": "$2.67 / 100G"
    },
    {
        "category": "specials",
        "href": "https://www.woolworths.com.au/shop/productdetails/535604/woolworths-canned-shredded-chicken-tandoori",
        "imgName": "535604.jpg",
        "imgSrc": "https://cdn0.woolworths.media/content/wowproductimages/medium/535604.jpg",
        "name": "Woolworths Canned Shredded Chicken Tandoori 85g",
        "price": 1.29,
        "unitPrice": "$15.18 / 1KG"
    },
    {
        "category": "specials",
        "href": "https://www.woolworths.com.au/shop/productdetails/659254/dutch-bakehouse-apple-rounds",
        "imgName": "659254.jpg",
        "imgSrc": "https://cdn0.woolworths.media/content/wowproductimages/medium/659254.jpg",
        "name": "Dutch Bakehouse Apple Rounds  270g 6pk",
        "price": 2.5,
        "unitPrice": "$0.93 / 100G"
    },
    {
        "category": "specials",
        "href": "https://www.woolworths.com.au/shop/productdetails/578415/kurrajong-kitchen-lavosh-bites-rosemary-sea-salt",
        "imgName": "578415.jpg",
        "imgSrc": "https://cdn0.woolworths.media/content/wowproductimages/medium/578415.jpg",
        "name": "Kurrajong Kitchen Lavosh Bites Rosemary Sea Salt 125g",
        "price": 3.7,
        "special": 3,
        "unitPrice": "$2.50 / 100G"
    },
    {
        "category": "specials",
        "href": "https://www.woolworths.com.au/shop/productdetails/313874/pedigree-treat-dentastix-small-dog",
        "imgName": "313874.jpg",
        "imgSrc": "https://cdn0.woolworths.media/content/wowproductimages/medium/313874.jpg",
        "name": "Pedigree Treat Dentastix Small Dog 28pk",
        "price": 17.5,
        "special": 12,
        "unitPrice": "$0.43 / 1EA"
    },
    {
        "category": "specials",
        "href": "https://www.woolworths.com.au/shop/productdetails/430636/vs-sassoon-hairdryer-style-2200w",
        "imgName": "430636.jpg",
        "imgSrc": "https://cdn0.woolworths.media/content/wowproductimages/medium/430636.jpg",
        "name": "Vs Sassoon Hairdryer Style 2200w each",
        "price": 34.95,
        "special": 27.95
    },
    {
        "category": "specials",
        "href": "https://www.woolworths.com.au/shop/productdetails/9067/johnnie-walker-black-scotch-whisky",
        "imgName": "009067.jpg",
        "imgSrc": "https://cdn0.woolworths.media/content/wowproductimages/medium/009067.jpg",
        "name": "Johnnie Walker Black Scotch Whisky  700ml",
        "price": 56,
        "special": 46
    },
    {
        "category": "specials",
        "href": "https://www.woolworths.com.au/shop/productdetails/21016/eveready-gold-aa-batteries",
        "imgName": "021016.jpg",
        "imgSrc": "https://cdn0.woolworths.media/content/wowproductimages/medium/021016.jpg",
        "name": "Eveready Gold Aa Batteries  4pk",
        "price": 4.5,
        "unitPrice": "$1.13 / 1EA"
    },
    {
        "category": "specials",
        "href": "https://www.woolworths.com.au/shop/productdetails/650140/armor-all-wash-wax-foam-spray",
        "imgName": "650140.jpg",
        "imgSrc": "https://cdn0.woolworths.media/content/wowproductimages/medium/650140.jpg",
        "name": "Armor All Wash & Wax Foam Spray  500g",
        "price": 10,
        "special": 8,
        "unitPrice": "$1.60 / 100G"
    },
    {
        "category": "specials",
        "href": "https://www.woolworths.com.au/shop/productdetails/840689/woolworths-wholemeal-hamburger-roll",
        "imgName": "840689.jpg",
        "imgSrc": "https://cdn0.woolworths.media/content/wowproductimages/medium/840689.jpg",
        "name": "Woolworths Wholemeal Hamburger Roll 6pk",
        "price": 2.5,
        "unitPrice": "$0.42 / 1EA"
    },
    {
        "category": "specials",
        "href": "https://www.woolworths.com.au/shop/productdetails/38695/gravox-gravy-mix-supreme",
        "imgName": "038695.jpg",
        "imgSrc": "https://cdn0.woolworths.media/content/wowproductimages/medium/038695.jpg",
        "name": "Gravox Gravy Mix Supreme 425g",
        "price": 4.5,
        "special": 4,
        "unitPrice": "$0.09 / 10G"
    },
    {
        "category": "specials",
        "href": "https://www.woolworths.com.au/shop/productdetails/747545/kr-castlemaine-boneless-leg-ham-shaved",
        "imgName": "747545.jpg",
        "imgSrc": "https://cdn0.woolworths.media/content/wowproductimages/medium/747545.jpg",
        "name": "Kr Castlemaine Boneless Leg Ham Shaved per kg",
        "price": 14,
        "unitPrice": "$14.00 / 1KG"
    },
    {
        "category": "specials",
        "href": "https://www.woolworths.com.au/shop/productdetails/6081/aeroplane-jelly-original-orange",
        "imgName": "006081.jpg",
        "imgSrc": "https://cdn0.woolworths.media/content/wowproductimages/medium/006081.jpg",
        "name": "Aeroplane Jelly Original Orange 85g",
        "price": 1.15,
        "unitPrice": "$1.35 / 100G"
    },
    {
        "category": "specials",
        "href": "https://www.woolworths.com.au/shop/productdetails/873/heinz-baked-beans-salt-reduced-tomato-sauce",
        "imgName": "000873.jpg",
        "imgSrc": "https://cdn0.woolworths.media/content/wowproductimages/medium/000873.jpg",
        "name": "Heinz Baked Beans Salt Reduced Tomato Sauce 220g",
        "price": 1.65,
        "special": 1.4,
        "unitPrice": "$0.64 / 100G"
    },
    {
        "category": "specials",
        "href": "https://www.woolworths.com.au/shop/productdetails/648008/john-boston-the-guardhouse-golden-ale-bottles",
        "imgName": "648008.jpg",
        "imgSrc": "https://cdn0.woolworths.media/content/wowproductimages/medium/648008.jpg",
        "name": "John Boston The Guardhouse Golden Ale Bottles 24x330ml case",
        "price": 55,
        "special": 51
    },
    {
        "category": "specials",
        "href": "https://www.woolworths.com.au/shop/productdetails/733631/vileda-handi-dish-brush-refillable-handle",
        "imgName": "733631.jpg",
        "imgSrc": "https://cdn0.woolworths.media/content/wowproductimages/medium/733631.jpg",
        "name": "Vileda Handi Dish Brush Refillable Handle each",
        "price": 3.99,
        "special": 3.55,
        "unitPrice": "$3.55 / 1EA"
    },
    {
        "category": "specials",
        "href": "https://www.woolworths.com.au/shop/productdetails/263667/wonder-white-bread-vitamins-minerals-toast",
        "imgName": "263667.jpg",
        "imgSrc": "https://cdn0.woolworths.media/content/wowproductimages/medium/263667.jpg",
        "name": "Wonder White Bread Vitamins & Minerals Toast 700g",
        "price": 3,
        "unitPrice": "$0.43 / 100G"
    },
    {
        "category": "specials",
        "href": "https://www.woolworths.com.au/shop/productdetails/195750/san-remo-fettuccine-curly-pasta-no-80",
        "imgName": "195750.jpg",
        "imgSrc": "https://cdn0.woolworths.media/content/wowproductimages/medium/195750.jpg",
        "name": "San Remo Fettuccine Curly Pasta No 80 500g",
        "price": 1.95,
        "unitPrice": "$0.39 / 100G"
    },
    {
        "category": "specials",
        "href": "https://www.woolworths.com.au/shop/productdetails/603312/bonds-wonderbodies-singlet-suit-size-2",
        "imgName": "603312.jpg",
        "imgSrc": "https://cdn0.woolworths.media/content/wowproductimages/medium/603312.jpg",
        "name": "Bonds Wonderbodies Singlet Suit Size 2 each",
        "price": 20,
        "special": 12
    },
    {
        "category": "specials",
        "href": "https://www.woolworths.com.au/shop/productdetails/696797/cruiser-vodka-bold-berry-blend",
        "imgName": "696797.jpg",
        "imgSrc": "https://cdn0.woolworths.media/content/wowproductimages/medium/696797.jpg",
        "name": "Cruiser Vodka Bold Berry Blend 24x275ml",
        "price": 81,
        "special": 67
    },
    {
        "category": "specials",
        "href": "https://www.woolworths.com.au/shop/productdetails/244061/woolworths-bread-four-seed-loaf",
        "imgName": "244061.jpg",
        "imgSrc": "https://cdn0.woolworths.media/content/wowproductimages/medium/244061.jpg",
        "name": "Woolworths Bread Four Seed Loaf 800g",
        "price": 2.9,
        "unitPrice": "$0.36 / 100G"
    },
    {
        "category": "specials",
        "href": "https://www.woolworths.com.au/shop/productdetails/516805/hero-lubricants-natural-plant-based",
        "imgName": "516805.jpg",
        "imgSrc": "https://cdn0.woolworths.media/content/wowproductimages/medium/516805.jpg",
        "name": "Hero Lubricants Natural Plant Based 100ml",
        "price": 11,
        "special": 9.5,
        "unitPrice": "$9.50 / 100ML"
    },
    {
        "category": "specials",
        "href": "https://www.woolworths.com.au/shop/productdetails/257303/woolworths-select-vinegar-balsamic-white",
        "imgName": "257303.jpg",
        "imgSrc": "https://cdn0.woolworths.media/content/wowproductimages/medium/257303.jpg",
        "name": "Woolworths Select Vinegar Balsamic White 250ml",
        "price": 3,
        "special": 2.4,
        "unitPrice": "$0.96 / 100ML"
    },
    {
        "category": "specials",
        "href": "https://www.woolworths.com.au/shop/productdetails/981903/jameson-irish-whiskey-raw-cola-cans",
        "imgName": "981903.jpg",
        "imgSrc": "https://cdn0.woolworths.media/content/wowproductimages/medium/981903.jpg",
        "name": "Jameson Irish Whiskey & Raw Cola Cans 4x375ml",
        "price": 25,
        "special": 21
    },
    {
        "category": "specials",
        "href": "https://www.woolworths.com.au/shop/productdetails/516117/ob-finest-cracker-goji-coconut",
        "imgName": "516117.jpg",
        "imgSrc": "https://cdn0.woolworths.media/content/wowproductimages/medium/516117.jpg",
        "name": "Ob Finest Cracker Goji Coconut 150g",
        "price": 6,
        "unitPrice": "$4.00 / 100G"
    },
    {
        "category": "specials",
        "href": "https://www.woolworths.com.au/shop/productdetails/327940/aeroplane-jelly-create-a-jelly",
        "imgName": "327940.jpg",
        "imgSrc": "https://cdn0.woolworths.media/content/wowproductimages/medium/327940.jpg",
        "name": "Aeroplane Jelly Create-a-jelly 85g",
        "price": 1.15,
        "unitPrice": "$1.35 / 100G"
    },
    {
        "category": "specials",
        "href": "https://www.woolworths.com.au/shop/productdetails/94337/helga-s-grain-bread-soy-linseed",
        "imgName": "094337.jpg",
        "imgSrc": "https://cdn0.woolworths.media/content/wowproductimages/medium/094337.jpg",
        "name": "Helga's Grain Bread Soy & Linseed 750g",
        "price": 3.5,
        "unitPrice": "$0.41 / 100G"
    },
    {
        "category": "specials",
        "href": "https://www.woolworths.com.au/shop/productdetails/509975/calidad-canon-printer-ink-pgi-525bk-black",
        "imgName": "509975.jpg",
        "imgSrc": "https://cdn0.woolworths.media/content/wowproductimages/medium/509975.jpg",
        "name": "Calidad Canon Printer Ink Pgi-525bk Black each",
        "price": 16
    },
    {
        "category": "specials",
        "href": "https://www.woolworths.com.au/shop/productdetails/907217/hahn-superdry-low-carb-lager-stubbies",
        "imgName": "907217.jpg",
        "imgSrc": "https://cdn0.woolworths.media/content/wowproductimages/medium/907217.jpg",
        "name": "Hahn Superdry Low Carb Lager Stubbies 24x330ml case",
        "price": 57,
        "special": 49
    },
    {
        "category": "specials",
        "href": "https://www.woolworths.com.au/shop/productdetails/140786/captains-table-cracker-cracked-pepper",
        "imgName": "140786.jpg",
        "imgSrc": "https://cdn0.woolworths.media/content/wowproductimages/medium/140786.jpg",
        "name": "Captains Table Cracker Cracked Pepper 125g",
        "price": 1.8,
        "special": 1.5,
        "unitPrice": "$1.20 / 100G"
    },
    {
        "category": "specials",
        "href": "https://www.woolworths.com.au/shop/productdetails/233160/woolworths-bread-white-extra-soft-loaf",
        "imgName": "233160.jpg",
        "imgSrc": "https://cdn0.woolworths.media/content/wowproductimages/medium/233160.jpg",
        "name": "Woolworths Bread White Extra Soft Loaf 800g",
        "price": 2.9,
        "unitPrice": "$0.36 / 100G"
    },
    {
        "category": "specials",
        "href": "https://www.woolworths.com.au/shop/productdetails/663838/red-rock-deli-chilli-coconut-coriander-cashews-dip",
        "imgName": "663838.jpg",
        "imgSrc": "https://cdn0.woolworths.media/content/wowproductimages/medium/663838.jpg",
        "name": "Red Rock Deli Chilli Coconut Coriander Cashews Dip 150g",
        "price": 4.6,
        "special": 4,
        "unitPrice": "$2.67 / 100G"
    },
    {
        "category": "specials",
        "href": "https://www.woolworths.com.au/shop/productdetails/904956/belvedere-pure-vodka",
        "imgName": "904956.jpg",
        "imgSrc": "https://cdn0.woolworths.media/content/wowproductimages/medium/904956.jpg",
        "name": "Belvedere Pure Vodka  700ml",
        "price": 72,
        "special": 60
    },
    {
        "category": "specials",
        "href": "https://www.woolworths.com.au/shop/productdetails/27806/woolworths-bread-rolls-soft-wholemeal-lunch",
        "imgName": "027806.jpg",
        "imgSrc": "https://cdn0.woolworths.media/content/wowproductimages/medium/027806.jpg",
        "name": "Woolworths Bread Rolls Soft Wholemeal Lunch 6pk",
        "price": 2.5,
        "unitPrice": "$0.42 / 1EA"
    },
    {
        "category": "specials",
        "href": "https://www.woolworths.com.au/shop/productdetails/117616/yering-station-pinot-noir",
        "imgName": "117616.jpg",
        "imgSrc": "https://cdn0.woolworths.media/content/wowproductimages/medium/117616.jpg",
        "name": "Yering Station Pinot Noir  750ml",
        "price": 40,
        "special": 36
    },
    {
        "category": "specials",
        "href": "https://www.woolworths.com.au/shop/productdetails/481472/ciabatta-rolls-white",
        "imgName": "481472.jpg",
        "imgSrc": "https://cdn0.woolworths.media/content/wowproductimages/medium/481472.jpg",
        "name": "Ciabatta Rolls White 5pk",
        "price": 2.5
    },
    {
        "category": "specials",
        "href": "https://www.woolworths.com.au/shop/productdetails/989806/sail-anchor-golden-pale-ale-bottles",
        "imgName": "989806.jpg",
        "imgSrc": "https://cdn0.woolworths.media/content/wowproductimages/medium/989806.jpg",
        "name": "Sail & Anchor Golden Pale Ale Bottles 24x330ml case",
        "price": 53,
        "special": 42
    },
    {
        "category": "specials",
        "href": "https://www.woolworths.com.au/shop/productdetails/481930/hip-sip-muscat",
        "imgName": "481930.jpg",
        "imgSrc": "https://cdn0.woolworths.media/content/wowproductimages/medium/481930.jpg",
        "name": "Hip Sip Muscat  350ml",
        "price": 19,
        "special": 16
    },
    {
        "category": "specials",
        "href": "https://www.woolworths.com.au/shop/productdetails/324433/rabbit-ranch-pinot-noir",
        "imgName": "324433.jpg",
        "imgSrc": "https://cdn0.woolworths.media/content/wowproductimages/medium/324433.jpg",
        "name": "Rabbit Ranch Pinot Noir  750ml bottle",
        "price": 32,
        "special": 26
    },
    {
        "category": "specials",
        "href": "https://www.woolworths.com.au/shop/productdetails/32252/stonier-reserve-pinot-noir",
        "imgName": "032252.jpg",
        "imgSrc": "https://cdn0.woolworths.media/content/wowproductimages/medium/032252.jpg",
        "name": "Stonier Reserve Pinot Noir  750ml",
        "price": 61,
        "special": 50
    },
    {
        "category": "specials",
        "href": "https://www.woolworths.com.au/shop/productdetails/916173/zuccardi-south-america-serie-a-malbec",
        "imgName": "916173.jpg",
        "imgSrc": "https://cdn0.woolworths.media/content/wowproductimages/medium/916173.jpg",
        "name": "Zuccardi South America Serie A Malbec 750ml",
        "price": 22,
        "special": 19
    },
    {
        "category": "specials",
        "href": "https://www.woolworths.com.au/shop/productdetails/667616/jim-beam-black-cola-cans",
        "imgName": "667616.jpg",
        "imgSrc": "https://cdn0.woolworths.media/content/wowproductimages/medium/667616.jpg",
        "name": "Jim Beam Black & Cola Cans 18x 375ml",
        "price": 65,
        "special": 65
    },
    {
        "category": "specials",
        "href": "https://www.woolworths.com.au/shop/productdetails/659703/jalna-pot-set-chilli-infused-olive-oil-spread",
        "imgName": "659703.jpg",
        "imgSrc": "https://cdn0.woolworths.media/content/wowproductimages/medium/659703.jpg",
        "name": "Jalna Pot Set Chilli Infused Olive Oil Spread 270g",
        "price": 4,
        "special": 3,
        "unitPrice": "$1.11 / 100G"
    },
    {
        "category": "specials",
        "href": "https://www.woolworths.com.au/shop/productdetails/423461/maybelline-new-york-super-stay-24-hour-foundation-golden-beige",
        "imgName": "423461.jpg",
        "imgSrc": "https://cdn0.woolworths.media/content/wowproductimages/medium/423461.jpg",
        "name": "Maybelline New York Super Stay 24 Hour Foundation Golden Beige 30ml",
        "price": 24.95,
        "special": 17.45,
        "unitPrice": "$5.82 / 10ML"
    },
    {
        "category": "specials",
        "href": "https://www.woolworths.com.au/shop/productdetails/260703/finish-dishwashing-rinse-aid-regular",
        "imgName": "260703.jpg",
        "imgSrc": "https://cdn0.woolworths.media/content/wowproductimages/medium/260703.jpg",
        "name": "Finish Dishwashing Rinse Aid Regular 500ml",
        "price": 8,
        "unitPrice": "$1.60 / 100ML"
    },
    {
        "category": "specials",
        "href": "https://www.woolworths.com.au/shop/productdetails/626193/pure-tassie-organic-apple-raspberry-juice",
        "imgName": "626193.jpg",
        "imgSrc": "https://cdn0.woolworths.media/content/wowproductimages/medium/626193.jpg",
        "name": "Pure Tassie Organic Apple Raspberry Juice 1.5l",
        "price": 5.5,
        "special": 4,
        "unitPrice": "$2.67 / 1L"
    },
    {
        "category": "specials",
        "href": "https://www.woolworths.com.au/shop/productdetails/573603/woolworths-thick-creamy-yoghurt-apple-pie-with-fruit-swirls",
        "imgName": "573603.jpg",
        "imgSrc": "https://cdn0.woolworths.media/content/wowproductimages/medium/573603.jpg",
        "name": "Woolworths Thick & Creamy Yoghurt Apple Pie With Fruit Swirls 700g",
        "price": 5,
        "unitPrice": "$0.71 / 100G"
    },
    {
        "category": "specials",
        "href": "https://www.woolworths.com.au/shop/productdetails/619832/gourmet-delight-cat-food-beef-mince-in-gravy",
        "imgName": "619832.jpg",
        "imgSrc": "https://cdn0.woolworths.media/content/wowproductimages/medium/619832.jpg",
        "name": "Gourmet Delight Cat Food Beef Mince In Gravy 6x85g",
        "price": 4.3,
        "unitPrice": "$0.84 / 100G"
    },
    {
        "category": "specials",
        "href": "https://www.woolworths.com.au/shop/productdetails/589905/de-costi-prawns-garlic",
        "imgName": "589905.jpg",
        "imgSrc": "https://cdn0.woolworths.media/content/wowproductimages/medium/589905.jpg",
        "name": "De Costi Prawns Garlic 260g",
        "price": 13,
        "special": 12,
        "unitPrice": "$46.15 / 1KG"
    },
    {
        "category": "specials",
        "href": "https://www.woolworths.com.au/shop/productdetails/341296/woolworths-select-great-start-bran-sultanas",
        "imgName": "341296.jpg",
        "imgSrc": "https://cdn0.woolworths.media/content/wowproductimages/medium/341296.jpg",
        "name": "Woolworths Select Great Start Bran & Sultanas 500g",
        "price": 3.5,
        "unitPrice": "$0.70 / 100G"
    },
    {
        "category": "specials",
        "href": "https://www.woolworths.com.au/shop/productdetails/789412/impulse-body-spray-into-glamour-perfume",
        "imgName": "789412.jpg",
        "imgSrc": "https://cdn0.woolworths.media/content/wowproductimages/medium/789412.jpg",
        "name": "Impulse Body Spray Into Glamour Perfume 75ml",
        "price": 4,
        "unitPrice": "$5.33 / 100ML"
    },
    {
        "category": "specials",
        "href": "https://www.woolworths.com.au/shop/productdetails/643311/carlton-dry-low-carb-lager-cans",
        "imgName": "643311.jpg",
        "imgSrc": "https://cdn0.woolworths.media/content/wowproductimages/medium/643311.jpg",
        "name": "Carlton Dry Low Carb Lager Cans 24x375ml case",
        "price": 54,
        "special": 47
    },
    {
        "category": "specials",
        "href": "https://www.woolworths.com.au/shop/productdetails/604087/christmas-cards-australiana-square",
        "imgName": "604087.jpg",
        "imgSrc": "https://cdn0.woolworths.media/content/wowproductimages/medium/604087.jpg",
        "name": "Christmas Cards Australiana Square each",
        "price": 3,
        "special": 2.1,
        "unitPrice": "$2.10 / 1EA"
    },
    {
        "category": "specials",
        "href": "https://www.woolworths.com.au/shop/productdetails/661224/nudie-icelandic-natural-yoghurt",
        "imgName": "661224.jpg",
        "imgSrc": "https://cdn0.woolworths.media/content/wowproductimages/medium/661224.jpg",
        "name": "Nudie Icelandic Natural Yoghurt 500g",
        "price": 7,
        "special": 5,
        "unitPrice": "$1.00 / 100G"
    },
    {
        "category": "specials",
        "href": "https://www.woolworths.com.au/shop/productdetails/624025/pro-supps-my-bar-salted-caramel-peanut-crunch",
        "imgName": "624025.jpg",
        "imgSrc": "https://cdn0.woolworths.media/content/wowproductimages/medium/624025.jpg",
        "name": "Pro Supps My Bar Salted Caramel Peanut Crunch 55g",
        "price": 4,
        "special": 3.5,
        "unitPrice": "$6.36 / 100G"
    },
    {
        "category": "specials",
        "href": "https://www.woolworths.com.au/shop/productdetails/588034/sunbites-smoked-paprika-snack-crackers-with-chickpea",
        "imgName": "588034.jpg",
        "imgSrc": "https://cdn0.woolworths.media/content/wowproductimages/medium/588034.jpg",
        "name": "Sunbites Smoked Paprika Snack Crackers With Chickpea 120g",
        "price": 3.5,
        "special": 2.5,
        "unitPrice": "$2.08 / 100G"
    },
    {
        "category": "specials",
        "href": "https://www.woolworths.com.au/shop/productdetails/580630/flora-proactiv-margarine-buttery",
        "imgName": "580630.jpg",
        "imgSrc": "https://cdn0.woolworths.media/content/wowproductimages/medium/580630.jpg",
        "name": "Flora Proactiv Margarine Buttery 250g",
        "price": 4.5,
        "unitPrice": "$1.80 / 100G"
    },
    {
        "category": "specials",
        "href": "https://www.woolworths.com.au/shop/productdetails/826418/cadbury-dairy-milk-chocolate-turkish-delight",
        "imgName": "826418.jpg",
        "imgSrc": "https://cdn0.woolworths.media/content/wowproductimages/medium/826418.jpg",
        "name": "Cadbury Dairy Milk Chocolate Turkish Delight 200g block",
        "price": 5,
        "special": 3.5,
        "unitPrice": "$1.75 / 100G"
    },
    {
        "category": "specials",
        "href": "https://www.woolworths.com.au/shop/productdetails/517509/picasso-fresh-pizza-meat-delux",
        "imgName": "517509.jpg",
        "imgSrc": "https://cdn0.woolworths.media/content/wowproductimages/medium/517509.jpg",
        "name": "Picasso Fresh Pizza Meat Delux 420g",
        "price": 4.5,
        "unitPrice": "$1.01 / 100G"
    },
    {
        "category": "specials",
        "href": "https://www.woolworths.com.au/shop/productdetails/827945/woolworths-select-protect-ultra-thin-regular-pads-with-wings",
        "imgName": "827945.jpg",
        "imgSrc": "https://cdn0.woolworths.media/content/wowproductimages/medium/827945.jpg",
        "name": "Woolworths Select Protect Ultra Thin Regular Pads With Wings 14pk",
        "price": 2.25,
        "unitPrice": "$0.16 / 1EA"
    },
    {
        "category": "specials",
        "href": "https://www.woolworths.com.au/shop/productdetails/142080/saxa-pepper-grinder-four-seasons",
        "imgName": "142080.jpg",
        "imgSrc": "https://cdn0.woolworths.media/content/wowproductimages/medium/142080.jpg",
        "name": "Saxa Pepper Grinder Four Seasons 35g",
        "price": 5,
        "special": 4,
        "unitPrice": "$1.14 / 10G"
    },
    {
        "category": "specials",
        "href": "https://www.woolworths.com.au/shop/productdetails/629507/heinz-baked-beans-tomato-sauce",
        "imgName": "629507.jpg",
        "imgSrc": "https://cdn0.woolworths.media/content/wowproductimages/medium/629507.jpg",
        "name": "Heinz Baked Beans Tomato Sauce 3x300g",
        "price": 3,
        "unitPrice": "$0.33 / 100G"
    },
    {
        "category": "specials",
        "href": "https://www.woolworths.com.au/shop/productdetails/88307/continental-recipe-base-curried-sausages",
        "imgName": "088307.jpg",
        "imgSrc": "https://cdn0.woolworths.media/content/wowproductimages/medium/088307.jpg",
        "name": "Continental Recipe Base Curried Sausages 35g",
        "price": 1.6,
        "unitPrice": "$4.57 / 100G"
    },
    {
        "category": "specials",
        "href": "https://www.woolworths.com.au/shop/productdetails/594960/gatorade-g-active-flavoured-water-berry",
        "imgName": "594960.jpg",
        "imgSrc": "https://cdn0.woolworths.media/content/wowproductimages/medium/594960.jpg",
        "name": "Gatorade G Active Flavoured Water Berry 600ml",
        "price": 3.5,
        "special": 2.15,
        "unitPrice": "$3.58 / 1L"
    },
    {
        "category": "specials",
        "href": "https://www.woolworths.com.au/shop/productdetails/532348/pure-produce-company-dip-spicy-hommus-coriander",
        "imgName": "532348.jpg",
        "imgSrc": "https://cdn0.woolworths.media/content/wowproductimages/medium/532348.jpg",
        "name": "Pure Produce Company Dip Spicy Hommus Coriander 200g",
        "price": 5.5,
        "special": 4.5,
        "unitPrice": "$22.50 / 1KG"
    },
    {
        "category": "specials",
        "href": "https://www.woolworths.com.au/shop/productdetails/620777/chris-festivale-sweet-potato-coconut-sri-lankan",
        "imgName": "620777.jpg",
        "imgSrc": "https://cdn0.woolworths.media/content/wowproductimages/medium/620777.jpg",
        "name": "Chris' Festivale Sweet Potato Coconut Sri Lankan 170g",
        "price": 5,
        "special": 4.5,
        "unitPrice": "$2.65 / 100G"
    },
    {
        "category": "specials",
        "href": "https://www.woolworths.com.au/shop/productdetails/658103/bailey-s-salted-caramel-liqueur",
        "imgName": "658103.jpg",
        "imgSrc": "https://cdn0.woolworths.media/content/wowproductimages/medium/658103.jpg",
        "name": "Bailey's Salted Caramel Liqueur 1l",
        "price": 43,
        "special": 36
    },
    {
        "category": "specials",
        "href": "https://www.woolworths.com.au/shop/productdetails/637147/lynx-men-body-spray-you-got-the-mo",
        "imgName": "637147.jpg",
        "imgSrc": "https://cdn0.woolworths.media/content/wowproductimages/medium/637147.jpg",
        "name": "Lynx Men Body Spray You Got The Mo 155ml",
        "price": 6,
        "special": 4,
        "unitPrice": "$2.58 / 100ML"
    },
    {
        "category": "specials",
        "href": "https://www.woolworths.com.au/shop/productdetails/414916/applaws-duck-venison-dry-dog-food",
        "imgName": "414916.jpg",
        "imgSrc": "https://cdn0.woolworths.media/content/wowproductimages/medium/414916.jpg",
        "name": "Applaws Duck & Venison Dry Dog Food 2.7kg",
        "price": 17.99,
        "special": 14.35,
        "unitPrice": "$0.53 / 100G"
    },
    {
        "category": "specials",
        "href": "https://www.woolworths.com.au/shop/productdetails/1085/glenmorangie-scotch-whisky-the-original",
        "imgName": "001085.jpg",
        "imgSrc": "https://cdn0.woolworths.media/content/wowproductimages/medium/001085.jpg",
        "name": "Glenmorangie Scotch Whisky The Original 700ml",
        "price": 80,
        "special": 68
    },
    {
        "category": "specials",
        "href": "https://www.woolworths.com.au/shop/productdetails/543301/optus-x-sleek-4g",
        "imgName": "543301.jpg",
        "imgSrc": "https://cdn0.woolworths.media/content/wowproductimages/medium/543301.jpg",
        "name": "Optus X Sleek 4g each",
        "price": 149,
        "special": 119
    },
    {
        "category": "specials",
        "href": "https://www.woolworths.com.au/shop/productdetails/456582/fluffy-fragrance-temptations-fabric-softener-concentrate-aqua-desire",
        "imgName": "456582.jpg",
        "imgSrc": "https://cdn0.woolworths.media/content/wowproductimages/medium/456582.jpg",
        "name": "Fluffy Fragrance Temptations Fabric Softener Concentrate Aqua Desire 1l",
        "price": 6.99,
        "special": 5,
        "unitPrice": "$5.00 / 1L"
    },
    {
        "category": "specials",
        "href": "https://www.woolworths.com.au/shop/productdetails/345305/twisties-multipack-cheese",
        "imgName": "345305.jpg",
        "imgSrc": "https://cdn0.woolworths.media/content/wowproductimages/medium/345305.jpg",
        "name": "Twisties Multipack Cheese 6pk 114g",
        "price": 3.14,
        "unitPrice": "$2.75 / 100G"
    },
    {
        "category": "specials",
        "href": "https://www.woolworths.com.au/shop/productdetails/446472/cadbury-dairy-milk-chocolate-oreo-mint",
        "imgName": "446472.jpg",
        "imgSrc": "https://cdn0.woolworths.media/content/wowproductimages/medium/446472.jpg",
        "name": "Cadbury Dairy Milk Chocolate Oreo Mint 180g block",
        "price": 5,
        "special": 3.5,
        "unitPrice": "$1.94 / 100G"
    },
    {
        "category": "specials",
        "href": "https://www.woolworths.com.au/shop/productdetails/654016/cricketers-arms-pale-ale-cans",
        "imgName": "654016.jpg",
        "imgSrc": "https://cdn0.woolworths.media/content/wowproductimages/medium/654016.jpg",
        "name": "Cricketers Arms Pale Ale Cans 10x330ml pack",
        "price": 27,
        "special": 25
    },
    {
        "category": "specials",
        "href": "https://www.woolworths.com.au/shop/productdetails/510837/glade-candle-angel-whispers",
        "imgName": "510837.jpg",
        "imgSrc": "https://cdn0.woolworths.media/content/wowproductimages/medium/510837.jpg",
        "name": "Glade Candle Angel Whispers 96g",
        "price": 6,
        "unitPrice": "$6.00 / 1EA"
    },
    {
        "category": "specials",
        "href": "https://www.woolworths.com.au/shop/productdetails/231845/ribena-light-blackcurrant-cordial-syrup",
        "imgName": "231845.jpg",
        "imgSrc": "https://cdn0.woolworths.media/content/wowproductimages/medium/231845.jpg",
        "name": "Ribena Light Blackcurrant Cordial Syrup 1l",
        "price": 6,
        "unitPrice": "$6.00 / 1L"
    },
    {
        "category": "specials",
        "href": "https://www.woolworths.com.au/shop/productdetails/785914/continental-recipe-base-swedish-meatballs",
        "imgName": "785914.jpg",
        "imgSrc": "https://cdn0.woolworths.media/content/wowproductimages/medium/785914.jpg",
        "name": "Continental Recipe Base Swedish Meatballs 35g",
        "price": 1.6,
        "unitPrice": "$4.57 / 100G"
    },
    {
        "category": "specials",
        "href": "https://www.woolworths.com.au/shop/productdetails/579736/maggi-side-dishes-cheese-bacon-flavoured-potato-bake",
        "imgName": "579736.jpg",
        "imgSrc": "https://cdn0.woolworths.media/content/wowproductimages/medium/579736.jpg",
        "name": "Maggi Side Dishes Cheese Bacon Flavoured Potato Bake 21g",
        "price": 1.75,
        "unitPrice": "$8.33 / 100G"
    },
    {
        "category": "specials",
        "href": "https://www.woolworths.com.au/shop/productdetails/586679/twisties-cheese-party-bag",
        "imgName": "586679.jpg",
        "imgSrc": "https://cdn0.woolworths.media/content/wowproductimages/medium/586679.jpg",
        "name": "Twisties Cheese Party Bag  270g",
        "price": 3,
        "unitPrice": "$1.11 / 100G"
    },
    {
        "category": "specials",
        "href": "https://www.woolworths.com.au/shop/productdetails/828570/yeo-s-rendang-paste",
        "imgName": "828570.jpg",
        "imgSrc": "https://cdn0.woolworths.media/content/wowproductimages/medium/828570.jpg",
        "name": "Yeo's Rendang Paste",
        "price": 3,
        "unitPrice": "$1.67 / 100G"
    },
    {
        "category": "specials",
        "href": "https://www.woolworths.com.au/shop/productdetails/858867/bonds-baby-zippy-wondersuit-pattern-size-000-2",
        "imgName": "858867.jpg",
        "imgSrc": "https://cdn0.woolworths.media/content/wowproductimages/medium/858867.jpg",
        "name": "Bonds Baby Zippy Wondersuit Pattern Size 000 - 2 1pk",
        "price": 22,
        "special": 15.4
    },
    {
        "category": "specials",
        "href": "https://www.woolworths.com.au/shop/productdetails/481161/apollo-dog-food-succulent-chicken",
        "imgName": "481161.jpg",
        "imgSrc": "https://cdn0.woolworths.media/content/wowproductimages/medium/481161.jpg",
        "name": "Apollo Dog Food Succulent Chicken 100g",
        "price": 0.8,
        "unitPrice": "$0.80 / 100G"
    },
    {
        "category": "specials",
        "href": "https://www.woolworths.com.au/shop/productdetails/572475/woolworths-fruit-salad-in-juice",
        "imgName": "572475.jpg",
        "imgSrc": "https://cdn0.woolworths.media/content/wowproductimages/medium/572475.jpg",
        "name": "Woolworths Fruit Salad In Juice 695g",
        "price": 3.5,
        "special": 3,
        "unitPrice": "$4.32 / 1KG"
    },
    {
        "category": "specials",
        "href": "https://www.woolworths.com.au/shop/productdetails/648167/sustagen-active-formula-chocolate",
        "imgName": "648167.jpg",
        "imgSrc": "https://cdn0.woolworths.media/content/wowproductimages/medium/648167.jpg",
        "name": "Sustagen Active Formula Chocolate 480g",
        "price": 16.5,
        "special": 13,
        "unitPrice": "$2.71 / 100G"
    },
    {
        "category": "specials",
        "href": "https://www.woolworths.com.au/shop/productdetails/750885/woolworths-select-bathroom-bath-shower-foam",
        "imgName": "750885.jpg",
        "imgSrc": "https://cdn0.woolworths.media/content/wowproductimages/medium/750885.jpg",
        "name": "Woolworths Select Bathroom Bath & Shower Foam 390g",
        "price": 3.49,
        "unitPrice": "$0.89 / 100G"
    },
    {
        "category": "specials",
        "href": "https://www.woolworths.com.au/shop/productdetails/779134/woolworths-select-unsweetened-almond-milk",
        "imgName": "779134.jpg",
        "imgSrc": "https://cdn0.woolworths.media/content/wowproductimages/medium/779134.jpg",
        "name": "Woolworths Select Unsweetened Almond Milk 1l",
        "price": 2.29,
        "unitPrice": "$2.29 / 1L"
    },
    {
        "category": "specials",
        "href": "https://www.woolworths.com.au/shop/productdetails/330391/aerogard-insect-repellent-odourless-low-irritant",
        "imgName": "330391.jpg",
        "imgSrc": "https://cdn0.woolworths.media/content/wowproductimages/medium/330391.jpg",
        "name": "Aerogard Insect Repellent Odourless Low Irritant 300g",
        "price": 8.99,
        "unitPrice": "$3.00 / 100G"
    },
    {
        "category": "specials",
        "href": "https://www.woolworths.com.au/shop/productdetails/854079/gold-salted-caramel-cheesecake",
        "imgName": "854079.jpg",
        "imgSrc": "https://cdn0.woolworths.media/content/wowproductimages/medium/854079.jpg",
        "name": "Gold Salted Caramel Cheesecake 420g",
        "price": 7,
        "special": 6,
        "unitPrice": "$1.43 / 100G"
    },
    {
        "category": "specials",
        "href": "https://www.woolworths.com.au/shop/productdetails/840099/sakata-wholegrain-sour-cream-chives-rice-snacks",
        "imgName": "840099.jpg",
        "imgSrc": "https://cdn0.woolworths.media/content/wowproductimages/medium/840099.jpg",
        "name": "Sakata Wholegrain Sour Cream & Chives Rice Snacks 90g",
        "price": 2.3,
        "special": 2,
        "unitPrice": "$2.22 / 100G"
    },
    {
        "category": "specials",
        "href": "https://www.woolworths.com.au/shop/productdetails/633860/four-n-twenty-party-pie-sausage-roll-tray",
        "imgName": "633860.jpg",
        "imgSrc": "https://cdn0.woolworths.media/content/wowproductimages/medium/633860.jpg",
        "name": "Four'n Twenty? Party Pie & Sausage Roll Tray 12pk",
        "price": 7,
        "special": 5,
        "unitPrice": "$0.91 / 100G"
    },
    {
        "category": "specials",
        "href": "https://www.woolworths.com.au/shop/productdetails/663179/farmers-union-greek-style-yoghurt-pouch-natural",
        "imgName": "663179.jpg",
        "imgSrc": "https://cdn0.woolworths.media/content/wowproductimages/medium/663179.jpg",
        "name": "Farmers Union Greek Style Yoghurt Pouch Natural 130g",
        "price": 2.25,
        "special": 1.5,
        "unitPrice": "$1.15 / 100G"
    },
    {
        "category": "specials",
        "href": "https://www.woolworths.com.au/shop/productdetails/603306/bonds-stretchies-bib",
        "imgName": "603306.jpg",
        "imgSrc": "https://cdn0.woolworths.media/content/wowproductimages/medium/603306.jpg",
        "name": "Bonds Stretchies Bib  each",
        "price": 14,
        "special": 9.8,
        "unitPrice": "$9.80 / 1EA"
    },
    {
        "category": "specials",
        "href": "https://www.woolworths.com.au/shop/productdetails/579734/maggi-side-dishes-three-cheese-flavoured-potato-bake",
        "imgName": "579734.jpg",
        "imgSrc": "https://cdn0.woolworths.media/content/wowproductimages/medium/579734.jpg",
        "name": "Maggi Side Dishes Three Cheese Flavoured Potato Bake 21g",
        "price": 1.75,
        "unitPrice": "$8.33 / 100G"
    },
    {
        "category": "specials",
        "href": "https://www.woolworths.com.au/shop/productdetails/313561/gaia-baby-moisturiser",
        "imgName": "313561.jpg",
        "imgSrc": "https://cdn0.woolworths.media/content/wowproductimages/medium/313561.jpg",
        "name": "Gaia Baby Moisturiser 250ml",
        "price": 9.5,
        "special": 7,
        "unitPrice": "$2.80 / 100ML"
    },
    {
        "category": "specials",
        "href": "https://www.woolworths.com.au/shop/productdetails/575822/greens-brownie-mix-triple-chocolate-fudge",
        "imgName": "575822.jpg",
        "imgSrc": "https://cdn0.woolworths.media/content/wowproductimages/medium/575822.jpg",
        "name": "Greens Brownie Mix Triple Chocolate Fudge 500g",
        "price": 4,
        "special": 3,
        "unitPrice": "$0.60 / 100G"
    },
    {
        "category": "specials",
        "href": "https://www.woolworths.com.au/shop/productdetails/625695/dine-finest-serve-mini-pouches-meat-selection-in-gravy",
        "imgName": "625695.jpg",
        "imgSrc": "https://cdn0.woolworths.media/content/wowproductimages/medium/625695.jpg",
        "name": "Dine Finest Serve Mini Pouches Meat Selection In Gravy 6x50g",
        "price": 4.8,
        "special": 3.6,
        "unitPrice": "$1.20 / 100G"
    },
    {
        "category": "specials",
        "href": "https://www.woolworths.com.au/shop/productdetails/748991/arnott-s-mint-slice-value-pack",
        "imgName": "748991.jpg",
        "imgSrc": "https://cdn0.woolworths.media/content/wowproductimages/medium/748991.jpg",
        "name": "Arnott's Mint Slice Value Pack 337g",
        "price": 3.6,
        "unitPrice": "$1.07 / 100G"
    },
    {
        "category": "specials",
        "href": "https://www.woolworths.com.au/shop/productdetails/489650/baby-u-goats-milk-baby-wipes-fragrance-free",
        "imgName": "489650.jpg",
        "imgSrc": "https://cdn0.woolworths.media/content/wowproductimages/medium/489650.jpg",
        "name": "Baby U Goats Milk Baby Wipes Fragrance Free 80pk",
        "price": 5,
        "special": 3.5,
        "unitPrice": "$4.38 / 100EA"
    },
    {
        "category": "specials",
        "href": "https://www.woolworths.com.au/shop/productdetails/785355/dominate-wax-nitro-cement",
        "imgName": "785355.jpg",
        "imgSrc": "https://cdn0.woolworths.media/content/wowproductimages/medium/785355.jpg",
        "name": "Dominate Wax Nitro Cement 85g",
        "price": 10,
        "special": 8,
        "unitPrice": "$9.41 / 100G"
    },
    {
        "category": "specials",
        "href": "https://www.woolworths.com.au/shop/productdetails/522341/sunrice-street-snack-teriyaki-chicken",
        "imgName": "522341.jpg",
        "imgSrc": "https://cdn0.woolworths.media/content/wowproductimages/medium/522341.jpg",
        "name": "Sunrice Street Snack Teriyaki Chicken  200g",
        "price": 4,
        "special": 3,
        "unitPrice": "$1.50 / 100G"
    },
    {
        "category": "specials",
        "href": "https://www.woolworths.com.au/shop/productdetails/612443/l-oreal-colorista-spray-1-day-colour-hot-pink",
        "imgName": "612443.jpg",
        "imgSrc": "https://cdn0.woolworths.media/content/wowproductimages/medium/612443.jpg",
        "name": "L'oreal Colorista Spray 1 Day Colour Hot Pink 75ml",
        "price": 15,
        "special": 10.5,
        "unitPrice": "$14.00 / 100ML"
    },
    {
        "category": "specials",
        "href": "https://www.woolworths.com.au/shop/productdetails/597603/uncle-tobys-muesli-bars-lunch-box-favourites",
        "imgName": "597603.jpg",
        "imgSrc": "https://cdn0.woolworths.media/content/wowproductimages/medium/597603.jpg",
        "name": "Uncle Tobys Muesli Bars Lunch Box Favourites 15pk 469g",
        "price": 6,
        "unitPrice": "$1.28 / 100G"
    },
    {
        "category": "specials",
        "href": "https://www.woolworths.com.au/shop/productdetails/522289/safcol-tuna-in-brine",
        "imgName": "522289.jpg",
        "imgSrc": "https://cdn0.woolworths.media/content/wowproductimages/medium/522289.jpg",
        "name": "Safcol Tuna In Brine 185g",
        "price": 2,
        "unitPrice": "$10.81 / 1KG"
    },
    {
        "category": "specials",
        "href": "https://www.woolworths.com.au/shop/productdetails/376552/essentials-plastic-tumblers-extra-large",
        "imgName": "376552.jpg",
        "imgSrc": "https://cdn0.woolworths.media/content/wowproductimages/medium/376552.jpg",
        "name": "Essentials Plastic Tumblers Extra Large 20pk",
        "price": 2.5,
        "unitPrice": "$0.13 / 1EA"
    },
    {
        "category": "specials",
        "href": "https://www.woolworths.com.au/shop/productdetails/841790/dolmio-no-added-sugar-classic-tomato-sauce",
        "imgName": "841790.jpg",
        "imgSrc": "https://cdn0.woolworths.media/content/wowproductimages/medium/841790.jpg",
        "name": "Dolmio No Added Sugar Classic Tomato Sauce 500g",
        "price": 2,
        "unitPrice": "$0.40 / 100G"
    },
    {
        "category": "specials",
        "href": "https://www.woolworths.com.au/shop/productdetails/341120/bertolli-olive-oil-margarine-classic",
        "imgName": "341120.jpg",
        "imgSrc": "https://cdn0.woolworths.media/content/wowproductimages/medium/341120.jpg",
        "name": "Bertolli Olive Oil Margarine Classic 500g",
        "price": 4.2,
        "special": 3.5,
        "unitPrice": "$0.70 / 100G"
    },
    {
        "category": "specials",
        "href": "https://www.woolworths.com.au/shop/productdetails/552526/air-wick-v-i-poo-toilet-spray-fruity-pin-up",
        "imgName": "552526.jpg",
        "imgSrc": "https://cdn0.woolworths.media/content/wowproductimages/medium/552526.jpg",
        "name": "Air Wick V.i.poo Toilet Spray Fruity Pin Up 55ml",
        "price": 10,
        "special": 8,
        "unitPrice": "$14.55 / 100ML"
    },
    {
        "category": "specials",
        "href": "https://www.woolworths.com.au/shop/productdetails/571488/woolworths-greek-style-yoghurt-light",
        "imgName": "571488.jpg",
        "imgSrc": "https://cdn0.woolworths.media/content/wowproductimages/medium/571488.jpg",
        "name": "Woolworths Greek Style Yoghurt Light 1kg",
        "price": 3.9,
        "unitPrice": "$0.39 / 100G"
    },
    {
        "category": "specials",
        "href": "https://www.woolworths.com.au/shop/productdetails/501479/palmolive-hand-sanitiser-japanese-cherry-blossom",
        "imgName": "501479.jpg",
        "imgSrc": "https://cdn0.woolworths.media/content/wowproductimages/medium/501479.jpg",
        "name": "Palmolive Hand Sanitiser Japanese Cherry Blossom 48ml",
        "price": 3,
        "unitPrice": "$6.25 / 100ML"
    },
    {
        "category": "specials",
        "href": "https://www.woolworths.com.au/shop/productdetails/757679/macro-organic-spaghetti-in-tomato-sauce",
        "imgName": "757679.jpg",
        "imgSrc": "https://cdn0.woolworths.media/content/wowproductimages/medium/757679.jpg",
        "name": "Macro Organic Spaghetti In Tomato Sauce 420g",
        "price": 1.5,
        "unitPrice": "$0.36 / 100G"
    },
    {
        "category": "specials",
        "href": "https://www.woolworths.com.au/shop/productdetails/662862/pure-sky-roasted-garlic-chive-butter-blend",
        "imgName": "662862.jpg",
        "imgSrc": "https://cdn0.woolworths.media/content/wowproductimages/medium/662862.jpg",
        "name": "Pure Sky Roasted Garlic & Chive Butter Blend 250g",
        "price": 5,
        "special": 4,
        "unitPrice": "$1.60 / 100G"
    },
    {
        "category": "specials",
        "href": "https://www.woolworths.com.au/shop/productdetails/330871/tuckers-caramelised-onion-crackers",
        "imgName": "330871.jpg",
        "imgSrc": "https://cdn0.woolworths.media/content/wowproductimages/medium/330871.jpg",
        "name": "Tuckers Caramelised Onion Crackers 110g",
        "price": 4,
        "special": 2.5,
        "unitPrice": "$2.27 / 100G"
    },
    {
        "category": "specials",
        "href": "https://www.woolworths.com.au/shop/productdetails/828484/heinz-soup-pouch-sweet-potato-chickpea",
        "imgName": "828484.jpg",
        "imgSrc": "https://cdn0.woolworths.media/content/wowproductimages/medium/828484.jpg",
        "name": "Heinz Soup Pouch Sweet Potato Chickpea 430g",
        "price": 3,
        "unitPrice": "$0.70 / 100G"
    },
    {
        "category": "specials",
        "href": "https://www.woolworths.com.au/shop/productdetails/635321/bulla-creamy-classics-frozen-custard",
        "imgName": "635321.jpg",
        "imgSrc": "https://cdn0.woolworths.media/content/wowproductimages/medium/635321.jpg",
        "name": "Bulla Creamy Classics Frozen Custard 1l",
        "price": 8,
        "special": 4,
        "unitPrice": "$0.40 / 100ML"
    },
    {
        "category": "specials",
        "href": "https://www.woolworths.com.au/shop/productdetails/767875/old-el-paso-nachos-kit",
        "imgName": "767875.jpg",
        "imgSrc": "https://cdn0.woolworths.media/content/wowproductimages/medium/767875.jpg",
        "name": "Old El Paso Nachos Kit  520g",
        "price": 4.75,
        "unitPrice": "$0.91 / 100G"
    },
    {
        "category": "specials",
        "href": "https://www.woolworths.com.au/shop/productdetails/452129/maggi-spaghetti-bolognese-recipe-base",
        "imgName": "452129.jpg",
        "imgSrc": "https://cdn0.woolworths.media/content/wowproductimages/medium/452129.jpg",
        "name": "Maggi Spaghetti Bolognese Recipe Base 20g",
        "price": 1.75,
        "unitPrice": "$8.75 / 100G"
    },
    {
        "category": "specials",
        "href": "https://www.woolworths.com.au/shop/productdetails/854195/woolworths-essentials-slotted-turner-nylon",
        "imgName": "854195.jpg",
        "imgSrc": "https://cdn0.woolworths.media/content/wowproductimages/medium/854195.jpg",
        "name": "Woolworths Essentials Slotted Turner Nylon each",
        "price": 2
    },
    {
        "category": "specials",
        "href": "https://www.woolworths.com.au/shop/productdetails/255373/earth-choice-fabric-softener",
        "imgName": "255373.jpg",
        "imgSrc": "https://cdn0.woolworths.media/content/wowproductimages/medium/255373.jpg",
        "name": "Earth Choice Fabric Softener  1l",
        "price": 2,
        "unitPrice": "$2.00 / 1L"
    },
    {
        "category": "specials",
        "href": "https://www.woolworths.com.au/shop/productdetails/783252/local-legends-jerky-bulgogi",
        "imgName": "783252.jpg",
        "imgSrc": "https://cdn0.woolworths.media/content/wowproductimages/medium/783252.jpg",
        "name": "Local Legends Jerky Bulgogi 75g",
        "price": 5,
        "special": 4,
        "unitPrice": "$53.33 / 1KG"
    },
    {
        "category": "specials",
        "href": "https://www.woolworths.com.au/shop/productdetails/716082/tassal-salmon-lemon-pepper",
        "imgName": "716082.jpg",
        "imgSrc": "https://cdn0.woolworths.media/content/wowproductimages/medium/716082.jpg",
        "name": "Tassal Salmon Lemon Pepper 95g",
        "price": 2,
        "unitPrice": "$21.05 / 1KG"
    },
    {
        "category": "specials",
        "href": "https://www.woolworths.com.au/shop/productdetails/578413/rexona-men-invisible-dry-ice-fresh-deodorant",
        "imgName": "578413.jpg",
        "imgSrc": "https://cdn0.woolworths.media/content/wowproductimages/medium/578413.jpg",
        "name": "Rexona Men Invisible Dry Ice Fresh Deodorant 250ml",
        "price": 7,
        "special": 5,
        "unitPrice": "$2.00 / 100ML"
    },
    {
        "category": "specials",
        "href": "https://www.woolworths.com.au/shop/productdetails/653349/majans-infuzions-potato-d-lites-four-cheese-herb-flavour",
        "imgName": "653349.jpg",
        "imgSrc": "https://cdn0.woolworths.media/content/wowproductimages/medium/653349.jpg",
        "name": "Majans Infuzions Potato D'lites Four Cheese & Herb Flavour 110g",
        "price": 3.49,
        "special": 2,
        "unitPrice": "$1.82 / 100G"
    },
    {
        "category": "specials",
        "href": "https://www.woolworths.com.au/shop/productdetails/71587/thawed-import-barramundi-fillets",
        "imgName": "071587.jpg",
        "imgSrc": "https://cdn0.woolworths.media/content/wowproductimages/medium/071587.jpg",
        "name": "Thawed Import Barramundi Fillets per kg",
        "price": 16,
        "unitPrice": "$16.00 / 1KG"
    },
    {
        "category": "specials",
        "href": "https://www.woolworths.com.au/shop/productdetails/601927/latina-fresh-ready-meals-shredded-beef-veg-bolognese-lunch-pot",
        "imgName": "601927.jpg",
        "imgSrc": "https://cdn0.woolworths.media/content/wowproductimages/medium/601927.jpg",
        "name": "Latina Fresh Ready Meals Shredded Beef & Veg Bolognese Lunch Pot 280g",
        "price": 6.5,
        "special": 5,
        "unitPrice": "$1.79 / 100G"
    },
    {
        "category": "specials",
        "href": "https://www.woolworths.com.au/shop/productdetails/58930/wild-turkey-kentucky-bourbon-86-8-proof",
        "imgName": "058930.jpg",
        "imgSrc": "https://cdn0.woolworths.media/content/wowproductimages/medium/058930.jpg",
        "name": "Wild Turkey Kentucky Bourbon 86.8 Proof 700ml",
        "price": 50,
        "special": 42
    },
    {
        "category": "specials",
        "href": "https://www.woolworths.com.au/shop/productdetails/656931/byron-bay-white-choc-macadamia-cookies",
        "imgName": "656931.jpg",
        "imgSrc": "https://cdn0.woolworths.media/content/wowproductimages/medium/656931.jpg",
        "name": "Byron Bay White Choc & Macadamia Cookies 100g",
        "price": 2.5,
        "special": 2,
        "unitPrice": "$2.00 / 100G"
    },
    {
        "category": "specials",
        "href": "https://www.woolworths.com.au/shop/productdetails/660337/cheezels-cheese-box",
        "imgName": "660337.jpg",
        "imgSrc": "https://cdn0.woolworths.media/content/wowproductimages/medium/660337.jpg",
        "name": "Cheezels Cheese Box  125g",
        "price": 2.4,
        "special": 2,
        "unitPrice": "$1.60 / 100G"
    },
    {
        "category": "specials",
        "href": "https://www.woolworths.com.au/shop/productdetails/341274/abbott-s-village-bakery-grainy-wholemeal-bread",
        "imgName": "341274.jpg",
        "imgSrc": "https://cdn0.woolworths.media/content/wowproductimages/medium/341274.jpg",
        "name": "Abbott's Village Bakery Grainy Wholemeal Bread 850g",
        "price": 3.5,
        "unitPrice": "$0.41 / 100G"
    },
    {
        "category": "specials",
        "href": "https://www.woolworths.com.au/shop/productdetails/539085/dine-creamy-treats-chicken",
        "imgName": "539085.jpg",
        "imgSrc": "https://cdn0.woolworths.media/content/wowproductimages/medium/539085.jpg",
        "name": "Dine Creamy Treats Chicken 48g 4pk",
        "price": 2.75,
        "special": 2,
        "unitPrice": "$4.17 / 100G"
    },
    {
        "category": "specials",
        "href": "https://www.woolworths.com.au/shop/productdetails/505308/calidad-hp-printer-ink-63-xl-tri-colour",
        "imgName": "505308.jpg",
        "imgSrc": "https://cdn0.woolworths.media/content/wowproductimages/medium/505308.jpg",
        "name": "Calidad Hp Printer Ink 63 Xl Tri Colour each",
        "price": 38
    },
    {
        "category": "specials",
        "href": "https://www.woolworths.com.au/shop/productdetails/625154/heinz-baked-beans-english-recipe",
        "imgName": "625154.jpg",
        "imgSrc": "https://cdn0.woolworths.media/content/wowproductimages/medium/625154.jpg",
        "name": "Heinz Baked Beans English Recipe 300g",
        "price": 2,
        "special": 1.5,
        "unitPrice": "$0.50 / 100G"
    },
    {
        "category": "specials",
        "href": "https://www.woolworths.com.au/shop/productdetails/436202/woolworths-caffitaly-compatible-coffee-capsules-decaffeinated",
        "imgName": "436202.jpg",
        "imgSrc": "https://cdn0.woolworths.media/content/wowproductimages/medium/436202.jpg",
        "name": "Woolworths Caffitaly Compatible Coffee Capsules Decaffeinated 10pk 80g",
        "price": 3.7,
        "unitPrice": "$4.63 / 100G"
    },
    {
        "category": "specials",
        "href": "https://www.woolworths.com.au/shop/productdetails/623853/quest-rocky-road-protein-bar",
        "imgName": "623853.jpg",
        "imgSrc": "https://cdn0.woolworths.media/content/wowproductimages/medium/623853.jpg",
        "name": "Quest Rocky Road Protein Bar 60g",
        "price": 4,
        "special": 3.5,
        "unitPrice": "$5.83 / 100G"
    },
    {
        "category": "specials",
        "href": "https://www.woolworths.com.au/shop/productdetails/101806/udl-vodka-lemon-lime-soda-cans",
        "imgName": "101806.jpg",
        "imgSrc": "https://cdn0.woolworths.media/content/wowproductimages/medium/101806.jpg",
        "name": "Udl Vodka Lemon Lime & Soda Cans 24x375ml",
        "price": 75,
        "special": 66
    },
    {
        "category": "specials",
        "href": "https://www.woolworths.com.au/shop/productdetails/532114/cenovis-once-daily-men-multi-vitamin",
        "imgName": "532114.jpg",
        "imgSrc": "https://cdn0.woolworths.media/content/wowproductimages/medium/532114.jpg",
        "name": "Cenovis Once Daily Men Multi Vitamin 50pk",
        "price": 13,
        "unitPrice": "$26.00 / 100EA"
    },
    {
        "category": "specials",
        "href": "https://www.woolworths.com.au/shop/productdetails/604172/l-or-espresso-splendente-coffee-capsule",
        "imgName": "604172.jpg",
        "imgSrc": "https://cdn0.woolworths.media/content/wowproductimages/medium/604172.jpg",
        "name": "L'or Espresso Splendente Coffee Capsule 10pk 52g",
        "price": 6,
        "special": 4,
        "unitPrice": "$7.69 / 100G"
    },
    {
        "category": "specials",
        "href": "https://www.woolworths.com.au/shop/productdetails/16923/hot-wheels-cars-basic-diecast",
        "imgName": "016923.jpg",
        "imgSrc": "https://cdn0.woolworths.media/content/wowproductimages/medium/016923.jpg",
        "name": "Hot Wheels Cars Basic Diecast each",
        "price": 3
    },
    {
        "category": "specials",
        "href": "https://www.woolworths.com.au/shop/productdetails/903515/glen-moray-single-malt-scotch-whisky",
        "imgName": "903515.jpg",
        "imgSrc": "https://cdn0.woolworths.media/content/wowproductimages/medium/903515.jpg",
        "name": "Glen Moray Single Malt Scotch Whisky  700ml",
        "price": 46,
        "special": 43
    },
    {
        "category": "specials",
        "href": "https://www.woolworths.com.au/shop/productdetails/23820/grant-burge-sparkling-pinot-chardonnay",
        "imgName": "023820.jpg",
        "imgSrc": "https://cdn0.woolworths.media/content/wowproductimages/medium/023820.jpg",
        "name": "Grant Burge Sparkling Pinot Chardonnay 750ml",
        "price": 28,
        "special": 21
    },
    {
        "category": "specials",
        "href": "https://www.woolworths.com.au/shop/productdetails/618613/leggo-s-fresh-creamy-tomato-sauce",
        "imgName": "618613.jpg",
        "imgSrc": "https://cdn0.woolworths.media/content/wowproductimages/medium/618613.jpg",
        "name": "Leggo's Fresh Creamy Tomato Sauce 250g",
        "price": 3.3,
        "unitPrice": "$1.32 / 100G"
    },
    {
        "category": "specials",
        "href": "https://www.woolworths.com.au/shop/productdetails/608604/underworks-zip-all-in-one-girls-000-1",
        "imgName": "608604.jpg",
        "imgSrc": "https://cdn0.woolworths.media/content/wowproductimages/medium/608604.jpg",
        "name": "Underworks Zip All In One Girls 000/ 1 each",
        "price": 15,
        "special": 10.5
    },
    {
        "category": "specials",
        "href": "https://www.woolworths.com.au/shop/productdetails/625155/heinz-spaghetti-extra-cheesy-sauce",
        "imgName": "625155.jpg",
        "imgSrc": "https://cdn0.woolworths.media/content/wowproductimages/medium/625155.jpg",
        "name": "Heinz Spaghetti Extra Cheesy Sauce 300g",
        "price": 2,
        "special": 1.5,
        "unitPrice": "$0.50 / 100G"
    },
    {
        "category": "specials",
        "href": "https://www.woolworths.com.au/shop/productdetails/10102/l-oreal-paris-elvive-total-repair-shampoo",
        "imgName": "010102.jpg",
        "imgSrc": "https://cdn0.woolworths.media/content/wowproductimages/medium/010102.jpg",
        "name": "L'oreal Paris Elvive Total Repair Shampoo 700ml",
        "price": 10,
        "unitPrice": "$1.43 / 100ML"
    },
    {
        "category": "specials",
        "href": "https://www.woolworths.com.au/shop/productdetails/473751/nando-s-perinaise-sauce-extra-mild-lemon-herb",
        "imgName": "473751.jpg",
        "imgSrc": "https://cdn0.woolworths.media/content/wowproductimages/medium/473751.jpg",
        "name": "Nando's Perinaise Sauce Extra Mild Lemon & Herb 265g",
        "price": 3.99,
        "special": 3.5,
        "unitPrice": "$1.32 / 100G"
    },
    {
        "category": "specials",
        "href": "https://www.woolworths.com.au/shop/productdetails/826207/maybelline-ny-lip-colour-pencil-nude-perfection",
        "imgName": "826207.jpg",
        "imgSrc": "https://cdn0.woolworths.media/content/wowproductimages/medium/826207.jpg",
        "name": "Maybelline Ny Lip Colour Pencil Nude Perfection 2.49g",
        "price": 9.95,
        "special": 6.95,
        "unitPrice": "$27.91 / 10G"
    },
    {
        "category": "specials",
        "href": "https://www.woolworths.com.au/shop/productdetails/574823/tetley-extra-strong-tea-bags",
        "imgName": "574823.jpg",
        "imgSrc": "https://cdn0.woolworths.media/content/wowproductimages/medium/574823.jpg",
        "name": "Tetley Extra Strong Tea Bags  100pk",
        "price": 4,
        "unitPrice": "$2.00 / 100G"
    },
    {
        "category": "specials",
        "href": "https://www.woolworths.com.au/shop/productdetails/646684/danone-yopro-yoghurt-vanilla",
        "imgName": "646684.jpg",
        "imgSrc": "https://cdn0.woolworths.media/content/wowproductimages/medium/646684.jpg",
        "name": "Danone Yopro Yoghurt Vanilla 160g",
        "price": 2.25,
        "special": 2,
        "unitPrice": "$1.25 / 100G"
    },
    {
        "category": "specials",
        "href": "https://www.woolworths.com.au/shop/productdetails/559226/mud-velvet-matte-lipstick-timeless-taupe",
        "imgName": "559226.jpg",
        "imgSrc": "https://cdn0.woolworths.media/content/wowproductimages/medium/559226.jpg",
        "name": "Mud Velvet Matte Lipstick Timeless Taupe 3g",
        "price": 4.5,
        "unitPrice": "$15.00 / 10G"
    },
    {
        "category": "specials",
        "href": "https://www.woolworths.com.au/shop/productdetails/42926/gillette-series-shaving-gel-moisturising",
        "imgName": "042926.jpg",
        "imgSrc": "https://cdn0.woolworths.media/content/wowproductimages/medium/042926.jpg",
        "name": "Gillette Series Shaving Gel Moisturising 200ml",
        "price": 5.75,
        "unitPrice": "$2.95 / 100G"
    },
    {
        "category": "specials",
        "href": "https://www.woolworths.com.au/shop/productdetails/445450/lindt-lindor-extra-dark-bag",
        "imgName": "445450.jpg",
        "imgSrc": "https://cdn0.woolworths.media/content/wowproductimages/medium/445450.jpg",
        "name": "Lindt Lindor Extra Dark Bag  125g",
        "price": 7,
        "special": 6,
        "unitPrice": "$4.80 / 100G"
    },
    {
        "category": "specials",
        "href": "https://www.woolworths.com.au/shop/productdetails/297362/u-by-kotex-tampons-super-bulk",
        "imgName": "297362.jpg",
        "imgSrc": "https://cdn0.woolworths.media/content/wowproductimages/medium/297362.jpg",
        "name": "U By Kotex Tampons Super Bulk 32pk",
        "price": 7.5,
        "unitPrice": "$0.23 / 1EA"
    },
    {
        "category": "specials",
        "href": "https://www.woolworths.com.au/shop/productdetails/521371/lcms-split-stix-yoghurty",
        "imgName": "521371.jpg",
        "imgSrc": "https://cdn0.woolworths.media/content/wowproductimages/medium/521371.jpg",
        "name": "Lcms Split Stix Yoghurty 15pk 345g",
        "price": 7,
        "unitPrice": "$2.03 / 100G"
    },
    {
        "category": "specials",
        "href": "https://www.woolworths.com.au/shop/productdetails/574246/arnott-s-tim-tam-messina-coconut-lychee",
        "imgName": "574246.jpg",
        "imgSrc": "https://cdn0.woolworths.media/content/wowproductimages/medium/574246.jpg",
        "name": "Arnott's Tim Tam Messina Coconut Lychee 160g",
        "price": 3.65,
        "special": 2.5,
        "unitPrice": "$1.56 / 100G"
    },
    {
        "category": "specials",
        "href": "https://www.woolworths.com.au/shop/productdetails/310243/carefree-flexia-tampons-super",
        "imgName": "310243.jpg",
        "imgSrc": "https://cdn0.woolworths.media/content/wowproductimages/medium/310243.jpg",
        "name": "Carefree Flexia Tampons Super 16pk",
        "price": 5.82,
        "special": 4,
        "unitPrice": "$0.25 / 1EA"
    },
    {
        "category": "specials",
        "href": "https://www.woolworths.com.au/shop/productdetails/621265/waxworks-citro-tea-lights-bush-blend",
        "imgName": "621265.jpg",
        "imgSrc": "https://cdn0.woolworths.media/content/wowproductimages/medium/621265.jpg",
        "name": "Waxworks Citro Tea Lights Bush Blend 8pk",
        "price": 7,
        "special": 5.6,
        "unitPrice": "$0.70 / 1EA"
    },
    {
        "category": "specials",
        "href": "https://www.woolworths.com.au/shop/productdetails/758233/tresemme-expert-selection-hair-conditioner-keratin-smooth",
        "imgName": "758233.jpg",
        "imgSrc": "https://cdn0.woolworths.media/content/wowproductimages/medium/758233.jpg",
        "name": "Tresemme Expert Selection Hair Conditioner Keratin Smooth 750ml",
        "price": 7,
        "unitPrice": "$0.93 / 100ML"
    },
    {
        "category": "specials",
        "href": "https://www.woolworths.com.au/shop/productdetails/650088/armor-all-air-freshener-summer-melons",
        "imgName": "650088.jpg",
        "imgSrc": "https://cdn0.woolworths.media/content/wowproductimages/medium/650088.jpg",
        "name": "Armor All Air Freshener Summer Melons 2.5ml",
        "price": 6,
        "special": 4.8,
        "unitPrice": "$192.00 / 100ML"
    },
    {
        "category": "specials",
        "href": "https://www.woolworths.com.au/shop/productdetails/730351/vaseline-intensive-care-body-lotion-aloe-soothe",
        "imgName": "730351.jpg",
        "imgSrc": "https://cdn0.woolworths.media/content/wowproductimages/medium/730351.jpg",
        "name": "Vaseline Intensive Care Body Lotion Aloe Soothe 225ml",
        "price": 5,
        "unitPrice": "$2.22 / 100ML"
    },
    {
        "category": "specials",
        "href": "https://www.woolworths.com.au/shop/productdetails/422524/rimmel-lipstick-the-only-one-best",
        "imgName": "422524.jpg",
        "imgSrc": "https://cdn0.woolworths.media/content/wowproductimages/medium/422524.jpg",
        "name": "Rimmel Lipstick The Only One Best 3.4g",
        "price": 15.95,
        "special": 7.95,
        "unitPrice": "$23.38 / 10G"
    },
    {
        "category": "specials",
        "href": "https://www.woolworths.com.au/shop/productdetails/335208/rafferty-s-garden-snack-apple-fruit-bars",
        "imgName": "335208.jpg",
        "imgSrc": "https://cdn0.woolworths.media/content/wowproductimages/medium/335208.jpg",
        "name": "Rafferty's Garden Snack Apple Fruit Bars 8pk 128g",
        "price": 3.5,
        "unitPrice": "$2.73 / 100G"
    },
    {
        "category": "specials",
        "href": "https://www.woolworths.com.au/shop/productdetails/787164/golden-circle-apple-blackcurrant-fruit-drink",
        "imgName": "787164.jpg",
        "imgSrc": "https://cdn0.woolworths.media/content/wowproductimages/medium/787164.jpg",
        "name": "Golden Circle Apple & Blackcurrant Fruit Drink 2l",
        "price": 3,
        "unitPrice": "$1.50 / 1L"
    },
    {
        "category": "specials",
        "href": "https://www.woolworths.com.au/shop/productdetails/28263/movietime-popcorn-bag-multi-coloured",
        "imgName": "028263.jpg",
        "imgSrc": "https://cdn0.woolworths.media/content/wowproductimages/medium/028263.jpg",
        "name": "Movietime Popcorn Bag Multi Coloured 150g",
        "price": 2.7,
        "special": 2,
        "unitPrice": "$1.33 / 100G"
    },
    {
        "category": "specials",
        "href": "https://www.woolworths.com.au/shop/productdetails/554518/hans-tuscan-salami",
        "imgName": "554518.jpg",
        "imgSrc": "https://cdn0.woolworths.media/content/wowproductimages/medium/554518.jpg",
        "name": "Hans Tuscan Salami  200g",
        "price": 6.99,
        "unitPrice": "$34.95 / 1KG"
    },
    {
        "category": "specials",
        "href": "https://www.woolworths.com.au/shop/productdetails/603936/christmas-woodland-glitter-trees-snowflake",
        "imgName": "603936.jpg",
        "imgSrc": "https://cdn0.woolworths.media/content/wowproductimages/medium/603936.jpg",
        "name": "Christmas Woodland Glitter Trees & Snowflake 8 pack",
        "price": 4,
        "special": 2.8,
        "unitPrice": "$2.80 / 1EA"
    },
    {
        "category": "specials",
        "href": "https://www.woolworths.com.au/shop/productdetails/226779/dishmatic-general-purpose-refill",
        "imgName": "226779.jpg",
        "imgSrc": "https://cdn0.woolworths.media/content/wowproductimages/medium/226779.jpg",
        "name": "Dishmatic General Purpose Refill 6pk",
        "price": 8.99,
        "special": 7.99,
        "unitPrice": "$1.33 / 1EA"
    },
    {
        "category": "specials",
        "href": "https://www.woolworths.com.au/shop/productdetails/780921/select-salsa-chunky-medium",
        "imgName": "780921.jpg",
        "imgSrc": "https://cdn0.woolworths.media/content/wowproductimages/medium/780921.jpg",
        "name": "Select Salsa Chunky Medium 375g",
        "price": 3.29,
        "unitPrice": "$0.88 / 100G"
    },
    {
        "category": "specials",
        "href": "https://www.woolworths.com.au/shop/productdetails/45458/maesri-paste-red-curry",
        "imgName": "045458.jpg",
        "imgSrc": "https://cdn0.woolworths.media/content/wowproductimages/medium/045458.jpg",
        "name": "Maesri Paste Red Curry 114g",
        "price": 1.45,
        "special": 1.3,
        "unitPrice": "$1.14 / 100G"
    },
    {
        "category": "specials",
        "href": "https://www.woolworths.com.au/shop/productdetails/798586/inspire-500-tc-queen-bed-flat-sheet",
        "imgName": "default.png",
        "imgSrc": "https://cdn0.woolworths.media/content/wowproductimages/large/default.png",
        "name": "Inspire 500 Tc Queen Bed Flat Sheet each",
        "price": 35,
        "special": 17.5
    },
    {
        "category": "specials",
        "href": "https://www.woolworths.com.au/shop/productdetails/923892/obela-spicy-harissa-garnished-hommus",
        "imgName": "923892.jpg",
        "imgSrc": "https://cdn0.woolworths.media/content/wowproductimages/medium/923892.jpg",
        "name": "Obela Spicy Harissa Garnished Hommus 220g",
        "price": 4.4,
        "special": 4,
        "unitPrice": "$1.82 / 100G"
    },
    {
        "category": "specials",
        "href": "https://www.woolworths.com.au/shop/productdetails/604049/christmas-bon-bons-festive",
        "imgName": "604049.jpg",
        "imgSrc": "https://cdn0.woolworths.media/content/wowproductimages/medium/604049.jpg",
        "name": "Christmas Bon Bons Festive 10pk",
        "price": 10,
        "special": 8,
        "unitPrice": "$8.00 / 1EA"
    },
    {
        "category": "specials",
        "href": "https://www.woolworths.com.au/shop/productdetails/905828/yellowglen-bella-sparkling-moscato",
        "imgName": "905828.jpg",
        "imgSrc": "https://cdn0.woolworths.media/content/wowproductimages/medium/905828.jpg",
        "name": "Yellowglen Bella Sparkling Moscato 750ml",
        "price": 15,
        "special": 13
    },
    {
        "category": "specials",
        "href": "https://www.woolworths.com.au/shop/productdetails/618615/leggo-s-veal-tortellini",
        "imgName": "618615.jpg",
        "imgSrc": "https://cdn0.woolworths.media/content/wowproductimages/medium/618615.jpg",
        "name": "Leggo's Veal Tortellini  360g",
        "price": 4,
        "unitPrice": "$1.11 / 100G"
    },
    {
        "category": "specials",
        "href": "https://www.woolworths.com.au/shop/productdetails/513235/abel-s-tempest-chardonnay-pinot-noir",
        "imgName": "513235.jpg",
        "imgSrc": "https://cdn0.woolworths.media/content/wowproductimages/medium/513235.jpg",
        "name": "Abel's Tempest Chardonnay Pinot Noir  750ml",
        "price": 30,
        "special": 25
    },
    {
        "category": "specials",
        "href": "https://www.woolworths.com.au/shop/productdetails/630640/bear-naked-peanut-butter-honey-real-nut-energy-bar",
        "imgName": "630640.jpg",
        "imgSrc": "https://cdn0.woolworths.media/content/wowproductimages/medium/630640.jpg",
        "name": "Bear Naked Peanut Butter & Honey Real Nut Energy Bar 2pk",
        "price": 5,
        "special": 4,
        "unitPrice": "$3.08 / 100G"
    },
    {
        "category": "specials",
        "href": "https://www.woolworths.com.au/shop/productdetails/658590/don-all-natural-pan-size-bacon-rashers",
        "imgName": "658590.jpg",
        "imgSrc": "https://cdn0.woolworths.media/content/wowproductimages/medium/658590.jpg",
        "name": "Don All Natural Pan Size Bacon Rashers 200g",
        "price": 6,
        "special": 5,
        "unitPrice": "$25.00 / 1KG"
    },
    {
        "category": "specials",
        "href": "https://www.woolworths.com.au/shop/productdetails/310256/woolworths-select-chicken-liquid-stock-salt-reduced",
        "imgName": "310256.jpg",
        "imgSrc": "https://cdn0.woolworths.media/content/wowproductimages/medium/310256.jpg",
        "name": "Woolworths Select Chicken Liquid Stock Salt Reduced 1l",
        "price": 2,
        "unitPrice": "$0.20 / 100ML"
    },
    {
        "category": "specials",
        "href": "https://www.woolworths.com.au/shop/productdetails/660070/omo-specialty-laundry-liquid-delicates-silk-wool",
        "imgName": "660070.jpg",
        "imgSrc": "https://cdn0.woolworths.media/content/wowproductimages/medium/660070.jpg",
        "name": "Omo Specialty Laundry Liquid Delicates Silk & Wool 1l",
        "price": 12,
        "special": 8.6,
        "unitPrice": "$8.60 / 1L"
    },
    {
        "category": "specials",
        "href": "https://www.woolworths.com.au/shop/productdetails/758444/dolmio-traditional-recipe-pasta-sauce-classic-tomato",
        "imgName": "758444.jpg",
        "imgSrc": "https://cdn0.woolworths.media/content/wowproductimages/medium/758444.jpg",
        "name": "Dolmio Traditional Recipe Pasta Sauce Classic Tomato 500g",
        "price": 2,
        "unitPrice": "$0.40 / 100G"
    },
    {
        "category": "specials",
        "href": "https://www.woolworths.com.au/shop/productdetails/574338/arnott-s-tim-tam-messina-choc-mint",
        "imgName": "574338.jpg",
        "imgSrc": "https://cdn0.woolworths.media/content/wowproductimages/medium/574338.jpg",
        "name": "Arnott's Tim Tam Messina Choc Mint 160g",
        "price": 3.65,
        "special": 2.5,
        "unitPrice": "$1.56 / 100G"
    },
    {
        "category": "specials",
        "href": "https://www.woolworths.com.au/shop/productdetails/600809/bedhead-recovery-treatment-mask",
        "imgName": "600809.jpg",
        "imgSrc": "https://cdn0.woolworths.media/content/wowproductimages/medium/600809.jpg",
        "name": "Bedhead Recovery Treatment Mask 200g",
        "price": 22,
        "unitPrice": "$11.00 / 100G"
    },
    {
        "category": "specials",
        "href": "https://www.woolworths.com.au/shop/productdetails/658726/grinders-cold-brew-coffee",
        "imgName": "658726.jpg",
        "imgSrc": "https://cdn0.woolworths.media/content/wowproductimages/medium/658726.jpg",
        "name": "Grinders Cold Brew Coffee 300ml",
        "price": 9.15,
        "special": 6,
        "unitPrice": "$2.00 / 100ML"
    },
    {
        "category": "specials",
        "href": "https://www.woolworths.com.au/shop/productdetails/625156/heinz-baked-beans-tomato-sauce",
        "imgName": "625156.jpg",
        "imgSrc": "https://cdn0.woolworths.media/content/wowproductimages/medium/625156.jpg",
        "name": "Heinz Baked Beans Tomato Sauce 300g",
        "price": 2,
        "special": 1.5,
        "unitPrice": "$0.50 / 100G"
    },
    {
        "category": "specials",
        "href": "https://www.woolworths.com.au/shop/productdetails/91544/wild-turkey-bourbon-cola-bottles",
        "imgName": "091544.jpg",
        "imgSrc": "https://cdn0.woolworths.media/content/wowproductimages/medium/091544.jpg",
        "name": "Wild Turkey Bourbon & Cola Bottles 4x340ml",
        "price": 19,
        "special": 17
    },
    {
        "category": "specials",
        "href": "https://www.woolworths.com.au/shop/productdetails/330372/wrigley-s-extra-white-gum-lemon-lime",
        "imgName": "330372.jpg",
        "imgSrc": "https://cdn0.woolworths.media/content/wowproductimages/medium/330372.jpg",
        "name": "Wrigley's Extra White Gum Lemon Lime 40pce 56g",
        "price": 3.5,
        "special": 3,
        "unitPrice": "$5.36 / 100G"
    },
    {
        "category": "specials",
        "href": "https://www.woolworths.com.au/shop/productdetails/906782/yalumba-y-series-pinot-grigio",
        "imgName": "906782.jpg",
        "imgSrc": "https://cdn0.woolworths.media/content/wowproductimages/medium/906782.jpg",
        "name": "Yalumba Y Series Pinot Grigio  750ml",
        "price": 14,
        "special": 11
    },
    {
        "category": "specials",
        "href": "https://www.woolworths.com.au/shop/productdetails/42161/perfect-italiano-shredded-parmesan",
        "imgName": "042161.jpg",
        "imgSrc": "https://cdn0.woolworths.media/content/wowproductimages/medium/042161.jpg",
        "name": "Perfect Italiano Shredded Parmesan 125g",
        "price": 3.25,
        "unitPrice": "$26.00 / 1KG"
    },
    {
        "category": "specials",
        "href": "https://www.woolworths.com.au/shop/productdetails/579716/maggi-side-dishes-cheese-cauliflower-flavoured-potato-bake",
        "imgName": "579716.jpg",
        "imgSrc": "https://cdn0.woolworths.media/content/wowproductimages/medium/579716.jpg",
        "name": "Maggi Side Dishes Cheese & Cauliflower Flavoured Potato Bake 30g",
        "price": 1.75,
        "unitPrice": "$5.83 / 100G"
    },
    {
        "category": "specials",
        "href": "https://www.woolworths.com.au/shop/productdetails/516955/fuji-enviromax-super-alkaline-aa-battery",
        "imgName": "516955.jpg",
        "imgSrc": "https://cdn0.woolworths.media/content/wowproductimages/medium/516955.jpg",
        "name": "Fuji Enviromax Super Alkaline Aa Battery  10pk",
        "price": 9,
        "special": 4.5,
        "unitPrice": "$0.45 / 1EA"
    },
    {
        "category": "specials",
        "href": "https://www.woolworths.com.au/shop/productdetails/345994/gravox-finishing-sauce-hollandaise",
        "imgName": "345994.jpg",
        "imgSrc": "https://cdn0.woolworths.media/content/wowproductimages/medium/345994.jpg",
        "name": "Gravox Finishing Sauce Hollandaise 165g",
        "price": 2,
        "unitPrice": "$1.21 / 100G"
    },
    {
        "category": "specials",
        "href": "https://www.woolworths.com.au/shop/productdetails/146325/carman-s-original-fruit-free-muesli",
        "imgName": "146325.jpg",
        "imgSrc": "https://cdn0.woolworths.media/content/wowproductimages/medium/146325.jpg",
        "name": "Carman's Original Fruit Free Muesli 500g",
        "price": 5.7,
        "special": 4,
        "unitPrice": "$0.80 / 100G"
    },
    {
        "category": "specials",
        "href": "https://www.woolworths.com.au/shop/productdetails/382555/sierra-nevada-pale-ale-bottles",
        "imgName": "382555.jpg",
        "imgSrc": "https://cdn0.woolworths.media/content/wowproductimages/medium/382555.jpg",
        "name": "Sierra Nevada Pale Ale Bottles 6x355ml pack",
        "price": 27.8,
        "special": 25
    },
    {
        "category": "specials",
        "href": "https://www.woolworths.com.au/shop/productdetails/756751/shine-domestic-wipes",
        "imgName": "756751.jpg",
        "imgSrc": "https://cdn0.woolworths.media/content/wowproductimages/medium/756751.jpg",
        "name": "Shine Domestic Wipes 20pk",
        "price": 4,
        "unitPrice": "$0.20 / 1EA"
    },
    {
        "category": "specials",
        "href": "https://www.woolworths.com.au/shop/productdetails/624145/bref-power-active-toilet-cleaner-fresh-flowers",
        "imgName": "624145.jpg",
        "imgSrc": "https://cdn0.woolworths.media/content/wowproductimages/medium/624145.jpg",
        "name": "Bref Power Active Toilet Cleaner Fresh Flowers 2pk",
        "price": 7,
        "unitPrice": "$7.00 / 1EA"
    },
    {
        "category": "specials",
        "href": "https://www.woolworths.com.au/shop/productdetails/696318/homebrand-kitchen-gadget-skewers-metal-25cm",
        "imgName": "696318.jpg",
        "imgSrc": "https://cdn0.woolworths.media/content/wowproductimages/medium/696318.jpg",
        "name": "Homebrand Kitchen Gadget Skewers Metal 25cm 10pk",
        "price": 6
    },
    {
        "category": "specials",
        "href": "https://www.woolworths.com.au/shop/productdetails/580269/oral-b-essential-2x50m-waxed-dental-floss",
        "imgName": "580269.jpg",
        "imgSrc": "https://cdn0.woolworths.media/content/wowproductimages/medium/580269.jpg",
        "name": "Oral B Essential 2x50m Waxed Dental Floss 100m",
        "price": 6,
        "special": 4.2,
        "unitPrice": "$0.04 / 1M"
    },
    {
        "category": "specials",
        "href": "https://www.woolworths.com.au/shop/productdetails/917376/bundaberg-red-rum-cola-cans",
        "imgName": "917376.jpg",
        "imgSrc": "https://cdn0.woolworths.media/content/wowproductimages/medium/917376.jpg",
        "name": "Bundaberg Red Rum & Cola Cans 24x375ml",
        "price": 87,
        "special": 76
    },
    {
        "category": "specials",
        "href": "https://www.woolworths.com.au/shop/productdetails/3085/dom-perignon-champagne-champagne",
        "imgName": "003085.jpg",
        "imgSrc": "https://cdn0.woolworths.media/content/wowproductimages/medium/003085.jpg",
        "name": "Dom Perignon Champagne Champagne 750ml",
        "price": 300,
        "special": 259
    },
    {
        "category": "specials",
        "href": "https://www.woolworths.com.au/shop/productdetails/621002/l-oreal-colorista-effect-soft-bleach-kit",
        "imgName": "621002.jpg",
        "imgSrc": "https://cdn0.woolworths.media/content/wowproductimages/medium/621002.jpg",
        "name": "L'oreal Colorista Effect Soft Bleach Kit 250ml",
        "price": 19,
        "special": 13.25,
        "unitPrice": "$5.30 / 100ML"
    },
    {
        "category": "specials",
        "href": "https://www.woolworths.com.au/shop/productdetails/147805/pantalica-cream-mascarpone",
        "imgName": "147805.jpg",
        "imgSrc": "https://cdn0.woolworths.media/content/wowproductimages/medium/147805.jpg",
        "name": "Pantalica Cream Mascarpone  250g",
        "price": 5,
        "special": 4,
        "unitPrice": "$16.00 / 1KG"
    },
    {
        "category": "specials",
        "href": "https://www.woolworths.com.au/shop/productdetails/594092/woolworths-chocolate-ice-cream",
        "imgName": "594092.jpg",
        "imgSrc": "https://cdn0.woolworths.media/content/wowproductimages/medium/594092.jpg",
        "name": "Woolworths Chocolate Ice Cream 2l",
        "price": 4.5,
        "unitPrice": "$0.23 / 100ML"
    },
    {
        "category": "specials",
        "href": "https://www.woolworths.com.au/shop/productdetails/473754/fountain-mild-mexican-sauce",
        "imgName": "473754.jpg",
        "imgSrc": "https://cdn0.woolworths.media/content/wowproductimages/medium/473754.jpg",
        "name": "Fountain Mild Mexican Sauce  250ml",
        "price": 2.7,
        "special": 2.2,
        "unitPrice": "$0.88 / 100ML"
    },
    {
        "category": "specials",
        "href": "https://www.woolworths.com.au/shop/productdetails/310224/nisshin-panko-breadcrumbs",
        "imgName": "310224.jpg",
        "imgSrc": "https://cdn0.woolworths.media/content/wowproductimages/medium/310224.jpg",
        "name": "Nisshin Panko Breadcrumbs  200g",
        "price": 5.5,
        "special": 4.9,
        "unitPrice": "$0.25 / 10G"
    },
    {
        "category": "specials",
        "href": "https://www.woolworths.com.au/shop/productdetails/573381/oral-b-kids-vitality-power-toothbrush",
        "imgName": "573381.jpg",
        "imgSrc": "https://cdn0.woolworths.media/content/wowproductimages/medium/573381.jpg",
        "name": "Oral B Kids Vitality Power Toothbrush each",
        "price": 47,
        "special": 32.9,
        "unitPrice": "$32.90 / 1EA"
    },
    {
        "category": "specials",
        "href": "https://www.woolworths.com.au/shop/productdetails/574330/mars-m-m-s-crispy-chocolate-block",
        "imgName": "574330.jpg",
        "imgSrc": "https://cdn0.woolworths.media/content/wowproductimages/medium/574330.jpg",
        "name": "Mars M&m's Crispy Chocolate Block 160g",
        "price": 4.8,
        "special": 3.5,
        "unitPrice": "$2.33 / 100G"
    },
    {
        "category": "specials",
        "href": "https://www.woolworths.com.au/shop/productdetails/790314/chobani-coconut-yoghurt",
        "imgName": "790314.jpg",
        "imgSrc": "https://cdn0.woolworths.media/content/wowproductimages/medium/790314.jpg",
        "name": "Chobani Coconut Yoghurt 170g",
        "price": 2.25,
        "special": 2,
        "unitPrice": "$1.18 / 100G"
    },
    {
        "category": "specials",
        "href": "https://www.woolworths.com.au/shop/productdetails/612577/v-energy-drink-original-green",
        "imgName": "612577.jpg",
        "imgSrc": "https://cdn0.woolworths.media/content/wowproductimages/medium/612577.jpg",
        "name": "V Energy Drink Original Green 10x200ml",
        "price": 17.3,
        "special": 13.5,
        "unitPrice": "$6.75 / 1L"
    },
    {
        "category": "specials",
        "href": "https://www.woolworths.com.au/shop/productdetails/30721/libra-goodnights-pads",
        "imgName": "030721.jpg",
        "imgSrc": "https://cdn0.woolworths.media/content/wowproductimages/medium/030721.jpg",
        "name": "Libra Goodnights Pads  10pk",
        "price": 4.65,
        "unitPrice": "$0.47 / 1EA"
    },
    {
        "category": "specials",
        "href": "https://www.woolworths.com.au/shop/productdetails/633653/diggits-choc-banana-despicable-me-3",
        "imgName": "633653.jpg",
        "imgSrc": "https://cdn0.woolworths.media/content/wowproductimages/medium/633653.jpg",
        "name": "Diggits Choc Banana Despicable Me 3 6pk",
        "price": 4,
        "special": 3,
        "unitPrice": "$1.67 / 100G"
    },
    {
        "category": "specials",
        "href": "https://www.woolworths.com.au/shop/productdetails/505676/woolworths-chargrilled-eggplant-prepacked",
        "imgName": "505676.jpg",
        "imgSrc": "https://cdn0.woolworths.media/content/wowproductimages/medium/505676.jpg",
        "name": "Woolworths Chargrilled Eggplant Prepacked 180g",
        "price": 3.5,
        "special": 3,
        "unitPrice": "$1.67 / 100G"
    },
    {
        "category": "specials",
        "href": "https://www.woolworths.com.au/shop/productdetails/661635/adriano-zumbo-pink-finger-bun-slice-mix",
        "imgName": "661635.jpg",
        "imgSrc": "https://cdn0.woolworths.media/content/wowproductimages/medium/661635.jpg",
        "name": "Adriano Zumbo Pink Finger Bun Slice Mix 490g",
        "price": 6,
        "special": 5,
        "unitPrice": "$1.02 / 100G"
    },
    {
        "category": "specials",
        "href": "https://www.woolworths.com.au/shop/productdetails/631383/modelco-tan-remover-soap",
        "imgName": "631383.jpg",
        "imgSrc": "https://cdn0.woolworths.media/content/wowproductimages/medium/631383.jpg",
        "name": "Modelco Tan Remover Soap 125g",
        "price": 10,
        "special": 7,
        "unitPrice": "$5.60 / 100G"
    },
    {
        "category": "specials",
        "href": "https://www.woolworths.com.au/shop/productdetails/619355/felix-sensations-cat-food-meat-selection",
        "imgName": "619355.jpg",
        "imgSrc": "https://cdn0.woolworths.media/content/wowproductimages/medium/619355.jpg",
        "name": "Felix Sensations Cat Food Meat Selection 12x85g",
        "price": 10.69,
        "special": 8.5,
        "unitPrice": "$0.83 / 100G"
    },
    {
        "category": "specials",
        "href": "https://www.woolworths.com.au/shop/productdetails/54907/ansell-lifestyles-condoms-ultra-thin",
        "imgName": "054907.jpg",
        "imgSrc": "https://cdn0.woolworths.media/content/wowproductimages/medium/054907.jpg",
        "name": "Ansell Lifestyles Condoms Ultra Thin 12pk",
        "price": 6,
        "unitPrice": "$0.50 / 1EA"
    },
    {
        "category": "specials",
        "href": "https://www.woolworths.com.au/shop/productdetails/509974/calidad-canon-printer-ink-refill-pack",
        "imgName": "509974.jpg",
        "imgSrc": "https://cdn0.woolworths.media/content/wowproductimages/medium/509974.jpg",
        "name": "Calidad Canon Printer Ink Refill Pack each",
        "price": 28
    },
    {
        "category": "specials",
        "href": "https://www.woolworths.com.au/shop/productdetails/730623/garnier-skin-naturals-bb-face-cream-medium",
        "imgName": "730623.jpg",
        "imgSrc": "https://cdn0.woolworths.media/content/wowproductimages/medium/730623.jpg",
        "name": "Garnier Skin Naturals Bb Face Cream Medium 40ml",
        "price": 14.99,
        "special": 10.49,
        "unitPrice": "$26.23 / 100ML"
    },
    {
        "category": "specials",
        "href": "https://www.woolworths.com.au/shop/productdetails/448580/maggi-lamb-ragout-recipe-base",
        "imgName": "448580.jpg",
        "imgSrc": "https://cdn0.woolworths.media/content/wowproductimages/medium/448580.jpg",
        "name": "Maggi Lamb Ragout Recipe Base 37g",
        "price": 1.75,
        "unitPrice": "$4.73 / 100G"
    },
    {
        "category": "specials",
        "href": "https://www.woolworths.com.au/shop/productdetails/659677/jalna-pot-set-garlic-infused-olive-oil-spread",
        "imgName": "659677.jpg",
        "imgSrc": "https://cdn0.woolworths.media/content/wowproductimages/medium/659677.jpg",
        "name": "Jalna Pot Set Garlic Infused Olive Oil Spread 270g",
        "price": 4,
        "special": 3,
        "unitPrice": "$1.11 / 100G"
    },
    {
        "category": "specials",
        "href": "https://www.woolworths.com.au/shop/productdetails/185187/pyrex-cookware-round-bowl-with-lid-4-cup",
        "imgName": "185187.jpg",
        "imgSrc": "https://cdn0.woolworths.media/content/wowproductimages/medium/185187.jpg",
        "name": "Pyrex Cookware Round Bowl With Lid 4 Cup each",
        "price": 13,
        "special": 9.1
    },
    {
        "category": "specials",
        "href": "https://www.woolworths.com.au/shop/productdetails/710520/don-ham-shaved-champagne",
        "imgName": "710520.jpg",
        "imgSrc": "https://cdn0.woolworths.media/content/wowproductimages/medium/710520.jpg",
        "name": "Don Ham Shaved Champagne 250g",
        "price": 4.8,
        "unitPrice": "$19.20 / 1KG"
    },
    {
        "category": "specials",
        "href": "https://www.woolworths.com.au/shop/productdetails/49304/moro-extra-light-olive-oil",
        "imgName": "049304.jpg",
        "imgSrc": "https://cdn0.woolworths.media/content/wowproductimages/medium/049304.jpg",
        "name": "Moro Extra Light Olive Oil 500ml",
        "price": 7.5,
        "unitPrice": "$1.50 / 100ML"
    },
    {
        "category": "specials",
        "href": "https://www.woolworths.com.au/shop/productdetails/626487/bertocchi-gold-thin-crispy-middle-bacon",
        "imgName": "626487.jpg",
        "imgSrc": "https://cdn0.woolworths.media/content/wowproductimages/medium/626487.jpg",
        "name": "Bertocchi Gold Thin & Crispy Middle Bacon 400g",
        "price": 7.7,
        "special": 6,
        "unitPrice": "$15.00 / 1KG"
    },
    {
        "category": "specials",
        "href": "https://www.woolworths.com.au/shop/productdetails/826628/maybelline-ny-mascara-water-proof-classic-black",
        "imgName": "826628.jpg",
        "imgSrc": "https://cdn0.woolworths.media/content/wowproductimages/medium/826628.jpg",
        "name": "Maybelline Ny Mascara Water Proof Classic Black 2.5ml",
        "price": 19.95,
        "special": 13.95,
        "unitPrice": "$14.68 / 10ML"
    },
    {
        "category": "specials",
        "href": "https://www.woolworths.com.au/shop/productdetails/246481/brita-water-filter-jug-marella-cool-white-2-4l",
        "imgName": "246481.jpg",
        "imgSrc": "https://cdn0.woolworths.media/content/wowproductimages/medium/246481.jpg",
        "name": "Brita Water Filter Jug Marella Cool White 2.4l each",
        "price": 32.99,
        "special": 23.09
    },
    {
        "category": "specials",
        "href": "https://www.woolworths.com.au/shop/productdetails/505670/woolworths-green-olives-filled-fetta-prepacked",
        "imgName": "505670.jpg",
        "imgSrc": "https://cdn0.woolworths.media/content/wowproductimages/medium/505670.jpg",
        "name": "Woolworths Green Olives Filled Fetta Prepacked 180g",
        "price": 3.5,
        "special": 3,
        "unitPrice": "$1.67 / 100G"
    },
    {
        "category": "specials",
        "href": "https://www.woolworths.com.au/shop/productdetails/218836/armor-all-car-care-chamois-335mm-x-430mm",
        "imgName": "218836.jpg",
        "imgSrc": "https://cdn0.woolworths.media/content/wowproductimages/medium/218836.jpg",
        "name": "Armor All Car Care Chamois 335mm X 430mm each",
        "price": 11,
        "special": 8.8
    },
    {
        "category": "specials",
        "href": "https://www.woolworths.com.au/shop/productdetails/583778/val-verde-italian-diced-tomatoes-with-oregano-basil",
        "imgName": "583778.jpg",
        "imgSrc": "https://cdn0.woolworths.media/content/wowproductimages/medium/583778.jpg",
        "name": "Val Verde Italian Diced Tomatoes With Oregano & Basil 390g",
        "price": 1.5,
        "special": 0.8,
        "unitPrice": "$0.21 / 100G"
    },
    {
        "category": "specials",
        "href": "https://www.woolworths.com.au/shop/productdetails/378021/ca-bolani-prosecco",
        "imgName": "378021.jpg",
        "imgSrc": "https://cdn0.woolworths.media/content/wowproductimages/medium/378021.jpg",
        "name": "Ca Bolani Prosecco  750ml",
        "price": 20,
        "special": 16
    },
    {
        "category": "specials",
        "href": "https://www.woolworths.com.au/shop/productdetails/620652/l-oreal-colorista-spray-1-day-colour-pastel-blue",
        "imgName": "620652.jpg",
        "imgSrc": "https://cdn0.woolworths.media/content/wowproductimages/medium/620652.jpg",
        "name": "L'oreal Colorista Spray 1 Day Colour Pastel Blue 75ml",
        "price": 15,
        "special": 10.5,
        "unitPrice": "$14.00 / 100ML"
    },
    {
        "category": "specials",
        "href": "https://www.woolworths.com.au/shop/productdetails/779242/mitchum-women-s-deodorant-roll-on-clinical-pure-fresh",
        "imgName": "779242.jpg",
        "imgSrc": "https://cdn0.woolworths.media/content/wowproductimages/medium/779242.jpg",
        "name": "Mitchum Women's Deodorant Roll On Clinical Pure Fresh 45g",
        "price": 10,
        "unitPrice": "$22.22 / 100G"
    },
    {
        "category": "specials",
        "href": "https://www.woolworths.com.au/shop/productdetails/505669/essentials-plastic-food-cover",
        "imgName": "505669.jpg",
        "imgSrc": "https://cdn0.woolworths.media/content/wowproductimages/medium/505669.jpg",
        "name": "Essentials Plastic Food Cover  each",
        "price": 2
    },
    {
        "category": "specials",
        "href": "https://www.woolworths.com.au/shop/productdetails/664133/john-west-salmon-tempters-corriander-chilli-lime",
        "imgName": "664133.jpg",
        "imgSrc": "https://cdn0.woolworths.media/content/wowproductimages/medium/664133.jpg",
        "name": "John West Salmon Tempters Corriander Chilli & Lime 95g",
        "price": 2.35,
        "special": 2,
        "unitPrice": "$21.05 / 1KG"
    },
    {
        "category": "specials",
        "href": "https://www.woolworths.com.au/shop/productdetails/416468/bonds-hipster-hi-bikini-size-10",
        "imgName": "416468.jpg",
        "imgSrc": "https://cdn0.woolworths.media/content/wowproductimages/medium/416468.jpg",
        "name": "Bonds Hipster Hi Bikini Size 10 2pk",
        "price": 18,
        "special": 9
    },
    {
        "category": "specials",
        "href": "https://www.woolworths.com.au/shop/productdetails/658102/chobani-banana-chia-yoghurt",
        "imgName": "658102.jpg",
        "imgSrc": "https://cdn0.woolworths.media/content/wowproductimages/medium/658102.jpg",
        "name": "Chobani Banana Chia Yoghurt 170g",
        "price": 2.25,
        "special": 2,
        "unitPrice": "$1.18 / 100G"
    },
    {
        "category": "specials",
        "href": "https://www.woolworths.com.au/shop/productdetails/633987/rafferty-s-garden-my-first-apple-4-months",
        "imgName": "633987.jpg",
        "imgSrc": "https://cdn0.woolworths.media/content/wowproductimages/medium/633987.jpg",
        "name": "Rafferty's Garden My First Apple 4+months 120g",
        "price": 1.65,
        "unitPrice": "$1.38 / 100G"
    },
    {
        "category": "specials",
        "href": "https://www.woolworths.com.au/shop/productdetails/923917/heinz-8-months-apple-pear-berries",
        "imgName": "923917.jpg",
        "imgSrc": "https://cdn0.woolworths.media/content/wowproductimages/medium/923917.jpg",
        "name": "Heinz 8 Months+ Apple, Pear & Berries 120g",
        "price": 1.5,
        "unitPrice": "$1.25 / 100G"
    },
    {
        "category": "specials",
        "href": "https://www.woolworths.com.au/shop/productdetails/529190/tresemme-deep-cleansing-shampoo",
        "imgName": "529190.jpg",
        "imgSrc": "https://cdn0.woolworths.media/content/wowproductimages/medium/529190.jpg",
        "name": "Tresemme Deep Cleansing Shampoo  390ml",
        "price": 7,
        "special": 5,
        "unitPrice": "$1.28 / 100ML"
    },
    {
        "category": "specials",
        "href": "https://www.woolworths.com.au/shop/productdetails/829582/gloria-jeans-coffee-capsules-brazilian-single-origin",
        "imgName": "829582.jpg",
        "imgSrc": "https://cdn0.woolworths.media/content/wowproductimages/medium/829582.jpg",
        "name": "Gloria Jeans Coffee Capsules Brazilian Single Origin 10pk",
        "price": 6,
        "special": 4.8,
        "unitPrice": "$6.00 / 100G"
    },
    {
        "category": "specials",
        "href": "https://www.woolworths.com.au/shop/productdetails/405758/la-vendetta-pinot-grigio",
        "imgName": "405758.jpg",
        "imgSrc": "https://cdn0.woolworths.media/content/wowproductimages/medium/405758.jpg",
        "name": "La Vendetta Pinot Grigio  750ml bottle",
        "price": 18,
        "special": 15
    },
    {
        "category": "specials",
        "href": "https://www.woolworths.com.au/shop/productdetails/738745/avalanche-sugar-free-drinking-chocolate",
        "imgName": "738745.jpg",
        "imgSrc": "https://cdn0.woolworths.media/content/wowproductimages/medium/738745.jpg",
        "name": "Avalanche Sugar Free Drinking Chocolate 200g",
        "price": 4.8,
        "special": 4,
        "unitPrice": "$2.00 / 100G"
    },
    {
        "category": "specials",
        "href": "https://www.woolworths.com.au/shop/productdetails/365206/woolworths-select-dishwashing-tablets-all-in-1",
        "imgName": "365206.jpg",
        "imgSrc": "https://cdn0.woolworths.media/content/wowproductimages/medium/365206.jpg",
        "name": "Woolworths Select Dishwashing Tablets All In 1 42pk",
        "price": 6.7,
        "unitPrice": "$0.16 / 1EA"
    },
    {
        "category": "specials",
        "href": "https://www.woolworths.com.au/shop/productdetails/268679/tresemme-professional-hair-conditioner-salon-silk",
        "imgName": "268679.jpg",
        "imgSrc": "https://cdn0.woolworths.media/content/wowproductimages/medium/268679.jpg",
        "name": "Tresemme Professional Hair Conditioner Salon Silk 900ml",
        "price": 7,
        "unitPrice": "$0.78 / 100ML"
    },
    {
        "category": "specials",
        "href": "https://www.woolworths.com.au/shop/productdetails/505882/balnea-liquid-hand-wash-aloe-vera-refill",
        "imgName": "505882.jpg",
        "imgSrc": "https://cdn0.woolworths.media/content/wowproductimages/medium/505882.jpg",
        "name": "Balnea Liquid Hand Wash Aloe Vera Refill 750ml",
        "price": 2.5,
        "unitPrice": "$0.33 / 100ML"
    },
    {
        "category": "specials",
        "href": "https://www.woolworths.com.au/shop/productdetails/549617/nescafe-coffee-sachets-sweet",
        "imgName": "549617.jpg",
        "imgSrc": "https://cdn0.woolworths.media/content/wowproductimages/medium/549617.jpg",
        "name": "Nescafe Coffee Sachets Sweet 26pk",
        "price": 11.5,
        "unitPrice": "$3.10 / 100G"
    },
    {
        "category": "specials",
        "href": "https://www.woolworths.com.au/shop/productdetails/48624/woolworths-fresh-olives-kalamata-greek",
        "imgName": "048624.jpg",
        "imgSrc": "https://cdn0.woolworths.media/content/wowproductimages/medium/048624.jpg",
        "name": "Woolworths Fresh Olives Kalamata Greek per kg",
        "price": 19.95,
        "unitPrice": "$19.95 / 1KG"
    },
    {
        "category": "specials",
        "href": "https://www.woolworths.com.au/shop/productdetails/263414/john-west-tempters-salmon-in-springwater",
        "imgName": "263414.jpg",
        "imgSrc": "https://cdn0.woolworths.media/content/wowproductimages/medium/263414.jpg",
        "name": "John West Tempters Salmon In Springwater 95g",
        "price": 2.35,
        "special": 2,
        "unitPrice": "$21.05 / 1KG"
    },
    {
        "category": "specials",
        "href": "https://www.woolworths.com.au/shop/productdetails/17191/jack-daniels-tennessee-whiskey-cola-cans-6x4pks",
        "imgName": "017191.jpg",
        "imgSrc": "https://cdn0.woolworths.media/content/wowproductimages/medium/017191.jpg",
        "name": "Jack Daniels Tennessee Whiskey & Cola Cans 6x4pks 24x375ml",
        "price": 96,
        "special": 86
    },
    {
        "category": "specials",
        "href": "https://www.woolworths.com.au/shop/productdetails/708854/dominate-hair-clay-out-of-bed",
        "imgName": "708854.jpg",
        "imgSrc": "https://cdn0.woolworths.media/content/wowproductimages/medium/708854.jpg",
        "name": "Dominate Hair Clay Out Of Bed 85g",
        "price": 10,
        "special": 8,
        "unitPrice": "$9.41 / 100G"
    },
    {
        "category": "specials",
        "href": "https://www.woolworths.com.au/shop/productdetails/212365/praise-dressings-caesar-99-fat-free",
        "imgName": "212365.jpg",
        "imgSrc": "https://cdn0.woolworths.media/content/wowproductimages/medium/212365.jpg",
        "name": "Praise Dressings Caesar 99% Fat Free 330ml",
        "price": 3,
        "special": 1.75,
        "unitPrice": "$0.53 / 100ML"
    },
    {
        "category": "specials",
        "href": "https://www.woolworths.com.au/shop/productdetails/254545/colgate-sensitive-toothpaste-multi-protection",
        "imgName": "254545.jpg",
        "imgSrc": "https://cdn0.woolworths.media/content/wowproductimages/medium/254545.jpg",
        "name": "Colgate Sensitive Toothpaste Multi Protection 110g",
        "price": 8,
        "special": 7,
        "unitPrice": "$6.36 / 100G"
    },
    {
        "category": "specials",
        "href": "https://www.woolworths.com.au/shop/productdetails/622791/maybelline-color-sensational-matte-nudes-lipstick-almond-rose",
        "imgName": "622791.jpg",
        "imgSrc": "https://cdn0.woolworths.media/content/wowproductimages/medium/622791.jpg",
        "name": "Maybelline Color Sensational Matte Nudes Lipstick Almond Rose 4.2g",
        "price": 17.95,
        "special": 12.55,
        "unitPrice": "$29.88 / 10G"
    },
    {
        "category": "specials",
        "href": "https://www.woolworths.com.au/shop/productdetails/886756/woolworths-delicious-nutritious-meals-beef-tomato-casserole",
        "imgName": "886756.jpg",
        "imgSrc": "https://cdn0.woolworths.media/content/wowproductimages/medium/886756.jpg",
        "name": "Woolworths Delicious Nutritious Meals Beef & Tomato Casserole 350g",
        "price": 6.5,
        "unitPrice": "$1.86 / 100G"
    },
    {
        "category": "specials",
        "href": "https://www.woolworths.com.au/shop/productdetails/740474/philips-cfl-tornado-cool-daylight-20w-bc-base",
        "imgName": "740474.jpg",
        "imgSrc": "https://cdn0.woolworths.media/content/wowproductimages/medium/740474.jpg",
        "name": "Philips Cfl Tornado Cool Daylight 20w Bc Base each",
        "price": 6.5,
        "special": 5.2,
        "unitPrice": "$5.20 / 1EA"
    },
    {
        "category": "specials",
        "href": "https://www.woolworths.com.au/shop/productdetails/603799/l-or-espresso-ristretto-coffee-capsule",
        "imgName": "603799.jpg",
        "imgSrc": "https://cdn0.woolworths.media/content/wowproductimages/medium/603799.jpg",
        "name": "L'or Espresso Ristretto Coffee Capsule 10pk 52g",
        "price": 6,
        "special": 4,
        "unitPrice": "$7.69 / 100G"
    },
    {
        "category": "specials",
        "href": "https://www.woolworths.com.au/shop/productdetails/651353/darrell-lea-little-brittle-milk-chocolate-coated-salted-caramel",
        "imgName": "651353.jpg",
        "imgSrc": "https://cdn0.woolworths.media/content/wowproductimages/medium/651353.jpg",
        "name": "Darrell Lea Little Brittle Milk Chocolate Coated Salted Caramel 200g",
        "price": 5,
        "special": 4,
        "unitPrice": "$2.00 / 100G"
    },
    {
        "category": "specials",
        "href": "https://www.woolworths.com.au/shop/productdetails/574824/golden-circle-cordial-apple-peach-lychee",
        "imgName": "574824.jpg",
        "imgSrc": "https://cdn0.woolworths.media/content/wowproductimages/medium/574824.jpg",
        "name": "Golden Circle Cordial Apple Peach Lychee 2l",
        "price": 3,
        "unitPrice": "$1.50 / 1L"
    },
    {
        "category": "specials",
        "href": "https://www.woolworths.com.au/shop/productdetails/828996/pascall-marshmallows-vanilla-raspberry",
        "imgName": "828996.jpg",
        "imgSrc": "https://cdn0.woolworths.media/content/wowproductimages/medium/828996.jpg",
        "name": "Pascall Marshmallows Vanilla Raspberry 280g bag",
        "price": 4,
        "special": 3,
        "unitPrice": "$1.07 / 100G"
    },
    {
        "category": "specials",
        "href": "https://www.woolworths.com.au/shop/productdetails/657402/nature-s-table-lamb-with-vegetables-dry-dog-food",
        "imgName": "657402.jpg",
        "imgSrc": "https://cdn0.woolworths.media/content/wowproductimages/medium/657402.jpg",
        "name": "Nature's Table Lamb With Vegetables Dry Dog Food 6.5kg",
        "price": 35,
        "special": 24,
        "unitPrice": "$0.37 / 100G"
    },
    {
        "category": "specials",
        "href": "https://www.woolworths.com.au/shop/productdetails/861416/ob-finest-wafer-crackers-poppy-seed",
        "imgName": "861416.jpg",
        "imgSrc": "https://cdn0.woolworths.media/content/wowproductimages/medium/861416.jpg",
        "name": "Ob Finest Wafer Crackers Poppy Seed 100g",
        "price": 3,
        "unitPrice": "$3.00 / 100G"
    },
    {
        "category": "specials",
        "href": "https://www.woolworths.com.au/shop/productdetails/717499/chobani-no-fat-plain-yoghurt",
        "imgName": "717499.jpg",
        "imgSrc": "https://cdn0.woolworths.media/content/wowproductimages/medium/717499.jpg",
        "name": "Chobani No Fat Plain Yoghurt 170g",
        "price": 2.25,
        "special": 2,
        "unitPrice": "$1.18 / 100G"
    },
    {
        "category": "specials",
        "href": "https://www.woolworths.com.au/shop/productdetails/942109/nature-s-way-superfood-coconut-oil-tablets",
        "imgName": "942109.jpg",
        "imgSrc": "https://cdn0.woolworths.media/content/wowproductimages/medium/942109.jpg",
        "name": "Nature's Way Superfood Coconut Oil Tablets 60ea",
        "price": 20,
        "special": 15,
        "unitPrice": "$25.00 / 100EA"
    },
    {
        "category": "specials",
        "href": "https://www.woolworths.com.au/shop/productdetails/696155/wild-turkey-bourbon-honey-cola-bottles",
        "imgName": "696155.jpg",
        "imgSrc": "https://cdn0.woolworths.media/content/wowproductimages/medium/696155.jpg",
        "name": "Wild Turkey Bourbon Honey & Cola Bottles 4x340ml",
        "price": 19,
        "special": 17
    },
    {
        "category": "specials",
        "href": "https://www.woolworths.com.au/shop/productdetails/584011/grain-waves-sour-cream-chives",
        "imgName": "584011.jpg",
        "imgSrc": "https://cdn0.woolworths.media/content/wowproductimages/medium/584011.jpg",
        "name": "Grain Waves Sour Cream & Chives  210g",
        "price": 4,
        "special": 2,
        "unitPrice": "$0.95 / 100G"
    },
    {
        "category": "specials",
        "href": "https://www.woolworths.com.au/shop/productdetails/420511/philips-light-globe-led-10-5w-1055-lumen-cool-bs",
        "imgName": "420511.jpg",
        "imgSrc": "https://cdn0.woolworths.media/content/wowproductimages/medium/420511.jpg",
        "name": "Philips Light Globe Led 10.5w 1055 Lumen Cool Bs each",
        "price": 13,
        "unitPrice": "$13.00 / 1EA"
    },
    {
        "category": "specials",
        "href": "https://www.woolworths.com.au/shop/productdetails/619810/always-fresh-kalamata-olive-tepenade",
        "imgName": "619810.jpg",
        "imgSrc": "https://cdn0.woolworths.media/content/wowproductimages/medium/619810.jpg",
        "name": "Always Fresh Kalamata Olive Tepenade  230g",
        "price": 4.5,
        "special": 4,
        "unitPrice": "$1.74 / 100G"
    },
    {
        "category": "specials",
        "href": "https://www.woolworths.com.au/shop/productdetails/724737/the-kraken-rum-spiced",
        "imgName": "724737.jpg",
        "imgSrc": "https://cdn0.woolworths.media/content/wowproductimages/medium/724737.jpg",
        "name": "The Kraken Rum Spiced 700ml",
        "price": 63,
        "special": 52
    },
    {
        "category": "specials",
        "href": "https://www.woolworths.com.au/shop/productdetails/83763/barilla-spaghetti-pasta-no-5",
        "imgName": "083763.jpg",
        "imgSrc": "https://cdn0.woolworths.media/content/wowproductimages/medium/083763.jpg",
        "name": "Barilla Spaghetti Pasta No 5 500g",
        "price": 1.99,
        "unitPrice": "$0.40 / 100G"
    },
    {
        "category": "specials",
        "href": "https://www.woolworths.com.au/shop/productdetails/505885/balnea-liquid-hand-wash-refill",
        "imgName": "505885.jpg",
        "imgSrc": "https://cdn0.woolworths.media/content/wowproductimages/medium/505885.jpg",
        "name": "Balnea Liquid Hand Wash Refill 750ml",
        "price": 2.5,
        "unitPrice": "$0.33 / 100ML"
    },
    {
        "category": "specials",
        "href": "https://www.woolworths.com.au/shop/productdetails/789958/inspire-cooks-knife",
        "imgName": "789958.jpg",
        "imgSrc": "https://cdn0.woolworths.media/content/wowproductimages/medium/789958.jpg",
        "name": "Inspire Cooks Knife  each",
        "price": 6
    },
    {
        "category": "specials",
        "href": "https://www.woolworths.com.au/shop/productdetails/364018/fluffy-fragrance-temptations-fabric-softener-spice-allure",
        "imgName": "364018.jpg",
        "imgSrc": "https://cdn0.woolworths.media/content/wowproductimages/medium/364018.jpg",
        "name": "Fluffy Fragrance Temptations Fabric Softener Spice Allure 500ml",
        "price": 3.5,
        "unitPrice": "$7.00 / 1L"
    },
    {
        "category": "specials",
        "href": "https://www.woolworths.com.au/shop/productdetails/302987/listerine-smart-rinse-mouthwash-for-kids-berry",
        "imgName": "302987.jpg",
        "imgSrc": "https://cdn0.woolworths.media/content/wowproductimages/medium/302987.jpg",
        "name": "Listerine Smart Rinse Mouthwash For Kids Berry 500ml",
        "price": 7,
        "unitPrice": "$1.40 / 100ML"
    },
    {
        "category": "specials",
        "href": "https://www.woolworths.com.au/shop/productdetails/778218/maybelline-ny-lip-stick-stripped-nudes-coffee-craze",
        "imgName": "778218.jpg",
        "imgSrc": "https://cdn0.woolworths.media/content/wowproductimages/medium/778218.jpg",
        "name": "Maybelline Ny Lip Stick Stripped Nudes Coffee Craze 4.4g",
        "price": 16.95,
        "special": 11.85,
        "unitPrice": "$26.93 / 10G"
    },
    {
        "category": "specials",
        "href": "https://www.woolworths.com.au/shop/productdetails/353387/borg-s-multipack-pies-desserts-apple-custard",
        "imgName": "353387.jpg",
        "imgSrc": "https://cdn0.woolworths.media/content/wowproductimages/medium/353387.jpg",
        "name": "Borg's Multipack Pies & Desserts Apple & Custard 400g",
        "price": 4,
        "special": 3,
        "unitPrice": "$0.75 / 100G"
    },
    {
        "category": "specials",
        "href": "https://www.woolworths.com.au/shop/productdetails/606065/belvita-honey-nut-value-pack",
        "imgName": "606065.jpg",
        "imgSrc": "https://cdn0.woolworths.media/content/wowproductimages/medium/606065.jpg",
        "name": "Belvita Honey & Nut Value Pack 12 pack 600g",
        "price": 6,
        "unitPrice": "$1.00 / 100G"
    },
    {
        "category": "specials",
        "href": "https://www.woolworths.com.au/shop/productdetails/979401/rekorderlig-wild-berries-cider-bottle",
        "imgName": "979401.jpg",
        "imgSrc": "https://cdn0.woolworths.media/content/wowproductimages/medium/979401.jpg",
        "name": "Rekorderlig Wild Berries Cider Bottle 4pk 330ml",
        "price": 20,
        "special": 18
    },
    {
        "category": "specials",
        "href": "https://www.woolworths.com.au/shop/productdetails/619354/ovaltine-chocolate-lasting-energy",
        "imgName": "619354.jpg",
        "imgSrc": "https://cdn0.woolworths.media/content/wowproductimages/medium/619354.jpg",
        "name": "Ovaltine Chocolate Lasting Energy 1kg",
        "price": 9,
        "unitPrice": "$0.90 / 100G"
    },
    {
        "category": "specials",
        "href": "https://www.woolworths.com.au/shop/productdetails/414360/little-bellies-baby-puffs-baked-apple-cinnamon",
        "imgName": "414360.jpg",
        "imgSrc": "https://cdn0.woolworths.media/content/wowproductimages/medium/414360.jpg",
        "name": "Little Bellies Baby Puffs Baked Apple & Cinnamon 12g",
        "price": 2,
        "special": 1.7,
        "unitPrice": "$14.17 / 100G"
    },
    {
        "category": "specials",
        "href": "https://www.woolworths.com.au/shop/productdetails/587302/kettle-chips-soy-chicken",
        "imgName": "587302.jpg",
        "imgSrc": "https://cdn0.woolworths.media/content/wowproductimages/medium/587302.jpg",
        "name": "Kettle Chips Soy Chicken  175g",
        "price": 4.39,
        "special": 2.5,
        "unitPrice": "$1.43 / 100G"
    },
    {
        "category": "specials",
        "href": "https://www.woolworths.com.au/shop/productdetails/521879/essentials-rotary-pizza-cutter",
        "imgName": "521879.jpg",
        "imgSrc": "https://cdn0.woolworths.media/content/wowproductimages/medium/521879.jpg",
        "name": "Essentials Rotary Pizza Cutter  each",
        "price": 2
    },
    {
        "category": "specials",
        "href": "https://www.woolworths.com.au/shop/productdetails/574784/diet-rite-cordial-lemon",
        "imgName": "574784.jpg",
        "imgSrc": "https://cdn0.woolworths.media/content/wowproductimages/medium/574784.jpg",
        "name": "Diet Rite Cordial Lemon 1l",
        "price": 3.5,
        "special": 3,
        "unitPrice": "$3.00 / 1L"
    },
    {
        "category": "specials",
        "href": "https://www.woolworths.com.au/shop/productdetails/280499/abe-s-bagel-bakery-marlborough-seasalt-bagel-crisps",
        "imgName": "280499.jpg",
        "imgSrc": "https://cdn0.woolworths.media/content/wowproductimages/medium/280499.jpg",
        "name": "Abe's Bagel Bakery Marlborough Seasalt Bagel Crisps 150g",
        "price": 3.2,
        "special": 2,
        "unitPrice": "$1.33 / 100G"
    },
    {
        "category": "specials",
        "href": "https://www.woolworths.com.au/shop/productdetails/575576/woolworths-four-cheese-bites",
        "imgName": "575576.jpg",
        "imgSrc": "https://cdn0.woolworths.media/content/wowproductimages/medium/575576.jpg",
        "name": "Woolworths Four Cheese Bites  200g",
        "price": 5,
        "special": 4,
        "unitPrice": "$2.00 / 100G"
    },
    {
        "category": "specials",
        "href": "https://www.woolworths.com.au/shop/productdetails/651351/bic-evolution-fluo-pencils",
        "imgName": "651351.jpg",
        "imgSrc": "https://cdn0.woolworths.media/content/wowproductimages/medium/651351.jpg",
        "name": "Bic Evolution Fluo Pencils 4pk",
        "price": 4,
        "special": 2.8
    },
    {
        "category": "specials",
        "href": "https://www.woolworths.com.au/shop/productdetails/656908/john-boston-summer-ale-bottles",
        "imgName": "656908.jpg",
        "imgSrc": "https://cdn0.woolworths.media/content/wowproductimages/medium/656908.jpg",
        "name": "John Boston Summer Ale Bottles 24x330ml case",
        "price": 55,
        "special": 51
    },
    {
        "category": "specials",
        "href": "https://www.woolworths.com.au/shop/productdetails/571527/original-source-shower-milk-lime-coconut",
        "imgName": "571527.jpg",
        "imgSrc": "https://cdn0.woolworths.media/content/wowproductimages/medium/571527.jpg",
        "name": "Original Source Shower Milk Lime & Coconut 250ml",
        "price": 4,
        "special": 3.5,
        "unitPrice": "$1.40 / 100ML"
    },
    {
        "category": "specials",
        "href": "https://www.woolworths.com.au/shop/productdetails/725097/nature-s-own-complete-sleep-advanced-tablets",
        "imgName": "725097.jpg",
        "imgSrc": "https://cdn0.woolworths.media/content/wowproductimages/medium/725097.jpg",
        "name": "Nature's Own Complete Sleep Advanced Tablets 30",
        "price": 15.5,
        "unitPrice": "$51.67 / 100EA"
    },
    {
        "category": "specials",
        "href": "https://www.woolworths.com.au/shop/productdetails/578067/the-spice-tailor-bengali-coconut-daal",
        "imgName": "578067.jpg",
        "imgSrc": "https://cdn0.woolworths.media/content/wowproductimages/medium/578067.jpg",
        "name": "The Spice Tailor Bengali Coconut Daal 400g",
        "price": 5.5,
        "special": 4.4,
        "unitPrice": "$1.10 / 100G"
    },
    {
        "category": "specials",
        "href": "https://www.woolworths.com.au/shop/productdetails/773802/sss-dip-hummus-coriander-cumin-mild-chilli",
        "imgName": "773802.jpg",
        "imgSrc": "https://cdn0.woolworths.media/content/wowproductimages/medium/773802.jpg",
        "name": "Sss Dip Hummus, Coriander, Cumin & Mild Chilli 225g",
        "price": 3.5,
        "special": 3.1,
        "unitPrice": "$1.38 / 100G"
    },
    {
        "category": "specials",
        "href": "https://www.woolworths.com.au/shop/productdetails/596107/leggo-s-chilli-pasta-sauce-with-chunky-tomato",
        "imgName": "596107.jpg",
        "imgSrc": "https://cdn0.woolworths.media/content/wowproductimages/medium/596107.jpg",
        "name": "Leggo's Chilli Pasta Sauce With Chunky Tomato 500g",
        "price": 3,
        "special": 2.7,
        "unitPrice": "$0.54 / 100G"
    },
    {
        "category": "specials",
        "href": "https://www.woolworths.com.au/shop/productdetails/576165/hello-kitty-bodyspray-coconut",
        "imgName": "576165.jpg",
        "imgSrc": "https://cdn0.woolworths.media/content/wowproductimages/medium/576165.jpg",
        "name": "Hello Kitty Bodyspray Coconut  75g",
        "price": 5,
        "special": 4,
        "unitPrice": "$5.33 / 100G"
    },
    {
        "category": "specials",
        "href": "https://www.woolworths.com.au/shop/productdetails/691163/sapporo-premium-lager-beer-bottles",
        "imgName": "691163.jpg",
        "imgSrc": "https://cdn0.woolworths.media/content/wowproductimages/medium/691163.jpg",
        "name": "Sapporo Premium Lager Beer Bottles 24x355ml case",
        "price": 57,
        "special": 51
    },
    {
        "category": "specials",
        "href": "https://www.woolworths.com.au/shop/productdetails/828268/cat-amongst-the-pigeons-shiraz-fat-cat",
        "imgName": "828268.jpg",
        "imgSrc": "https://cdn0.woolworths.media/content/wowproductimages/medium/828268.jpg",
        "name": "Cat Amongst The Pigeons Shiraz Fat Cat 750ml bottle",
        "price": 29,
        "special": 23
    },
    {
        "category": "specials",
        "href": "https://www.woolworths.com.au/shop/productdetails/750739/woolworths-select-canola-oil",
        "imgName": "750739.jpg",
        "imgSrc": "https://cdn0.woolworths.media/content/wowproductimages/medium/750739.jpg",
        "name": "Woolworths Select Canola Oil 2l",
        "price": 6,
        "unitPrice": "$0.30 / 100ML"
    },
    {
        "category": "specials",
        "href": "https://www.woolworths.com.au/shop/productdetails/627084/amoy-dumpling-sauce",
        "imgName": "default.png",
        "imgSrc": "https://cdn0.woolworths.media/content/wowproductimages/large/default.png",
        "name": "Amoy Dumpling Sauce  150ml",
        "price": 3.3,
        "special": 3,
        "unitPrice": "$2.00 / 100ML"
    },
    {
        "category": "specials",
        "href": "https://www.woolworths.com.au/shop/productdetails/433410/lynx-matt-gel-urban-messy-look",
        "imgName": "433410.jpg",
        "imgSrc": "https://cdn0.woolworths.media/content/wowproductimages/medium/433410.jpg",
        "name": "Lynx Matt Gel Urban Messy Look 125ml",
        "price": 10,
        "special": 7,
        "unitPrice": "$5.60 / 100ML"
    },
    {
        "category": "specials",
        "href": "https://www.woolworths.com.au/shop/productdetails/631564/kellogg-s-special-k-protien-bliss-bites-salted-caramel",
        "imgName": "631564.jpg",
        "imgSrc": "https://cdn0.woolworths.media/content/wowproductimages/medium/631564.jpg",
        "name": "Kellogg's Special K Protien Bliss Bites Salted Caramel 3x81g",
        "price": 4.99,
        "special": 4,
        "unitPrice": "$4.94 / 100G"
    },
    {
        "category": "specials",
        "href": "https://www.woolworths.com.au/shop/productdetails/211938/armor-all-car-care-glass-cleaner-wipes",
        "imgName": "211938.jpg",
        "imgSrc": "https://cdn0.woolworths.media/content/wowproductimages/medium/211938.jpg",
        "name": "Armor All Car Care Glass Cleaner Wipes 25 pk",
        "price": 10.5,
        "special": 8.4,
        "unitPrice": "$8.40 / 1EA"
    },
    {
        "category": "specials",
        "href": "https://www.woolworths.com.au/shop/productdetails/516108/ob-finest-cracker-cashew-rosemary",
        "imgName": "516108.jpg",
        "imgSrc": "https://cdn0.woolworths.media/content/wowproductimages/medium/516108.jpg",
        "name": "Ob Finest Cracker Cashew Rosemary 150g",
        "price": 6,
        "unitPrice": "$4.00 / 100G"
    },
    {
        "category": "specials",
        "href": "https://www.woolworths.com.au/shop/productdetails/740475/philips-cfl-tornado-warm-white-15w-es-base",
        "imgName": "740475.jpg",
        "imgSrc": "https://cdn0.woolworths.media/content/wowproductimages/medium/740475.jpg",
        "name": "Philips Cfl Tornado Warm White 15w Es Base each",
        "price": 6.5,
        "special": 5.2,
        "unitPrice": "$5.20 / 1EA"
    },
    {
        "category": "specials",
        "href": "https://www.woolworths.com.au/shop/productdetails/657210/molson-canadian-lager-cans",
        "imgName": "657210.jpg",
        "imgSrc": "https://cdn0.woolworths.media/content/wowproductimages/medium/657210.jpg",
        "name": "Molson Canadian Lager Cans 24x355ml pack",
        "price": 56,
        "special": 53
    },
    {
        "category": "specials",
        "href": "https://www.woolworths.com.au/shop/productdetails/574411/peters-original-rainbow-ice-cream",
        "imgName": "574411.jpg",
        "imgSrc": "https://cdn0.woolworths.media/content/wowproductimages/medium/574411.jpg",
        "name": "Peters Original Rainbow Ice Cream 2l",
        "price": 5.6,
        "special": 4,
        "unitPrice": "$0.20 / 100ML"
    },
    {
        "category": "specials",
        "href": "https://www.woolworths.com.au/shop/productdetails/766766/optimum-adult-dog-food-light-healthy-chicken",
        "imgName": "766766.jpg",
        "imgSrc": "https://cdn0.woolworths.media/content/wowproductimages/medium/766766.jpg",
        "name": "Optimum Adult Dog Food Light & Healthy Chicken 6.2kg",
        "price": 26,
        "unitPrice": "$0.42 / 100G"
    },
    {
        "category": "specials",
        "href": "https://www.woolworths.com.au/shop/productdetails/83563/heinz-tomato-sauce-ketchup",
        "imgName": "083563.jpg",
        "imgSrc": "https://cdn0.woolworths.media/content/wowproductimages/medium/083563.jpg",
        "name": "Heinz Tomato Sauce Ketchup 500ml",
        "price": 3.2,
        "special": 2.8,
        "unitPrice": "$0.56 / 100ML"
    },
    {
        "category": "specials",
        "href": "https://www.woolworths.com.au/shop/productdetails/901801/madfish-gold-turtle-chardonnay",
        "imgName": "901801.jpg",
        "imgSrc": "https://cdn0.woolworths.media/content/wowproductimages/medium/901801.jpg",
        "name": "Madfish Gold Turtle Chardonnay  750ml",
        "price": 22,
        "special": 16
    },
    {
        "category": "specials",
        "href": "https://www.woolworths.com.au/shop/productdetails/894771/blass-reserve-release-cabernet-sauvignon",
        "imgName": "894771.jpg",
        "imgSrc": "https://cdn0.woolworths.media/content/wowproductimages/medium/894771.jpg",
        "name": "Blass Reserve Release Cabernet Sauvignon 750ml",
        "price": 22,
        "special": 17
    },
    {
        "category": "specials",
        "href": "https://www.woolworths.com.au/shop/productdetails/17389/raguletto-pasta-sauce-bolognese",
        "imgName": "017389.jpg",
        "imgSrc": "https://cdn0.woolworths.media/content/wowproductimages/medium/017389.jpg",
        "name": "Raguletto Pasta Sauce Bolognese 500g",
        "price": 1.7,
        "unitPrice": "$0.34 / 100G"
    },
    {
        "category": "specials",
        "href": "https://www.woolworths.com.au/shop/productdetails/856782/bundaberg-master-distillers-small-batch-vintage-barrel-rum",
        "imgName": "856782.jpg",
        "imgSrc": "https://cdn0.woolworths.media/content/wowproductimages/medium/856782.jpg",
        "name": "Bundaberg Master Distillers Small Batch Vintage Barrel Rum 700ml",
        "price": 65,
        "special": 52
    },
    {
        "category": "specials",
        "href": "https://www.woolworths.com.au/shop/productdetails/758365/kan-tong-stir-fry-sauce-mongolian-lamb",
        "imgName": "758365.jpg",
        "imgSrc": "https://cdn0.woolworths.media/content/wowproductimages/medium/758365.jpg",
        "name": "Kan Tong Stir Fry Sauce Mongolian Lamb 520g",
        "price": 3.29,
        "unitPrice": "$0.63 / 100G"
    },
    {
        "category": "specials",
        "href": "https://www.woolworths.com.au/shop/productdetails/636654/streets-blue-ribbon-classic-chocolate-ice-cream",
        "imgName": "636654.jpg",
        "imgSrc": "https://cdn0.woolworths.media/content/wowproductimages/medium/636654.jpg",
        "name": "Streets Blue Ribbon Classic Chocolate Ice Cream 2l",
        "price": 4.9,
        "unitPrice": "$0.25 / 100ML"
    },
    {
        "category": "specials",
        "href": "https://www.woolworths.com.au/shop/productdetails/480045/darn-tough-steel-cap-boot-socks-black-yellow",
        "imgName": "480045.jpg",
        "imgSrc": "https://cdn0.woolworths.media/content/wowproductimages/medium/480045.jpg",
        "name": "Darn Tough Steel Cap Boot Socks Black/yellow 2pk",
        "price": 7.95,
        "special": 5.56
    },
    {
        "category": "specials",
        "href": "https://www.woolworths.com.au/shop/productdetails/941046/essentials-plastic-side-plate",
        "imgName": "941046.jpg",
        "imgSrc": "https://cdn0.woolworths.media/content/wowproductimages/medium/941046.jpg",
        "name": "Essentials Plastic Side Plate  20pk",
        "price": 2.5,
        "unitPrice": "$0.13 / 1EA"
    },
    {
        "category": "specials",
        "href": "https://www.woolworths.com.au/shop/productdetails/505872/balnea-foaming-hand-wash-orchid",
        "imgName": "505872.jpg",
        "imgSrc": "https://cdn0.woolworths.media/content/wowproductimages/medium/505872.jpg",
        "name": "Balnea Foaming Hand Wash Orchid 250ml",
        "price": 2,
        "unitPrice": "$0.80 / 100ML"
    },
    {
        "category": "specials",
        "href": "https://www.woolworths.com.au/shop/productdetails/742092/golden-circle-sun-punch-fruit-drink",
        "imgName": "742092.jpg",
        "imgSrc": "https://cdn0.woolworths.media/content/wowproductimages/medium/742092.jpg",
        "name": "Golden Circle Sun Punch Fruit Drink 8x250ml",
        "price": 5,
        "special": 4.5,
        "unitPrice": "$2.25 / 1L"
    },
    {
        "category": "specials",
        "href": "https://www.woolworths.com.au/shop/productdetails/503233/banana-boat-sun-comfort-sunscreen-spf50",
        "imgName": "503233.jpg",
        "imgSrc": "https://cdn0.woolworths.media/content/wowproductimages/medium/503233.jpg",
        "name": "Banana Boat Sun Comfort Sunscreen Spf50 175g spray",
        "price": 18,
        "special": 14.4,
        "unitPrice": "$8.23 / 100G"
    },
    {
        "category": "specials",
        "href": "https://www.woolworths.com.au/shop/productdetails/226782/foster-clarks-vanilla-custard",
        "imgName": "226782.jpg",
        "imgSrc": "https://cdn0.woolworths.media/content/wowproductimages/medium/226782.jpg",
        "name": "Foster Clarks Vanilla Custard 4x140g",
        "price": 3.7,
        "unitPrice": "$0.66 / 100G"
    },
    {
        "category": "specials",
        "href": "https://www.woolworths.com.au/shop/productdetails/250327/redheads-bbq-accessory-fire-lighters",
        "imgName": "250327.jpg",
        "imgSrc": "https://cdn0.woolworths.media/content/wowproductimages/medium/250327.jpg",
        "name": "Redheads Bbq Accessory Fire Lighters 24pk",
        "price": 4.49,
        "special": 3.5,
        "unitPrice": "$0.15 / 1EA"
    },
    {
        "category": "specials",
        "href": "https://www.woolworths.com.au/shop/productdetails/335272/mountain-goat-organic-steam-ale-bottles",
        "imgName": "335272.jpg",
        "imgSrc": "https://cdn0.woolworths.media/content/wowproductimages/medium/335272.jpg",
        "name": "Mountain Goat Organic Steam Ale Bottles 24x330ml case",
        "price": 78,
        "special": 68
    },
    {
        "category": "specials",
        "href": "https://www.woolworths.com.au/shop/productdetails/348698/woolworths-gouda-cheese-slices",
        "imgName": "348698.jpg",
        "imgSrc": "https://cdn0.woolworths.media/content/wowproductimages/medium/348698.jpg",
        "name": "Woolworths Gouda Cheese Slices 200g",
        "price": 4.5,
        "unitPrice": "$22.50 / 1KG"
    },
    {
        "category": "specials",
        "href": "https://www.woolworths.com.au/shop/productdetails/46233/palmolive-naturals-active-nourishment-shampoo",
        "imgName": "046233.jpg",
        "imgSrc": "https://cdn0.woolworths.media/content/wowproductimages/medium/046233.jpg",
        "name": "Palmolive Naturals Active Nourishment Shampoo 700ml",
        "price": 7,
        "unitPrice": "$1.00 / 100ML"
    },
    {
        "category": "specials",
        "href": "https://www.woolworths.com.au/shop/productdetails/10103/l-oreal-paris-elvive-total-repair-conditioner",
        "imgName": "010103.jpg",
        "imgSrc": "https://cdn0.woolworths.media/content/wowproductimages/medium/010103.jpg",
        "name": "L'oreal Paris Elvive Total Repair Conditioner 700ml",
        "price": 10,
        "unitPrice": "$1.43 / 100ML"
    },
    {
        "category": "specials",
        "href": "https://www.woolworths.com.au/shop/productdetails/531516/woolworths-bbq-blasts",
        "imgName": "531516.jpg",
        "imgSrc": "https://cdn0.woolworths.media/content/wowproductimages/medium/531516.jpg",
        "name": "Woolworths Bbq Blasts  200g",
        "price": 1.4,
        "unitPrice": "$0.70 / 100G"
    },
    {
        "category": "specials",
        "href": "https://www.woolworths.com.au/shop/productdetails/995316/iron-jack-crisp-australian-lager",
        "imgName": "995316.jpg",
        "imgSrc": "https://cdn0.woolworths.media/content/wowproductimages/medium/995316.jpg",
        "name": "Iron Jack Crisp Australian Lager 6x4x330ml bottle",
        "price": 51,
        "special": 48
    },
    {
        "category": "specials",
        "href": "https://www.woolworths.com.au/shop/productdetails/940032/cenovis-turmeric-3100",
        "imgName": "940032.jpg",
        "imgSrc": "https://cdn0.woolworths.media/content/wowproductimages/medium/940032.jpg",
        "name": "Cenovis Turmeric 3100  80pk",
        "price": 17,
        "unitPrice": "$21.25 / 100EA"
    },
    {
        "category": "specials",
        "href": "https://www.woolworths.com.au/shop/productdetails/582579/heinz-big-n-chunky-canned-tomato-chicken-curry",
        "imgName": "582579.jpg",
        "imgSrc": "https://cdn0.woolworths.media/content/wowproductimages/medium/582579.jpg",
        "name": "Heinz Big N Chunky Canned Tomato & Chicken Curry 535g",
        "price": 2.5,
        "unitPrice": "$0.47 / 100G"
    },
    {
        "category": "specials",
        "href": "https://www.woolworths.com.au/shop/productdetails/313026/fanta-orange-mini-can",
        "imgName": "313026.jpg",
        "imgSrc": "https://cdn0.woolworths.media/content/wowproductimages/medium/313026.jpg",
        "name": "Fanta Orange Mini Can 8x200ml pack",
        "price": 9.5,
        "unitPrice": "$5.94 / 1L"
    },
    {
        "category": "specials",
        "href": "https://www.woolworths.com.au/shop/productdetails/253568/rexona-women-antiperspirant-deodorant-spray-sport",
        "imgName": "253568.jpg",
        "imgSrc": "https://cdn0.woolworths.media/content/wowproductimages/medium/253568.jpg",
        "name": "Rexona Women Antiperspirant Deodorant Spray Sport 250ml",
        "price": 7,
        "special": 5,
        "unitPrice": "$2.00 / 100ML"
    },
    {
        "category": "specials",
        "href": "https://www.woolworths.com.au/shop/productdetails/707833/pantene-pro-v-aqua-light-shampoo",
        "imgName": "707833.jpg",
        "imgSrc": "https://cdn0.woolworths.media/content/wowproductimages/medium/707833.jpg",
        "name": "Pantene Pro-v Aqua Light Shampoo 350ml",
        "price": 4.5,
        "unitPrice": "$1.29 / 100ML"
    },
    {
        "category": "specials",
        "href": "https://www.woolworths.com.au/shop/productdetails/487174/palmolive-naturals-shampoo-vibrant-colour",
        "imgName": "487174.jpg",
        "imgSrc": "https://cdn0.woolworths.media/content/wowproductimages/medium/487174.jpg",
        "name": "Palmolive Naturals Shampoo Vibrant Colour 700ml",
        "price": 7,
        "unitPrice": "$1.00 / 100ML"
    },
    {
        "category": "specials",
        "href": "https://www.woolworths.com.au/shop/productdetails/427369/colgate-toothbrush-optic-white-platnium-soft",
        "imgName": "427369.jpg",
        "imgSrc": "https://cdn0.woolworths.media/content/wowproductimages/medium/427369.jpg",
        "name": "Colgate Toothbrush Optic White Platnium Soft 2pk",
        "price": 8,
        "unitPrice": "$8.00 / 1EA"
    },
    {
        "category": "specials",
        "href": "https://www.woolworths.com.au/shop/productdetails/141863/paradise-plain-highliand-oatmeal-biscuit",
        "imgName": "141863.jpg",
        "imgSrc": "https://cdn0.woolworths.media/content/wowproductimages/medium/141863.jpg",
        "name": "Paradise Plain Highliand Oatmeal Biscuit 200g",
        "price": 1.5,
        "unitPrice": "$0.75 / 100G"
    },
    {
        "category": "specials",
        "href": "https://www.woolworths.com.au/shop/productdetails/351929/easiyo-yogurt-base-summer-fruits",
        "imgName": "351929.jpg",
        "imgSrc": "https://cdn0.woolworths.media/content/wowproductimages/medium/351929.jpg",
        "name": "Easiyo Yogurt Base Summer Fruits 225g",
        "price": 4.5,
        "unitPrice": "$2.00 / 100G"
    },
    {
        "category": "specials",
        "href": "https://www.woolworths.com.au/shop/productdetails/554515/hans-pepperilli-salami",
        "imgName": "554515.jpg",
        "imgSrc": "https://cdn0.woolworths.media/content/wowproductimages/medium/554515.jpg",
        "name": "Hans Pepperilli Salami  200g",
        "price": 6.99,
        "unitPrice": "$34.95 / 1KG"
    },
    {
        "category": "specials",
        "href": "https://www.woolworths.com.au/shop/productdetails/726028/mild-round-pancetta",
        "imgName": "726028.jpg",
        "imgSrc": "https://cdn0.woolworths.media/content/wowproductimages/medium/726028.jpg",
        "name": "Mild Round Pancetta  per kg",
        "price": 28,
        "special": 25,
        "unitPrice": "$25.00 / 1KG"
    },
    {
        "category": "specials",
        "href": "https://www.woolworths.com.au/shop/productdetails/829462/yeo-s-sambal-paste",
        "imgName": "829462.jpg",
        "imgSrc": "https://cdn0.woolworths.media/content/wowproductimages/medium/829462.jpg",
        "name": "Yeo's Sambal Paste  180g",
        "price": 3,
        "unitPrice": "$1.67 / 100G"
    },
    {
        "category": "specials",
        "href": "https://www.woolworths.com.au/shop/productdetails/40068/san-remo-fettuccine-pasta",
        "imgName": "040068.jpg",
        "imgSrc": "https://cdn0.woolworths.media/content/wowproductimages/medium/040068.jpg",
        "name": "San Remo Fettuccine Pasta 500g",
        "price": 1.95,
        "unitPrice": "$0.39 / 100G"
    },
    {
        "category": "specials",
        "href": "https://www.woolworths.com.au/shop/productdetails/694163/crabbies-ginger-beer-bottles",
        "imgName": "694163.jpg",
        "imgSrc": "https://cdn0.woolworths.media/content/wowproductimages/medium/694163.jpg",
        "name": "Crabbies Ginger Beer Bottles 4x330ml pack",
        "price": 17.8,
        "special": 14
    },
    {
        "category": "specials",
        "href": "https://www.woolworths.com.au/shop/productdetails/583800/air-wick-life-scents-wax-melt-mulled-wine",
        "imgName": "583800.jpg",
        "imgSrc": "https://cdn0.woolworths.media/content/wowproductimages/medium/583800.jpg",
        "name": "Air Wick Life Scents Wax Melt Mulled Wine 48g",
        "price": 6,
        "unitPrice": "$12.50 / 100G"
    },
    {
        "category": "specials",
        "href": "https://www.woolworths.com.au/shop/productdetails/775765/woolworths-turkish-rolls-garlic",
        "imgName": "775765.jpg",
        "imgSrc": "https://cdn0.woolworths.media/content/wowproductimages/medium/775765.jpg",
        "name": "Woolworths Turkish Rolls Garlic 3pk",
        "price": 2.5,
        "unitPrice": "$0.83 / 1EA"
    },
    {
        "category": "specials",
        "href": "https://www.woolworths.com.au/shop/productdetails/827648/gillette-fusion-proglide-sensitive-foam-active-sport",
        "imgName": "827648.jpg",
        "imgSrc": "https://cdn0.woolworths.media/content/wowproductimages/medium/827648.jpg",
        "name": "Gillette Fusion Proglide Sensitive Foam Active Sport 245g",
        "price": 7.5,
        "unitPrice": "$3.06 / 100G"
    },
    {
        "category": "specials",
        "href": "https://www.woolworths.com.au/shop/productdetails/657982/nature-s-table-kangaroo-with-broccoli-carrots-dog-food",
        "imgName": "657982.jpg",
        "imgSrc": "https://cdn0.woolworths.media/content/wowproductimages/medium/657982.jpg",
        "name": "Nature's Table Kangaroo With Broccoli & Carrots Dog Food 400g",
        "price": 2.6,
        "special": 1.75,
        "unitPrice": "$0.44 / 100G"
    },
    {
        "category": "specials",
        "href": "https://www.woolworths.com.au/shop/productdetails/636996/bee-vital-organic-apple-cider-vinegar-with-manuka-honey",
        "imgName": "636996.jpg",
        "imgSrc": "https://cdn0.woolworths.media/content/wowproductimages/medium/636996.jpg",
        "name": "Bee Vital Organic Apple Cider Vinegar With Manuka Honey 500ml",
        "price": 9,
        "special": 8,
        "unitPrice": "$1.60 / 100ML"
    },
    {
        "category": "specials",
        "href": "https://www.woolworths.com.au/shop/productdetails/234329/devondale-colby-cheese",
        "imgName": "234329.jpg",
        "imgSrc": "https://cdn0.woolworths.media/content/wowproductimages/medium/234329.jpg",
        "name": "Devondale Colby Cheese 250g",
        "price": 4.5,
        "unitPrice": "$18.00 / 1KG"
    },
    {
        "category": "specials",
        "href": "https://www.woolworths.com.au/shop/productdetails/465086/always-fresh-balsamic-onions",
        "imgName": "465086.jpg",
        "imgSrc": "https://cdn0.woolworths.media/content/wowproductimages/medium/465086.jpg",
        "name": "Always Fresh Balsamic Onions  230g",
        "price": 3.5,
        "special": 2.5,
        "unitPrice": "$10.87 / 1KG"
    },
    {
        "category": "specials",
        "href": "https://www.woolworths.com.au/shop/productdetails/868653/mud-blush-sculpting-nudes",
        "imgName": "868653.jpg",
        "imgSrc": "https://cdn0.woolworths.media/content/wowproductimages/medium/868653.jpg",
        "name": "Mud Blush Sculpting Nudes 5g",
        "price": 4.5,
        "unitPrice": "$9.00 / 10G"
    },
    {
        "category": "specials",
        "href": "https://www.woolworths.com.au/shop/productdetails/489136/woolworths-chicken-mushroom-arancini",
        "imgName": "489136.jpg",
        "imgSrc": "https://cdn0.woolworths.media/content/wowproductimages/medium/489136.jpg",
        "name": "Woolworths Chicken & Mushroom Arancini  8 pieces 200g",
        "price": 5,
        "special": 4,
        "unitPrice": "$2.00 / 100G"
    },
    {
        "category": "specials",
        "href": "https://www.woolworths.com.au/shop/productdetails/187683/berocca-performance-effervescent-tablets",
        "imgName": "187683.jpg",
        "imgSrc": "https://cdn0.woolworths.media/content/wowproductimages/medium/187683.jpg",
        "name": "Berocca Performance Effervescent Tablets 15pk",
        "price": 9.7,
        "special": 7.7,
        "unitPrice": "$51.33 / 100EA"
    },
    {
        "category": "specials",
        "href": "https://www.woolworths.com.au/shop/productdetails/72999/schmackos-treat-beef-strapz",
        "imgName": "072999.jpg",
        "imgSrc": "https://cdn0.woolworths.media/content/wowproductimages/medium/072999.jpg",
        "name": "Schmackos Treat Beef Strapz 180g",
        "price": 5.25,
        "special": 4,
        "unitPrice": "$2.22 / 100G"
    },
    {
        "category": "specials",
        "href": "https://www.woolworths.com.au/shop/productdetails/524625/smith-s-crinkle-cut-chips-bbq-ribs",
        "imgName": "524625.jpg",
        "imgSrc": "https://cdn0.woolworths.media/content/wowproductimages/medium/524625.jpg",
        "name": "Smith's Crinkle Cut Chips Bbq Ribs 150g",
        "price": 3.29,
        "special": 2.5,
        "unitPrice": "$1.67 / 100G"
    },
    {
        "category": "specials",
        "href": "https://www.woolworths.com.au/shop/productdetails/580245/the-spice-tailor-fiery-goan-curry",
        "imgName": "580245.jpg",
        "imgSrc": "https://cdn0.woolworths.media/content/wowproductimages/medium/580245.jpg",
        "name": "The Spice Tailor Fiery Goan Curry  300g",
        "price": 5.5,
        "special": 4.4,
        "unitPrice": "$1.47 / 100G"
    },
    {
        "category": "specials",
        "href": "https://www.woolworths.com.au/shop/productdetails/841491/rexona-men-antiperspirant-aerosol-turbo",
        "imgName": "841491.jpg",
        "imgSrc": "https://cdn0.woolworths.media/content/wowproductimages/medium/841491.jpg",
        "name": "Rexona Men Antiperspirant Aerosol Turbo 250ml",
        "price": 7,
        "special": 5,
        "unitPrice": "$2.00 / 100ML"
    },
    {
        "category": "specials",
        "href": "https://www.woolworths.com.au/shop/productdetails/586843/morning-fresh-dishwashing-liquid-original",
        "imgName": "586843.jpg",
        "imgSrc": "https://cdn0.woolworths.media/content/wowproductimages/medium/586843.jpg",
        "name": "Morning Fresh Dishwashing Liquid Original 350ml",
        "price": 3.95,
        "special": 3,
        "unitPrice": "$0.86 / 100ML"
    },
    {
        "category": "specials",
        "href": "https://www.woolworths.com.au/shop/productdetails/510259/calidad-epson-printer-ink-138-tri-colour",
        "imgName": "510259.jpg",
        "imgSrc": "https://cdn0.woolworths.media/content/wowproductimages/medium/510259.jpg",
        "name": "Calidad Epson Printer Ink 138 Tri-colour each",
        "price": 45
    },
    {
        "category": "specials",
        "href": "https://www.woolworths.com.au/shop/productdetails/279349/asian-tonight-simmer-sauce-sweet-and-sour",
        "imgName": "279349.jpg",
        "imgSrc": "https://cdn0.woolworths.media/content/wowproductimages/medium/279349.jpg",
        "name": "Asian Tonight Simmer Sauce Sweet And Sour 520g",
        "price": 3.15,
        "unitPrice": "$0.61 / 100G"
    },
    {
        "category": "specials",
        "href": "https://www.woolworths.com.au/shop/productdetails/732240/edgell-beans-cannellini",
        "imgName": "732240.jpg",
        "imgSrc": "https://cdn0.woolworths.media/content/wowproductimages/medium/732240.jpg",
        "name": "Edgell Beans Cannellini 400g",
        "price": 1.78,
        "unitPrice": "$4.45 / 1KG"
    },
    {
        "category": "specials",
        "href": "https://www.woolworths.com.au/shop/productdetails/846488/woolworths-select-dressings-coleslaw",
        "imgName": "846488.jpg",
        "imgSrc": "https://cdn0.woolworths.media/content/wowproductimages/medium/846488.jpg",
        "name": "Woolworths Select Dressings Coleslaw  290ml",
        "price": 1.8,
        "unitPrice": "$0.62 / 100ML"
    },
    {
        "category": "specials",
        "href": "https://www.woolworths.com.au/shop/productdetails/540657/chris-dips-lite-tzatziki",
        "imgName": "540657.jpg",
        "imgSrc": "https://cdn0.woolworths.media/content/wowproductimages/medium/540657.jpg",
        "name": "Chris' Dips Lite Tzatziki  200g",
        "price": 3.5,
        "unitPrice": "$1.75 / 100G"
    },
    {
        "category": "specials",
        "href": "https://www.woolworths.com.au/shop/productdetails/549572/moccona-mixes-choc-brownie-latte",
        "imgName": "549572.jpg",
        "imgSrc": "https://cdn0.woolworths.media/content/wowproductimages/medium/549572.jpg",
        "name": "Moccona Mixes Choc Brownie Latte 10pk 165g",
        "price": 4.5,
        "unitPrice": "$2.73 / 100G"
    },
    {
        "category": "specials",
        "href": "https://www.woolworths.com.au/shop/productdetails/690172/james-squire-150-lashes-pale-ale-bottles",
        "imgName": "690172.jpg",
        "imgSrc": "https://cdn0.woolworths.media/content/wowproductimages/medium/690172.jpg",
        "name": "James Squire 150 Lashes Pale Ale Bottles 24x345ml case",
        "price": 67,
        "special": 54
    },
    {
        "category": "specials",
        "href": "https://www.woolworths.com.au/shop/productdetails/906188/baily-baily-folio-margaret-r-chardonnay",
        "imgName": "906188.jpg",
        "imgSrc": "https://cdn0.woolworths.media/content/wowproductimages/medium/906188.jpg",
        "name": "Baily & Baily Folio Margaret R Chardonnay  750ml",
        "price": 16,
        "special": 11
    },
    {
        "category": "specials",
        "href": "https://www.woolworths.com.au/shop/productdetails/651509/monteith-s-apple-cider-crushed-cans",
        "imgName": "651509.jpg",
        "imgSrc": "https://cdn0.woolworths.media/content/wowproductimages/medium/651509.jpg",
        "name": "Monteith's Apple Cider Crushed Cans 10x330ml pack",
        "price": 28,
        "special": 23.5
    },
    {
        "category": "specials",
        "href": "https://www.woolworths.com.au/shop/productdetails/982402/bundaberg-lazy-bear-dry-lime-3-5-bottles",
        "imgName": "982402.jpg",
        "imgSrc": "https://cdn0.woolworths.media/content/wowproductimages/medium/982402.jpg",
        "name": "Bundaberg Lazy Bear Dry & Lime 3.5% Bottles 24x330ml",
        "price": 79,
        "special": 72
    },
    {
        "category": "specials",
        "href": "https://www.woolworths.com.au/shop/productdetails/280377/bega-stringers-peelable-cheese",
        "imgName": "280377.jpg",
        "imgSrc": "https://cdn0.woolworths.media/content/wowproductimages/medium/280377.jpg",
        "name": "Bega Stringers Peelable Cheese 12pk 240g",
        "price": 6,
        "unitPrice": "$25.00 / 1KG"
    },
    {
        "category": "specials",
        "href": "https://www.woolworths.com.au/shop/productdetails/346124/woolworths-chicken-springwater",
        "imgName": "346124.jpg",
        "imgSrc": "https://cdn0.woolworths.media/content/wowproductimages/medium/346124.jpg",
        "name": "Woolworths Chicken Springwater 85g",
        "price": 1.29,
        "unitPrice": "$15.18 / 1KG"
    },
    {
        "category": "specials",
        "href": "https://www.woolworths.com.au/shop/productdetails/577118/adriano-zumbo-pash-me-banana-bread",
        "imgName": "577118.jpg",
        "imgSrc": "https://cdn0.woolworths.media/content/wowproductimages/medium/577118.jpg",
        "name": "Adriano Zumbo Pash Me Banana Bread 550g",
        "price": 6,
        "special": 5,
        "unitPrice": "$0.91 / 100G"
    },
    {
        "category": "specials",
        "href": "https://www.woolworths.com.au/shop/productdetails/555151/woolworths-chocolate-cream-biscuits",
        "imgName": "555151.jpg",
        "imgSrc": "https://cdn0.woolworths.media/content/wowproductimages/medium/555151.jpg",
        "name": "Woolworths Chocolate Cream Biscuits 150g",
        "price": 0.75,
        "unitPrice": "$0.50 / 100G"
    },
    {
        "category": "specials",
        "href": "https://www.woolworths.com.au/shop/productdetails/907491/strongbow-apple-cider-original-bottles",
        "imgName": "907491.jpg",
        "imgSrc": "https://cdn0.woolworths.media/content/wowproductimages/medium/907491.jpg",
        "name": "Strongbow Apple Cider Original Bottles 24x355ml case",
        "price": 56,
        "special": 50
    },
    {
        "category": "specials",
        "href": "https://www.woolworths.com.au/shop/productdetails/783894/easiyo-greek-style-passionfruit-yoghurt-base",
        "imgName": "783894.jpg",
        "imgSrc": "https://cdn0.woolworths.media/content/wowproductimages/medium/783894.jpg",
        "name": "Easiyo Greek Style Passionfruit Yoghurt Base 230g",
        "price": 4.5,
        "unitPrice": "$1.96 / 100G"
    },
    {
        "category": "specials",
        "href": "https://www.woolworths.com.au/shop/productdetails/373348/palmolive-dishwashing-liquid-antibacterial-lemon",
        "imgName": "373348.jpg",
        "imgSrc": "https://cdn0.woolworths.media/content/wowproductimages/medium/373348.jpg",
        "name": "Palmolive Dishwashing Liquid Antibacterial Lemon 400ml",
        "price": 3,
        "unitPrice": "$0.75 / 100ML"
    },
    {
        "category": "specials",
        "href": "https://www.woolworths.com.au/shop/productdetails/308052/white-king-power-clean-toilet-cleaner-bleach-gel-lemon",
        "imgName": "308052.jpg",
        "imgSrc": "https://cdn0.woolworths.media/content/wowproductimages/medium/308052.jpg",
        "name": "White King Power Clean Toilet Cleaner Bleach Gel Lemon 700ml",
        "price": 4.35,
        "special": 3.65,
        "unitPrice": "$0.52 / 100ML"
    },
    {
        "category": "specials",
        "href": "https://www.woolworths.com.au/shop/productdetails/205682/berocca-performance-original-tablets",
        "imgName": "205682.jpg",
        "imgSrc": "https://cdn0.woolworths.media/content/wowproductimages/medium/205682.jpg",
        "name": "Berocca Performance Original Tablets 15pk",
        "price": 9.7,
        "special": 7.7,
        "unitPrice": "$51.33 / 100EA"
    },
    {
        "category": "specials",
        "href": "https://www.woolworths.com.au/shop/productdetails/45533/mount-franklin-spring-water-bottle",
        "imgName": "045533.jpg",
        "imgSrc": "https://cdn0.woolworths.media/content/wowproductimages/medium/045533.jpg",
        "name": "Mount Franklin Spring Water Bottle 600ml",
        "price": 2.3,
        "special": 2.1,
        "unitPrice": "$3.50 / 1L"
    },
    {
        "category": "specials",
        "href": "https://www.woolworths.com.au/shop/productdetails/168701/gillette-blue-ii-disposable-shaving-razor-ultra-grip-pivot",
        "imgName": "168701.jpg",
        "imgSrc": "https://cdn0.woolworths.media/content/wowproductimages/medium/168701.jpg",
        "name": "Gillette Blue Ii Disposable Shaving Razor Ultra Grip Pivot 16pk",
        "price": 13,
        "unitPrice": "$0.81 / 1EA"
    },
    {
        "category": "specials",
        "href": "https://www.woolworths.com.au/shop/productdetails/763677/banana-boat-spf-50-sunscreen-sensitive",
        "imgName": "763677.jpg",
        "imgSrc": "https://cdn0.woolworths.media/content/wowproductimages/medium/763677.jpg",
        "name": "Banana Boat Spf 50+ Sunscreen Sensitive 200g",
        "price": 16,
        "special": 12.8,
        "unitPrice": "$6.40 / 100G"
    },
    {
        "category": "specials",
        "href": "https://www.woolworths.com.au/shop/productdetails/345421/d-orsogna-salami-romano",
        "imgName": "345421.jpg",
        "imgSrc": "https://cdn0.woolworths.media/content/wowproductimages/medium/345421.jpg",
        "name": "D'orsogna Salami Romano 200g",
        "price": 7.69,
        "special": 6,
        "unitPrice": "$30.00 / 1KG"
    },
    {
        "category": "specials",
        "href": "https://www.woolworths.com.au/shop/productdetails/352039/sunrice-microwave-fragrant-jasmine-rice-family",
        "imgName": "352039.jpg",
        "imgSrc": "https://cdn0.woolworths.media/content/wowproductimages/medium/352039.jpg",
        "name": "Sunrice Microwave Fragrant Jasmine Rice Family 450g",
        "price": 3.5,
        "unitPrice": "$0.78 / 100G"
    },
    {
        "category": "specials",
        "href": "https://www.woolworths.com.au/shop/productdetails/111336/canadian-club-whisky-dry-4-8-bottles",
        "imgName": "111336.jpg",
        "imgSrc": "https://cdn0.woolworths.media/content/wowproductimages/medium/111336.jpg",
        "name": "Canadian Club Whisky & Dry 4.8% Bottles 4x330ml",
        "price": 21,
        "special": 19
    },
    {
        "category": "specials",
        "href": "https://www.woolworths.com.au/shop/productdetails/618467/d-orsogna-smokey-bbq-streaky-bacon",
        "imgName": "618467.jpg",
        "imgSrc": "https://cdn0.woolworths.media/content/wowproductimages/medium/618467.jpg",
        "name": "D'orsogna Smokey Bbq Streaky Bacon 200g",
        "price": 5,
        "special": 4,
        "unitPrice": "$20.00 / 1KG"
    },
    {
        "category": "specials",
        "href": "https://www.woolworths.com.au/shop/productdetails/298168/heinz-big-n-chunky-canned-soup-ravioli-with-beef-tomato",
        "imgName": "298168.jpg",
        "imgSrc": "https://cdn0.woolworths.media/content/wowproductimages/medium/298168.jpg",
        "name": "Heinz Big N Chunky Canned Soup Ravioli With Beef & Tomato 535g",
        "price": 2.5,
        "unitPrice": "$0.47 / 100G"
    },
    {
        "category": "specials",
        "href": "https://www.woolworths.com.au/shop/productdetails/447406/l-oreal-paris-preference-hair-colour-6-21-opera",
        "imgName": "447406.jpg",
        "imgSrc": "https://cdn0.woolworths.media/content/wowproductimages/medium/447406.jpg",
        "name": "L'oreal Paris Preference Hair Colour 6.21 Opera each",
        "price": 19,
        "special": 13
    },
    {
        "category": "specials",
        "href": "https://www.woolworths.com.au/shop/productdetails/941587/woolworths-yellowfin-tuna-in-lemon-pepper",
        "imgName": "941587.jpg",
        "imgSrc": "https://cdn0.woolworths.media/content/wowproductimages/medium/941587.jpg",
        "name": "Woolworths Yellowfin Tuna In Lemon Pepper  95g",
        "price": 1.3,
        "unitPrice": "$13.68 / 1KG"
    },
    {
        "category": "specials",
        "href": "https://www.woolworths.com.au/shop/productdetails/588209/ocean-chef-marinated-prawns-lime-lemongrass",
        "imgName": "588209.jpg",
        "imgSrc": "https://cdn0.woolworths.media/content/wowproductimages/medium/588209.jpg",
        "name": "Ocean Chef Marinated Prawns Lime & Lemongrass 500g",
        "price": 18.5,
        "special": 15,
        "unitPrice": "$30.00 / 1KG"
    },
    {
        "category": "specials",
        "href": "https://www.woolworths.com.au/shop/productdetails/894719/matua-lands-and-legends-pinot-noir",
        "imgName": "894719.jpg",
        "imgSrc": "https://cdn0.woolworths.media/content/wowproductimages/medium/894719.jpg",
        "name": "Matua Lands And Legends Pinot Noir  750ml bottle",
        "price": 33,
        "special": 26
    },
    {
        "category": "specials",
        "href": "https://www.woolworths.com.au/shop/productdetails/793143/banana-boat-spf-50-sunscreen-everyday-pump",
        "imgName": "793143.jpg",
        "imgSrc": "https://cdn0.woolworths.media/content/wowproductimages/medium/793143.jpg",
        "name": "Banana Boat Spf 50+ Sunscreen Everyday Pump 400g",
        "price": 20.4,
        "special": 16.3,
        "unitPrice": "$4.08 / 100G"
    },
    {
        "category": "specials",
        "href": "https://www.woolworths.com.au/shop/productdetails/376702/carefree-procomfort-tampons-super",
        "imgName": "376702.jpg",
        "imgSrc": "https://cdn0.woolworths.media/content/wowproductimages/medium/376702.jpg",
        "name": "Carefree Procomfort Tampons Super 32pk",
        "price": 7,
        "unitPrice": "$0.22 / 1EA"
    },
    {
        "category": "specials",
        "href": "https://www.woolworths.com.au/shop/productdetails/792234/woolworths-ice-cream-cones-caramel",
        "imgName": "792234.jpg",
        "imgSrc": "https://cdn0.woolworths.media/content/wowproductimages/medium/792234.jpg",
        "name": "Woolworths Ice Cream Cones Caramel 475ml",
        "price": 3.7,
        "unitPrice": "$0.78 / 100ML"
    },
    {
        "category": "specials",
        "href": "https://www.woolworths.com.au/shop/productdetails/544779/mini-jam-rolls",
        "imgName": "544779.jpg",
        "imgSrc": "https://cdn0.woolworths.media/content/wowproductimages/medium/544779.jpg",
        "name": "Mini Jam Rolls  6pk 250g",
        "price": 2.5,
        "special": 2,
        "unitPrice": "$0.80 / 100G"
    },
    {
        "category": "specials",
        "href": "https://www.woolworths.com.au/shop/productdetails/603073/zak-licensed-sip-snack-frozen",
        "imgName": "603073.jpg",
        "imgSrc": "https://cdn0.woolworths.media/content/wowproductimages/medium/603073.jpg",
        "name": "Zak Licensed Sip & Snack Frozen each",
        "price": 10,
        "special": 6
    },
    {
        "category": "specials",
        "href": "https://www.woolworths.com.au/shop/productdetails/230519/woolworths-tomato-sauce-squeeze",
        "imgName": "230519.jpg",
        "imgSrc": "https://cdn0.woolworths.media/content/wowproductimages/medium/230519.jpg",
        "name": "Woolworths Tomato Sauce Squeeze 500ml",
        "price": 1.5,
        "unitPrice": "$0.30 / 100ML"
    },
    {
        "category": "specials",
        "href": "https://www.woolworths.com.au/shop/productdetails/586820/smiths-thinly-cut-teryaki",
        "imgName": "586820.jpg",
        "imgSrc": "https://cdn0.woolworths.media/content/wowproductimages/medium/586820.jpg",
        "name": "Smiths Thinly Cut Teryaki  175g",
        "price": 2,
        "unitPrice": "$1.14 / 100G"
    },
    {
        "category": "specials",
        "href": "https://www.woolworths.com.au/shop/productdetails/36899/don-ham-leg-honey-roasted-shaved",
        "imgName": "036899.jpg",
        "imgSrc": "https://cdn0.woolworths.media/content/wowproductimages/medium/036899.jpg",
        "name": "Don Ham Leg Honey Roasted Shaved 250g",
        "price": 4.8,
        "unitPrice": "$19.20 / 1KG"
    },
    {
        "category": "specials",
        "href": "https://www.woolworths.com.au/shop/productdetails/201002/polident-denture-care-cleanser-tablets-fresh-active",
        "imgName": "201002.jpg",
        "imgSrc": "https://cdn0.woolworths.media/content/wowproductimages/medium/201002.jpg",
        "name": "Polident Denture Care Cleanser Tablets Fresh Active 36pk",
        "price": 5.5,
        "unitPrice": "$0.15 / 1EA"
    },
    {
        "category": "specials",
        "href": "https://www.woolworths.com.au/shop/productdetails/622369/maybelline-fit-me-matte-and-poreless-foundation-creamy-beige",
        "imgName": "622369.jpg",
        "imgSrc": "https://cdn0.woolworths.media/content/wowproductimages/medium/622369.jpg",
        "name": "Maybelline Fit Me Matte And Poreless Foundation Creamy Beige 30ml",
        "price": 19.95,
        "special": 13.95,
        "unitPrice": "$4.65 / 10ML"
    },
    {
        "category": "specials",
        "href": "https://www.woolworths.com.au/shop/productdetails/456614/glade-sport-tropical-breeze",
        "imgName": "456614.jpg",
        "imgSrc": "https://cdn0.woolworths.media/content/wowproductimages/medium/456614.jpg",
        "name": "Glade Sport Tropical Breeze  7ml",
        "price": 8.5,
        "special": 7,
        "unitPrice": "$100.00 / 100ML"
    },
    {
        "category": "specials",
        "href": "https://www.woolworths.com.au/shop/productdetails/983517/xxxx-summer-bright-mango",
        "imgName": "983517.jpg",
        "imgSrc": "https://cdn0.woolworths.media/content/wowproductimages/medium/983517.jpg",
        "name": "Xxxx Summer Bright Mango 24x330ml case",
        "price": 53,
        "special": 46
    },
    {
        "category": "specials",
        "href": "https://www.woolworths.com.au/shop/productdetails/621941/duck-deep-action-toilet-cleaning-gel-pine",
        "imgName": "621941.jpg",
        "imgSrc": "https://cdn0.woolworths.media/content/wowproductimages/medium/621941.jpg",
        "name": "Duck Deep Action Toilet Cleaning Gel Pine 650ml",
        "price": 4,
        "special": 3,
        "unitPrice": "$0.46 / 100ML"
    },
    {
        "category": "specials",
        "href": "https://www.woolworths.com.au/shop/productdetails/384247/arnott-s-shapes-cheese-bacon",
        "imgName": "384247.jpg",
        "imgSrc": "https://cdn0.woolworths.media/content/wowproductimages/medium/384247.jpg",
        "name": "Arnott's Shapes Cheese & Bacon 180g",
        "price": 3,
        "special": 2,
        "unitPrice": "$1.11 / 100G"
    },
    {
        "category": "specials",
        "href": "https://www.woolworths.com.au/shop/productdetails/858478/slim-secrets-protein-pud-with-chia-choc-coconut",
        "imgName": "858478.jpg",
        "imgSrc": "https://cdn0.woolworths.media/content/wowproductimages/medium/858478.jpg",
        "name": "Slim Secrets Protein Pud With Chia Choc Coconut 115g",
        "price": 4.5,
        "special": 3.85,
        "unitPrice": "$3.35 / 100G"
    },
    {
        "category": "specials",
        "href": "https://www.woolworths.com.au/shop/productdetails/779252/woolworths-frozen-chicken-vegetable-pie",
        "imgName": "779252.jpg",
        "imgSrc": "https://cdn0.woolworths.media/content/wowproductimages/medium/779252.jpg",
        "name": "Woolworths Frozen Chicken & Vegetable Pie 4pk 700g",
        "price": 3.5,
        "unitPrice": "$0.50 / 100G"
    },
    {
        "category": "specials",
        "href": "https://www.woolworths.com.au/shop/productdetails/217500/gourmet-delight-adult-cat-food-whitemeat-tuna-crab",
        "imgName": "217500.jpg",
        "imgSrc": "https://cdn0.woolworths.media/content/wowproductimages/medium/217500.jpg",
        "name": "Gourmet Delight Adult Cat Food Whitemeat Tuna Crab 85g",
        "price": 0.79,
        "unitPrice": "$0.93 / 100G"
    },
    {
        "category": "specials",
        "href": "https://www.woolworths.com.au/shop/productdetails/660291/grain-waves-plus-beetroot-sweet-chilly-jam",
        "imgName": "660291.jpg",
        "imgSrc": "https://cdn0.woolworths.media/content/wowproductimages/medium/660291.jpg",
        "name": "Grain Waves Plus Beetroot Sweet Chilly Jam 180g",
        "price": 4,
        "special": 2,
        "unitPrice": "$1.11 / 100G"
    },
    {
        "category": "specials",
        "href": "https://www.woolworths.com.au/shop/productdetails/981201/heineken-3-mid-strength-lager-stubby",
        "imgName": "981201.jpg",
        "imgSrc": "https://cdn0.woolworths.media/content/wowproductimages/medium/981201.jpg",
        "name": "Heineken 3 Mid Strength Lager Stubby 330ml x24pack",
        "price": 53,
        "special": 43
    },
    {
        "category": "specials",
        "href": "https://www.woolworths.com.au/shop/productdetails/519515/my-dog-adult-dog-food-lamb-veg-rice",
        "imgName": "519515.jpg",
        "imgSrc": "https://cdn0.woolworths.media/content/wowproductimages/medium/519515.jpg",
        "name": "My Dog Adult Dog Food Lamb Veg & Rice 400g",
        "price": 2.47,
        "special": 2,
        "unitPrice": "$0.50 / 100G"
    },
    {
        "category": "specials",
        "href": "https://www.woolworths.com.au/shop/productdetails/33593/woolworths-all-butter-croissants",
        "imgName": "033593.jpg",
        "imgSrc": "https://cdn0.woolworths.media/content/wowproductimages/medium/033593.jpg",
        "name": "Woolworths All Butter Croissants  4pk",
        "price": 2.5,
        "unitPrice": "$0.63 / 1EA"
    },
    {
        "category": "specials",
        "href": "https://www.woolworths.com.au/shop/productdetails/587303/kettle-parmesan-garlic-chips",
        "imgName": "587303.jpg",
        "imgSrc": "https://cdn0.woolworths.media/content/wowproductimages/medium/587303.jpg",
        "name": "Kettle Parmesan & Garlic Chips  175g",
        "price": 4.39,
        "special": 2.5,
        "unitPrice": "$1.43 / 100G"
    },
    {
        "category": "specials",
        "href": "https://www.woolworths.com.au/shop/productdetails/453303/woolworths-tasty-cheese-sticks",
        "imgName": "453303.jpg",
        "imgSrc": "https://cdn0.woolworths.media/content/wowproductimages/medium/453303.jpg",
        "name": "Woolworths Tasty Cheese Sticks  160g",
        "price": 4.5,
        "unitPrice": "$28.13 / 1KG"
    },
    {
        "category": "specials",
        "href": "https://www.woolworths.com.au/shop/productdetails/992306/john-boston-session-ipa",
        "imgName": "992306.jpg",
        "imgSrc": "https://cdn0.woolworths.media/content/wowproductimages/medium/992306.jpg",
        "name": "John Boston Session Ipa  24x330ml",
        "price": 55,
        "special": 51
    },
    {
        "category": "specials",
        "href": "https://www.woolworths.com.au/shop/productdetails/306605/south-cape-greek-style-fetta",
        "imgName": "306605.jpg",
        "imgSrc": "https://cdn0.woolworths.media/content/wowproductimages/medium/306605.jpg",
        "name": "South Cape Greek Style Fetta  200g",
        "price": 5,
        "unitPrice": "$25.00 / 1KG"
    },
    {
        "category": "specials",
        "href": "https://www.woolworths.com.au/shop/productdetails/982406/crown-royal-whiskey-dry-4-8-cans",
        "imgName": "982406.jpg",
        "imgSrc": "https://cdn0.woolworths.media/content/wowproductimages/medium/982406.jpg",
        "name": "Crown Royal Whiskey & Dry 4.8% Cans 4x330ml",
        "price": 24,
        "special": 21
    },
    {
        "category": "specials",
        "href": "https://www.woolworths.com.au/shop/productdetails/903006/udl-vodka-passionfruit",
        "imgName": "903006.jpg",
        "imgSrc": "https://cdn0.woolworths.media/content/wowproductimages/medium/903006.jpg",
        "name": "Udl Vodka Passionfruit 24x375ml",
        "price": 75,
        "special": 66
    },
    {
        "category": "specials",
        "href": "https://www.woolworths.com.au/shop/productdetails/629506/heinz-spaghetti-tomato-cheesy-sauce",
        "imgName": "629506.jpg",
        "imgSrc": "https://cdn0.woolworths.media/content/wowproductimages/medium/629506.jpg",
        "name": "Heinz Spaghetti Tomato Cheesy Sauce 3x300g",
        "price": 3,
        "unitPrice": "$0.33 / 100G"
    },
    {
        "category": "specials",
        "href": "https://www.woolworths.com.au/shop/productdetails/850497/spc-plums-in-juice",
        "imgName": "850497.jpg",
        "imgSrc": "https://cdn0.woolworths.media/content/wowproductimages/medium/850497.jpg",
        "name": "Spc Plums In Juice  825g",
        "price": 3.5,
        "special": 3,
        "unitPrice": "$3.64 / 1KG"
    },
    {
        "category": "specials",
        "href": "https://www.woolworths.com.au/shop/productdetails/663601/cadbury-dream-with-oreo-chocolate-block",
        "imgName": "663601.jpg",
        "imgSrc": "https://cdn0.woolworths.media/content/wowproductimages/medium/663601.jpg",
        "name": "Cadbury Dream With Oreo Chocolate Block 190g",
        "price": 5,
        "special": 3.5,
        "unitPrice": "$1.84 / 100G"
    },
    {
        "category": "specials",
        "href": "https://www.woolworths.com.au/shop/productdetails/824678/woolworths-cracked-pepper-water-crackers",
        "imgName": "824678.jpg",
        "imgSrc": "https://cdn0.woolworths.media/content/wowproductimages/medium/824678.jpg",
        "name": "Woolworths Cracked Pepper Water Crackers 125g",
        "price": 0.95,
        "unitPrice": "$0.76 / 100G"
    },
    {
        "category": "specials",
        "href": "https://www.woolworths.com.au/shop/productdetails/763646/banana-boat-kids-sunscreen-spf-50-",
        "imgName": "763646.jpg",
        "imgSrc": "https://cdn0.woolworths.media/content/wowproductimages/medium/763646.jpg",
        "name": "Banana Boat Kids Sunscreen Spf 50+ 400g",
        "price": 20.4,
        "special": 16,
        "unitPrice": "$4.00 / 100G"
    },
    {
        "category": "specials",
        "href": "https://www.woolworths.com.au/shop/productdetails/446452/cadbury-dairy-milk-chocolate-oreo-vanilla",
        "imgName": "446452.jpg",
        "imgSrc": "https://cdn0.woolworths.media/content/wowproductimages/medium/446452.jpg",
        "name": "Cadbury Dairy Milk Chocolate Oreo Vanilla 180g block",
        "price": 5,
        "special": 3.5,
        "unitPrice": "$1.94 / 100G"
    },
    {
        "category": "specials",
        "href": "https://www.woolworths.com.au/shop/productdetails/894210/ajax-spray-n-wipe-orange-blossom",
        "imgName": "894210.jpg",
        "imgSrc": "https://cdn0.woolworths.media/content/wowproductimages/medium/894210.jpg",
        "name": "Ajax Spray N Wipe Orange Blossom 475ml",
        "price": 3,
        "unitPrice": "$0.63 / 100ML"
    },
    {
        "category": "specials",
        "href": "https://www.woolworths.com.au/shop/productdetails/293972/select-taco-seasoning-mix",
        "imgName": "293972.jpg",
        "imgSrc": "https://cdn0.woolworths.media/content/wowproductimages/medium/293972.jpg",
        "name": "Select Taco Seasoning Mix 35g",
        "price": 1.25,
        "unitPrice": "$3.57 / 100G"
    },
    {
        "category": "specials",
        "href": "https://www.woolworths.com.au/shop/productdetails/586811/twisties-chicken-party-bag",
        "imgName": "586811.jpg",
        "imgSrc": "https://cdn0.woolworths.media/content/wowproductimages/medium/586811.jpg",
        "name": "Twisties Chicken Party Bag 270g",
        "price": 3,
        "unitPrice": "$1.11 / 100G"
    },
    {
        "category": "specials",
        "href": "https://www.woolworths.com.au/shop/productdetails/491690/hercules-freezer-bags-twin-zip",
        "imgName": "491690.jpg",
        "imgSrc": "https://cdn0.woolworths.media/content/wowproductimages/medium/491690.jpg",
        "name": "Hercules Freezer Bags Twin Zip 20pk",
        "price": 2.69,
        "special": 2.2,
        "unitPrice": "$0.11 / 1EA"
    },
    {
        "category": "specials",
        "href": "https://www.woolworths.com.au/shop/productdetails/364246/kendall-jackson-vintres-chardonnay-vintner-s-reserve-chardonnay",
        "imgName": "364246.jpg",
        "imgSrc": "https://cdn0.woolworths.media/content/wowproductimages/medium/364246.jpg",
        "name": "Kendall Jackson Vintres Chardonnay Vintner's Reserve Chardonnay 750ml bottle",
        "price": 32,
        "special": 26
    },
    {
        "category": "specials",
        "href": "https://www.woolworths.com.au/shop/productdetails/574409/maybelline-lash-sensational-luscious-mascara-brownish-black",
        "imgName": "574409.jpg",
        "imgSrc": "https://cdn0.woolworths.media/content/wowproductimages/medium/574409.jpg",
        "name": "Maybelline Lash Sensational Luscious Mascara Brownish Black 9.5ml",
        "price": 21.95,
        "special": 15.35,
        "unitPrice": "$16.16 / 10ML"
    },
    {
        "category": "specials",
        "href": "https://www.woolworths.com.au/shop/productdetails/6089/aeroplane-jelly-original-strawberry",
        "imgName": "006089.jpg",
        "imgSrc": "https://cdn0.woolworths.media/content/wowproductimages/medium/006089.jpg",
        "name": "Aeroplane Jelly Original Strawberry 85g",
        "price": 1.15,
        "unitPrice": "$1.35 / 100G"
    },
    {
        "category": "specials",
        "href": "https://www.woolworths.com.au/shop/productdetails/48900/san-remo-bows-ties-pasta-no-23",
        "imgName": "048900.jpg",
        "imgSrc": "https://cdn0.woolworths.media/content/wowproductimages/medium/048900.jpg",
        "name": "San Remo Bows Ties Pasta No 23 500g",
        "price": 1.95,
        "unitPrice": "$0.39 / 100G"
    },
    {
        "category": "specials",
        "href": "https://www.woolworths.com.au/shop/productdetails/218918/woolworths-peeled-italian-tomatoes-no-added-salt",
        "imgName": "218918.jpg",
        "imgSrc": "https://cdn0.woolworths.media/content/wowproductimages/medium/218918.jpg",
        "name": "Woolworths Peeled Italian Tomatoes No Added Salt 400g",
        "price": 0.8,
        "unitPrice": "$2.00 / 1KG"
    },
    {
        "category": "specials",
        "href": "https://www.woolworths.com.au/shop/productdetails/227154/heinz-little-kids-yoghurt-muesli-fingers-fruit-salad",
        "imgName": "227154.jpg",
        "imgSrc": "https://cdn0.woolworths.media/content/wowproductimages/medium/227154.jpg",
        "name": "Heinz Little Kids Yoghurt Muesli Fingers Fruit Salad 6pk 90g",
        "price": 3.5,
        "special": 3,
        "unitPrice": "$3.33 / 100G"
    },
    {
        "category": "specials",
        "href": "https://www.woolworths.com.au/shop/productdetails/462428/nobby-s-peanuts-salt-vinegar",
        "imgName": "462428.jpg",
        "imgSrc": "https://cdn0.woolworths.media/content/wowproductimages/medium/462428.jpg",
        "name": "Nobby's Peanuts Salt & Vinegar 350g",
        "price": 3.35,
        "special": 3,
        "unitPrice": "$8.57 / 1KG"
    },
    {
        "category": "specials",
        "href": "https://www.woolworths.com.au/shop/productdetails/462700/omo-sensitive-laundry-detergent-washing-powder-front-top-loader",
        "imgName": "462700.jpg",
        "imgSrc": "https://cdn0.woolworths.media/content/wowproductimages/medium/462700.jpg",
        "name": "Omo Sensitive Laundry Detergent Washing Powder Front & Top Loader 1kg",
        "price": 10,
        "special": 7.5,
        "unitPrice": "$7.50 / 1KG"
    },
    {
        "category": "specials",
        "href": "https://www.woolworths.com.au/shop/productdetails/79492/kleenex-facial-tissues-extra-care-eucalyptus",
        "imgName": "079492.jpg",
        "imgSrc": "https://cdn0.woolworths.media/content/wowproductimages/medium/079492.jpg",
        "name": "Kleenex Facial Tissues Extra Care Eucalyptus 95pk",
        "price": 2,
        "unitPrice": "$2.11 / 100SS"
    },
    {
        "category": "specials",
        "href": "https://www.woolworths.com.au/shop/productdetails/93167/coca-cola-bottle",
        "imgName": "093167.jpg",
        "imgSrc": "https://cdn0.woolworths.media/content/wowproductimages/medium/093167.jpg",
        "name": "Coca-cola Bottle  600ml",
        "price": 3.6,
        "unitPrice": "$6.00 / 1L"
    },
    {
        "category": "specials",
        "href": "https://www.woolworths.com.au/shop/productdetails/582606/masterfood-recipe-base-beef-stroganoff",
        "imgName": "582606.jpg",
        "imgSrc": "https://cdn0.woolworths.media/content/wowproductimages/medium/582606.jpg",
        "name": "Masterfood Recipe Base Beef Stroganoff 4pk 700g",
        "price": 6.5,
        "unitPrice": "$1.63 / 1EA"
    },
    {
        "category": "specials",
        "href": "https://www.woolworths.com.au/shop/productdetails/729008/woolworths-select-tasty-reduced-fat-shredded-cheese",
        "imgName": "729008.jpg",
        "imgSrc": "https://cdn0.woolworths.media/content/wowproductimages/medium/729008.jpg",
        "name": "Woolworths Select Tasty Reduced Fat Shredded Cheese 500g",
        "price": 4.5,
        "unitPrice": "$9.00 / 1KG"
    },
    {
        "category": "specials",
        "href": "https://www.woolworths.com.au/shop/productdetails/657675/my-dog-chicken-fillets-in-gravy",
        "imgName": "657675.jpg",
        "imgSrc": "https://cdn0.woolworths.media/content/wowproductimages/medium/657675.jpg",
        "name": "My Dog Chicken Fillets In Gravy 12x100g",
        "price": 12,
        "unitPrice": "$1.00 / 100G"
    },
    {
        "category": "specials",
        "href": "https://www.woolworths.com.au/shop/productdetails/149380/schmackos-treat-liver-strapz",
        "imgName": "149380.jpg",
        "imgSrc": "https://cdn0.woolworths.media/content/wowproductimages/medium/149380.jpg",
        "name": "Schmackos Treat Liver Strapz 180g",
        "price": 5.25,
        "special": 4,
        "unitPrice": "$2.22 / 100G"
    },
    {
        "category": "specials",
        "href": "https://www.woolworths.com.au/shop/productdetails/420502/philips-light-globe-13w-1400-lument-warm-es",
        "imgName": "420502.jpg",
        "imgSrc": "https://cdn0.woolworths.media/content/wowproductimages/medium/420502.jpg",
        "name": "Philips Light Globe 13w 1400 Lument Warm Es each",
        "price": 15,
        "unitPrice": "$15.00 / 1EA"
    },
    {
        "category": "specials",
        "href": "https://www.woolworths.com.au/shop/productdetails/251526/woolworths-select-dressings-italian-99-fat-free",
        "imgName": "251526.jpg",
        "imgSrc": "https://cdn0.woolworths.media/content/wowproductimages/medium/251526.jpg",
        "name": "Woolworths Select Dressings Italian 99% Fat Free 300ml",
        "price": 1.8,
        "unitPrice": "$0.60 / 100ML"
    },
    {
        "category": "specials",
        "href": "https://www.woolworths.com.au/shop/productdetails/480254/your-majesty-cat-food-chicken-fillet-shredded-beef",
        "imgName": "480254.jpg",
        "imgSrc": "https://cdn0.woolworths.media/content/wowproductimages/medium/480254.jpg",
        "name": "Your Majesty Cat Food Chicken Fillet & Shredded Beef 85g",
        "price": 0.7,
        "unitPrice": "$0.82 / 100G"
    },
    {
        "category": "specials",
        "href": "https://www.woolworths.com.au/shop/productdetails/766547/vo5-smoothly-does-it-styling-spray-heat-protect",
        "imgName": "766547.jpg",
        "imgSrc": "https://cdn0.woolworths.media/content/wowproductimages/medium/766547.jpg",
        "name": "Vo5 Smoothly Does It Styling Spray Heat Protect 200ml",
        "price": 6,
        "unitPrice": "$3.00 / 100ML"
    },
    {
        "category": "specials",
        "href": "https://www.woolworths.com.au/shop/productdetails/830185/cadbury-breakaway-dark-chocolate-biscuit",
        "imgName": "830185.jpg",
        "imgSrc": "https://cdn0.woolworths.media/content/wowproductimages/medium/830185.jpg",
        "name": "Cadbury Breakaway Dark Chocolate Biscuit 180g",
        "price": 4,
        "special": 3,
        "unitPrice": "$1.67 / 100G"
    },
    {
        "category": "specials",
        "href": "https://www.woolworths.com.au/shop/productdetails/765843/bulldog-face-care-anti-ageing-moisturizer",
        "imgName": "765843.jpg",
        "imgSrc": "https://cdn0.woolworths.media/content/wowproductimages/medium/765843.jpg",
        "name": "Bulldog Face Care Anti Ageing Moisturizer 100ml",
        "price": 17.5,
        "special": 12,
        "unitPrice": "$12.00 / 100ML"
    },
    {
        "category": "specials",
        "href": "https://www.woolworths.com.au/shop/productdetails/771481/woolworths-free-from-gluten-gingernut-biscuit",
        "imgName": "771481.jpg",
        "imgSrc": "https://cdn0.woolworths.media/content/wowproductimages/medium/771481.jpg",
        "name": "Woolworths Free From Gluten Gingernut Biscuit 155g",
        "price": 3,
        "unitPrice": "$1.94 / 100G"
    },
    {
        "category": "specials",
        "href": "https://www.woolworths.com.au/shop/productdetails/6753/maggie-beer-pate-pheasant-farm",
        "imgName": "006753.jpg",
        "imgSrc": "https://cdn0.woolworths.media/content/wowproductimages/medium/006753.jpg",
        "name": "Maggie Beer Pate Pheasant Farm 120g",
        "price": 7,
        "special": 5,
        "unitPrice": "$41.67 / 1KG"
    },
    {
        "category": "specials",
        "href": "https://www.woolworths.com.au/shop/productdetails/891309/gillette-venus-shaving-razor-with-case-embrace",
        "imgName": "891309.jpg",
        "imgSrc": "https://cdn0.woolworths.media/content/wowproductimages/medium/891309.jpg",
        "name": "Gillette Venus Shaving Razor With Case Embrace each",
        "price": 13
    },
    {
        "category": "specials",
        "href": "https://www.woolworths.com.au/shop/productdetails/781968/inspire-bakeware-mini-round-pie-dish",
        "imgName": "781968.jpg",
        "imgSrc": "https://cdn0.woolworths.media/content/wowproductimages/medium/781968.jpg",
        "name": "Inspire Bakeware Mini Round Pie Dish 2pk",
        "price": 6,
        "special": 4.2
    },
    {
        "category": "specials",
        "href": "https://www.woolworths.com.au/shop/productdetails/784955/tresemme-professional-conditioner-volume",
        "imgName": "784955.jpg",
        "imgSrc": "https://cdn0.woolworths.media/content/wowproductimages/medium/784955.jpg",
        "name": "Tresemme Professional Conditioner Volume 900ml",
        "price": 7,
        "unitPrice": "$0.78 / 100ML"
    },
    {
        "category": "specials",
        "href": "https://www.woolworths.com.au/shop/productdetails/90195/pedigree-adult-dog-food-homestyle-with-beef-pasta-vegies",
        "imgName": "090195.jpg",
        "imgSrc": "https://cdn0.woolworths.media/content/wowproductimages/medium/090195.jpg",
        "name": "Pedigree Adult Dog Food Homestyle With Beef Pasta & Vegies 700g",
        "price": 2.1,
        "unitPrice": "$0.30 / 100G"
    },
    {
        "category": "specials",
        "href": "https://www.woolworths.com.au/shop/productdetails/162588/lemnos-australian-halloumi-cheese",
        "imgName": "162588.jpg",
        "imgSrc": "https://cdn0.woolworths.media/content/wowproductimages/medium/162588.jpg",
        "name": "Lemnos Australian Halloumi Cheese 180g",
        "price": 6,
        "special": 5,
        "unitPrice": "$27.78 / 1KG"
    },
    {
        "category": "specials",
        "href": "https://www.woolworths.com.au/shop/productdetails/381128/nivea-invi-for-black-white-deodorant-roll-on-power-for-men",
        "imgName": "381128.jpg",
        "imgSrc": "https://cdn0.woolworths.media/content/wowproductimages/medium/381128.jpg",
        "name": "Nivea Invi For Black & White Deodorant Roll On Power For Men 50ml",
        "price": 3.5,
        "unitPrice": "$7.00 / 100ML"
    },
    {
        "category": "specials",
        "href": "https://www.woolworths.com.au/shop/productdetails/384248/arnott-s-shapes-margherita-pizza",
        "imgName": "384248.jpg",
        "imgSrc": "https://cdn0.woolworths.media/content/wowproductimages/medium/384248.jpg",
        "name": "Arnott's Shapes Margherita Pizza 190g",
        "price": 3,
        "special": 2,
        "unitPrice": "$1.05 / 100G"
    },
    {
        "category": "specials",
        "href": "https://www.woolworths.com.au/shop/productdetails/564502/sunbites-funbites-sour-cream",
        "imgName": "564502.jpg",
        "imgSrc": "https://cdn0.woolworths.media/content/wowproductimages/medium/564502.jpg",
        "name": "Sunbites Funbites Sour Cream 95g",
        "price": 3.4,
        "unitPrice": "$3.58 / 100G"
    },
    {
        "category": "specials",
        "href": "https://www.woolworths.com.au/shop/productdetails/43268/spc-peaches-with-mango-puree-in-juice",
        "imgName": "043268.jpg",
        "imgSrc": "https://cdn0.woolworths.media/content/wowproductimages/medium/043268.jpg",
        "name": "Spc Peaches With Mango Puree In Juice 825g",
        "price": 3.5,
        "special": 3,
        "unitPrice": "$3.64 / 1KG"
    },
    {
        "category": "specials",
        "href": "https://www.woolworths.com.au/shop/productdetails/45323/maesri-paste-green-curry",
        "imgName": "045323.jpg",
        "imgSrc": "https://cdn0.woolworths.media/content/wowproductimages/medium/045323.jpg",
        "name": "Maesri Paste Green Curry 114g",
        "price": 1.45,
        "special": 1.3,
        "unitPrice": "$1.14 / 100G"
    },
    {
        "category": "specials",
        "href": "https://www.woolworths.com.au/shop/productdetails/188644/nestle-plaistowe-milk-cooking-chocolate",
        "imgName": "188644.jpg",
        "imgSrc": "https://cdn0.woolworths.media/content/wowproductimages/medium/188644.jpg",
        "name": "Nestle Plaistowe Milk Cooking Chocolate  200g",
        "price": 4,
        "special": 3,
        "unitPrice": "$1.50 / 100G"
    },
    {
        "category": "specials",
        "href": "https://www.woolworths.com.au/shop/productdetails/427718/biozet-attack-front-top-loader-laundry-powder",
        "imgName": "427718.jpg",
        "imgSrc": "https://cdn0.woolworths.media/content/wowproductimages/medium/427718.jpg",
        "name": "Biozet Attack Front & Top Loader Laundry Powder 4kg",
        "price": 24,
        "unitPrice": "$6.00 / 1KG"
    },
    {
        "category": "specials",
        "href": "https://www.woolworths.com.au/shop/productdetails/436200/woolworths-caffitaly-compatible-coffee-capsules-medium-roast",
        "imgName": "436200.jpg",
        "imgSrc": "https://cdn0.woolworths.media/content/wowproductimages/medium/436200.jpg",
        "name": "Woolworths Caffitaly Compatible Coffee Capsules Medium Roast 10pk 80g",
        "price": 3.7,
        "unitPrice": "$4.63 / 100G"
    },
    {
        "category": "specials",
        "href": "https://www.woolworths.com.au/shop/productdetails/583774/aeroplane-dessert-mix-vanilla",
        "imgName": "583774.jpg",
        "imgSrc": "https://cdn0.woolworths.media/content/wowproductimages/medium/583774.jpg",
        "name": "Aeroplane Dessert Mix Vanilla 100g",
        "price": 1.5,
        "special": 1,
        "unitPrice": "$1.00 / 100G"
    },
    {
        "category": "specials",
        "href": "https://www.woolworths.com.au/shop/productdetails/597602/uncle-tobys-muesli-bars-choc-chip",
        "imgName": "597602.jpg",
        "imgSrc": "https://cdn0.woolworths.media/content/wowproductimages/medium/597602.jpg",
        "name": "Uncle Tobys Muesli Bars Choc Chip 15pk 469g",
        "price": 6,
        "unitPrice": "$1.28 / 100G"
    },
    {
        "category": "specials",
        "href": "https://www.woolworths.com.au/shop/productdetails/758190/tresemme-expert-selection-hair-shampoo-keratin-smooth",
        "imgName": "758190.jpg",
        "imgSrc": "https://cdn0.woolworths.media/content/wowproductimages/medium/758190.jpg",
        "name": "Tresemme Expert Selection Hair Shampoo Keratin Smooth 750ml",
        "price": 7,
        "unitPrice": "$0.93 / 100ML"
    },
    {
        "category": "specials",
        "href": "https://www.woolworths.com.au/shop/productdetails/826291/street-kitchen-simmer-sauce-rogan-josh",
        "imgName": "826291.jpg",
        "imgSrc": "https://cdn0.woolworths.media/content/wowproductimages/medium/826291.jpg",
        "name": "Street Kitchen Simmer Sauce Rogan Josh 255g",
        "price": 4.5,
        "unitPrice": "$1.76 / 100G"
    },
    {
        "category": "specials",
        "href": "https://www.woolworths.com.au/shop/productdetails/800706/nanna-s-multipack-pies-desserts-apple-pie",
        "imgName": "800706.jpg",
        "imgSrc": "https://cdn0.woolworths.media/content/wowproductimages/medium/800706.jpg",
        "name": "Nanna's Multipack Pies & Desserts Apple Pie 4pk 450g",
        "price": 4,
        "unitPrice": "$0.89 / 100G"
    },
    {
        "category": "specials",
        "href": "https://www.woolworths.com.au/shop/productdetails/54383/continental-recipe-base-mild-mince-curry",
        "imgName": "054383.jpg",
        "imgSrc": "https://cdn0.woolworths.media/content/wowproductimages/medium/054383.jpg",
        "name": "Continental Recipe Base Mild Mince Curry 40g",
        "price": 1.6,
        "unitPrice": "$4.00 / 100G"
    },
    {
        "category": "specials",
        "href": "https://www.woolworths.com.au/shop/productdetails/269914/barkers-anathoth-farm-boysenberry-jam",
        "imgName": "269914.jpg",
        "imgSrc": "https://cdn0.woolworths.media/content/wowproductimages/medium/269914.jpg",
        "name": "Barkers Anathoth Farm Boysenberry Jam 455g",
        "price": 5,
        "special": 4,
        "unitPrice": "$0.88 / 100G"
    },
    {
        "category": "specials",
        "href": "https://www.woolworths.com.au/shop/productdetails/262158/chevron-aaa-batteries-super-heavy-duty",
        "imgName": "262158.jpg",
        "imgSrc": "https://cdn0.woolworths.media/content/wowproductimages/medium/262158.jpg",
        "name": "Chevron Aaa Batteries Super Heavy Duty 4pk",
        "price": 2.5,
        "unitPrice": "$0.63 / 1EA"
    },
    {
        "category": "specials",
        "href": "https://www.woolworths.com.au/shop/productdetails/648973/the-spice-tailor-plain-flame-baked-naans",
        "imgName": "648973.jpg",
        "imgSrc": "https://cdn0.woolworths.media/content/wowproductimages/medium/648973.jpg",
        "name": "The Spice Tailor Plain Flame Baked Naans 220g",
        "price": 4,
        "special": 3.2,
        "unitPrice": "$1.45 / 100G"
    },
    {
        "category": "specials",
        "href": "https://www.woolworths.com.au/shop/productdetails/728195/maybelline-ille-mascara-brown-black",
        "imgName": "728195.jpg",
        "imgSrc": "https://cdn0.woolworths.media/content/wowproductimages/medium/728195.jpg",
        "name": "Maybelline Ille Mascara Brown Black 6.5ml",
        "price": 18.5,
        "special": 12.95,
        "unitPrice": "$19.92 / 10ML"
    },
    {
        "category": "specials",
        "href": "https://www.woolworths.com.au/shop/productdetails/771480/woolworths-free-from-double-choc-biscuit",
        "imgName": "771480.jpg",
        "imgSrc": "https://cdn0.woolworths.media/content/wowproductimages/medium/771480.jpg",
        "name": "Woolworths Free From Double Choc Biscuit 160g",
        "price": 3.5,
        "unitPrice": "$2.19 / 100G"
    },
    {
        "category": "specials",
        "href": "https://www.woolworths.com.au/shop/productdetails/842810/pantene-pro-v-colour-therapy-conditioner",
        "imgName": "842810.jpg",
        "imgSrc": "https://cdn0.woolworths.media/content/wowproductimages/medium/842810.jpg",
        "name": "Pantene Pro-v Colour Therapy Conditioner 900ml",
        "price": 15.7,
        "special": 10,
        "unitPrice": "$1.11 / 100ML"
    },
    {
        "category": "specials",
        "href": "https://www.woolworths.com.au/shop/productdetails/33890/nesquik-strawberry-flavour",
        "imgName": "033890.jpg",
        "imgSrc": "https://cdn0.woolworths.media/content/wowproductimages/medium/033890.jpg",
        "name": "Nesquik Strawberry Flavour 250g",
        "price": 2.8,
        "special": 2.25,
        "unitPrice": "$0.90 / 100G"
    },
    {
        "category": "specials",
        "href": "https://www.woolworths.com.au/shop/productdetails/230518/woolworths-select-asian-sauce-fish",
        "imgName": "230518.jpg",
        "imgSrc": "https://cdn0.woolworths.media/content/wowproductimages/medium/230518.jpg",
        "name": "Woolworths Select Asian Sauce Fish 250ml",
        "price": 1.85,
        "special": 1.5,
        "unitPrice": "$0.60 / 100ML"
    },
    {
        "category": "specials",
        "href": "https://www.woolworths.com.au/shop/productdetails/299002/clio-plain-bikini-brief-underwear-assorted-colours-10-12",
        "imgName": "299002.jpg",
        "imgSrc": "https://cdn0.woolworths.media/content/wowproductimages/medium/299002.jpg",
        "name": "Clio Plain Bikini Brief Underwear Assorted Colours 10-12 each",
        "price": 7.5,
        "special": 5.25
    },
    {
        "category": "specials",
        "href": "https://www.woolworths.com.au/shop/productdetails/482894/on-the-menu-frozen-meal-beef-schnitzel",
        "imgName": "482894.jpg",
        "imgSrc": "https://cdn0.woolworths.media/content/wowproductimages/medium/482894.jpg",
        "name": "On The Menu Frozen Meal Beef Schnitzel 320g",
        "price": 6,
        "unitPrice": "$1.88 / 100G"
    },
    {
        "category": "specials",
        "href": "https://www.woolworths.com.au/shop/productdetails/30449/murine-eye-drops-relief",
        "imgName": "030449.jpg",
        "imgSrc": "https://cdn0.woolworths.media/content/wowproductimages/medium/030449.jpg",
        "name": "Murine Eye Drops Relief 15ml",
        "price": 8.5,
        "unitPrice": "$56.67 / 100ML"
    },
    {
        "category": "specials",
        "href": "https://www.woolworths.com.au/shop/productdetails/96610/nanna-s-family-pies-desserts-apple-pie",
        "imgName": "096610.jpg",
        "imgSrc": "https://cdn0.woolworths.media/content/wowproductimages/medium/096610.jpg",
        "name": "Nanna's Family Pies & Desserts Apple Pie 600g",
        "price": 4,
        "unitPrice": "$0.67 / 100G"
    },
    {
        "category": "specials",
        "href": "https://www.woolworths.com.au/shop/productdetails/107185/heinz-strained-food-4-months-golden-sweetcorn-chicken",
        "imgName": "107185.jpg",
        "imgSrc": "https://cdn0.woolworths.media/content/wowproductimages/medium/107185.jpg",
        "name": "Heinz Strained Food 4 Months Golden Sweetcorn & Chicken 110g",
        "price": 1,
        "unitPrice": "$0.91 / 100G"
    },
    {
        "category": "specials",
        "href": "https://www.woolworths.com.au/shop/productdetails/942107/nature-s-way-superfood-maca-tablets",
        "imgName": "942107.jpg",
        "imgSrc": "https://cdn0.woolworths.media/content/wowproductimages/medium/942107.jpg",
        "name": "Nature's Way Superfood Maca Tablets 60ea",
        "price": 20,
        "special": 15,
        "unitPrice": "$25.00 / 100EA"
    },
    {
        "category": "specials",
        "href": "https://www.woolworths.com.au/shop/productdetails/118616/johnson-s-baby-oil-aloe-vera",
        "imgName": "118616.jpg",
        "imgSrc": "https://cdn0.woolworths.media/content/wowproductimages/medium/118616.jpg",
        "name": "Johnson's Baby Oil Aloe Vera 500ml",
        "price": 8,
        "unitPrice": "$1.60 / 100ML"
    },
    {
        "category": "specials",
        "href": "https://www.woolworths.com.au/shop/productdetails/356796/schick-mens-razor-quattro-titanium-kit",
        "imgName": "356796.jpg",
        "imgSrc": "https://cdn0.woolworths.media/content/wowproductimages/medium/356796.jpg",
        "name": "Schick Mens Razor Quattro Titanium Kit each",
        "price": 9
    },
    {
        "category": "specials",
        "href": "https://www.woolworths.com.au/shop/productdetails/648978/the-spice-tailor-tangy-lime-chutni",
        "imgName": "648978.jpg",
        "imgSrc": "https://cdn0.woolworths.media/content/wowproductimages/medium/648978.jpg",
        "name": "The Spice Tailor Tangy Lime Chutni 70g",
        "price": 2,
        "special": 1.5,
        "unitPrice": "$2.14 / 100G"
    },
    {
        "category": "specials",
        "href": "https://www.woolworths.com.au/shop/productdetails/7648/greenseas-tuna-tomato-onion",
        "imgName": "007648.jpg",
        "imgSrc": "https://cdn0.woolworths.media/content/wowproductimages/medium/007648.jpg",
        "name": "Greenseas Tuna Tomato & Onion 95g",
        "price": 2,
        "special": 1,
        "unitPrice": "$10.53 / 1KG"
    },
    {
        "category": "specials",
        "href": "https://www.woolworths.com.au/shop/productdetails/7707/greenseas-tuna-natural-smoked-flavour",
        "imgName": "007707.jpg",
        "imgSrc": "https://cdn0.woolworths.media/content/wowproductimages/medium/007707.jpg",
        "name": "Greenseas Tuna Natural Smoked Flavour 95g",
        "price": 2,
        "special": 1,
        "unitPrice": "$10.53 / 1KG"
    },
    {
        "category": "specials",
        "href": "https://www.woolworths.com.au/shop/productdetails/8896/ferrero-rocher-chocolates",
        "imgName": "008896.jpg",
        "imgSrc": "https://cdn0.woolworths.media/content/wowproductimages/medium/008896.jpg",
        "name": "Ferrero Rocher Chocolates  16pk 200g box",
        "price": 12.6,
        "special": 6.3,
        "unitPrice": "$3.15 / 100G"
    },
    {
        "category": "specials",
        "href": "https://www.woolworths.com.au/shop/productdetails/19731/lindt-excellence-dark-chocolate-70-cocoa",
        "imgName": "019731.jpg",
        "imgSrc": "https://cdn0.woolworths.media/content/wowproductimages/medium/019731.jpg",
        "name": "Lindt Excellence Dark Chocolate 70% Cocoa 100g block",
        "price": 4.25,
        "special": 2.12,
        "unitPrice": "$2.12 / 100G"
    },
    {
        "category": "specials",
        "href": "https://www.woolworths.com.au/shop/productdetails/168695/olay-total-effects-7-in-1-moisturiser-uv-gentle",
        "imgName": "168695.jpg",
        "imgSrc": "https://cdn0.woolworths.media/content/wowproductimages/medium/168695.jpg",
        "name": "Olay Total Effects 7-in-1 Moisturiser Uv Gentle 50g",
        "price": 33.5,
        "special": 16.75,
        "unitPrice": "$33.50 / 100G"
    },
    {
        "category": "specials",
        "href": "https://www.woolworths.com.au/shop/productdetails/324314/lindt-excellence-dark-chocolate-roasted-almond",
        "imgName": "324314.jpg",
        "imgSrc": "https://cdn0.woolworths.media/content/wowproductimages/medium/324314.jpg",
        "name": "Lindt Excellence Dark Chocolate Roasted Almond 100g block",
        "price": 4.25,
        "special": 2.12,
        "unitPrice": "$2.12 / 100G"
    },
    {
        "category": "specials",
        "href": "https://www.woolworths.com.au/shop/productdetails/330962/peckish-thins-rice-crackers-salt-vinegar",
        "imgName": "330962.jpg",
        "imgSrc": "https://cdn0.woolworths.media/content/wowproductimages/medium/330962.jpg",
        "name": "Peckish Thins Rice Crackers Salt & Vinegar 100g",
        "price": 2.2,
        "special": 1,
        "unitPrice": "$1.00 / 100G"
    },
    {
        "category": "specials",
        "href": "https://www.woolworths.com.au/shop/productdetails/589552/extra-care-shampoo-fibre-therapy",
        "imgName": "589552.jpg",
        "imgSrc": "https://cdn0.woolworths.media/content/wowproductimages/medium/589552.jpg",
        "name": "Extra Care Shampoo Fibre Therapy 400ml",
        "price": 6.9,
        "special": 3.44,
        "unitPrice": "$0.86 / 100ML"
    },
    {
        "category": "specials",
        "href": "https://www.woolworths.com.au/shop/productdetails/614350/garnier-fructis-coconut-water-shampoo",
        "imgName": "614350.jpg",
        "imgSrc": "https://cdn0.woolworths.media/content/wowproductimages/medium/614350.jpg",
        "name": "Garnier Fructis Coconut Water Shampoo 700ml",
        "price": 12,
        "special": 6,
        "unitPrice": "$0.86 / 100ML"
    },
    {
        "category": "specials",
        "href": "https://www.woolworths.com.au/shop/productdetails/654497/mama-chow-korean-beef-dumplings",
        "imgName": "654497.jpg",
        "imgSrc": "https://cdn0.woolworths.media/content/wowproductimages/medium/654497.jpg",
        "name": "Mama Chow Korean Beef Dumplings 200g",
        "price": 6,
        "special": 3,
        "unitPrice": "$1.50 / 100G"
    },
    {
        "category": "specials",
        "href": "https://www.woolworths.com.au/shop/productdetails/661793/olay-day-night-duo-gift-pack",
        "imgName": "661793.jpg",
        "imgSrc": "https://cdn0.woolworths.media/content/wowproductimages/medium/661793.jpg",
        "name": "Olay Day & Night Duo Gift Pack each",
        "price": 35,
        "special": 17.5,
        "unitPrice": "$17.50 / 1EA"
    },
    {
        "category": "specials",
        "href": "https://www.woolworths.com.au/shop/productdetails/827470/lindt-excellence-dark-chocolate-raspberry-intense",
        "imgName": "827470.jpg",
        "imgSrc": "https://cdn0.woolworths.media/content/wowproductimages/medium/827470.jpg",
        "name": "Lindt Excellence Dark Chocolate Raspberry Intense 100g block",
        "price": 4.25,
        "special": 2.12,
        "unitPrice": "$2.12 / 100G"
    },
    {
        "category": "specials",
        "href": "https://www.woolworths.com.au/shop/productdetails/858538/garnier-fructis-full-luscious-shampoo",
        "imgName": "858538.jpg",
        "imgSrc": "https://cdn0.woolworths.media/content/wowproductimages/medium/858538.jpg",
        "name": "Garnier Fructis Full & Luscious Shampoo 700ml",
        "price": 12,
        "special": 6,
        "unitPrice": "$0.86 / 100ML"
    },
    {
        "category": "specials",
        "href": "https://www.woolworths.com.au/shop/productdetails/361121/bonds-womens-socks-logo-sports-1-4-size-8-11",
        "imgName": "361121.jpg",
        "imgSrc": "https://cdn0.woolworths.media/content/wowproductimages/medium/361121.jpg",
        "name": "Bonds Womens Socks Logo Sports 1/4 Size 8-11 3pk",
        "price": 14,
        "special": 7,
        "unitPrice": "$2.33 / 1EA"
    },
    {
        "category": "specials",
        "href": "https://www.woolworths.com.au/shop/productdetails/759184/bonds-ladies-underwear-hipster-boyleg-fashion-size-12",
        "imgName": "759184.jpg",
        "imgSrc": "https://cdn0.woolworths.media/content/wowproductimages/medium/759184.jpg",
        "name": "Bonds Ladies Underwear Hipster Boyleg Fashion Size 12 2pk",
        "price": 18,
        "special": 9
    },
    {
        "category": "specials",
        "href": "https://www.woolworths.com.au/shop/productdetails/829048/bonds-comfy-tops-fleecy-tights-black-av-tl",
        "imgName": "829048.jpg",
        "imgSrc": "https://cdn0.woolworths.media/content/wowproductimages/medium/829048.jpg",
        "name": "Bonds Comfy Tops Fleecy Tights Black Av-tl each",
        "price": 20,
        "special": 10
    },
    {
        "category": "specials",
        "href": "https://www.woolworths.com.au/shop/productdetails/244755/sunrice-microwave-long-grain-in-90-seconds",
        "imgName": "244755.jpg",
        "imgSrc": "https://cdn0.woolworths.media/content/wowproductimages/medium/244755.jpg",
        "name": "Sunrice Microwave Long Grain In 90 Seconds 250g",
        "price": 2.5,
        "unitPrice": "$1.00 / 100G"
    },
    {
        "category": "specials",
        "href": "https://www.woolworths.com.au/shop/productdetails/253637/woolworths-bread-rolls-entertainer",
        "imgName": "253637.jpg",
        "imgSrc": "https://cdn0.woolworths.media/content/wowproductimages/medium/253637.jpg",
        "name": "Woolworths Bread Rolls Entertainer 450g",
        "price": 4,
        "special": 3,
        "unitPrice": "$0.25 / 1EA"
    },
    {
        "category": "specials",
        "href": "https://www.woolworths.com.au/shop/productdetails/187681/berocca-performance-effervescent-tablets",
        "imgName": "187681.jpg",
        "imgSrc": "https://cdn0.woolworths.media/content/wowproductimages/medium/187681.jpg",
        "name": "Berocca Performance Effervescent Tablets 30pk",
        "price": 14.8,
        "special": 11,
        "unitPrice": "$36.67 / 100EA"
    },
    {
        "category": "specials",
        "href": "https://www.woolworths.com.au/shop/productdetails/446480/cadbury-lolly-bag",
        "imgName": "446480.jpg",
        "imgSrc": "https://cdn0.woolworths.media/content/wowproductimages/medium/446480.jpg",
        "name": "Cadbury Lolly Bag  160g bag",
        "price": 4,
        "special": 3,
        "unitPrice": "$1.88 / 100G"
    },
    {
        "category": "specials",
        "href": "https://www.woolworths.com.au/shop/productdetails/107477/garnier-nutrisse-1-0-liquorice-blck",
        "imgName": "107477.jpg",
        "imgSrc": "https://cdn0.woolworths.media/content/wowproductimages/medium/107477.jpg",
        "name": "Garnier Nutrisse 1.0 Liquorice Blck 1pk",
        "price": 12
    },
    {
        "category": "specials",
        "href": "https://www.woolworths.com.au/shop/productdetails/370242/country-cup-instant-soup-pepper-steak-mush-croutons",
        "imgName": "370242.jpg",
        "imgSrc": "https://cdn0.woolworths.media/content/wowproductimages/medium/370242.jpg",
        "name": "Country Cup Instant Soup Pepper Steak & Mush Croutons 2pk 50g",
        "price": 1.5,
        "unitPrice": "$3.00 / 100G"
    },
    {
        "category": "specials",
        "href": "https://www.woolworths.com.au/shop/productdetails/781700/darrell-lea-licorice-choc-stix-strawberry-choc",
        "imgName": "781700.jpg",
        "imgSrc": "https://cdn0.woolworths.media/content/wowproductimages/medium/781700.jpg",
        "name": "Darrell Lea Licorice Choc Stix Strawberry Choc 200g bag",
        "price": 3.5,
        "unitPrice": "$1.75 / 100G"
    },
    {
        "category": "specials",
        "href": "https://www.woolworths.com.au/shop/productdetails/830050/maybelline-baby-skin-pore-eraser",
        "imgName": "830050.jpg",
        "imgSrc": "https://cdn0.woolworths.media/content/wowproductimages/medium/830050.jpg",
        "name": "Maybelline Baby Skin Pore Eraser 20ml",
        "price": 15.95,
        "special": 11.15,
        "unitPrice": "$5.58 / 10ML"
    },
    {
        "category": "specials",
        "href": "https://www.woolworths.com.au/shop/productdetails/829061/bonds-comfy-tops-leggings-black-charcoal-sml-med",
        "imgName": "829061.jpg",
        "imgSrc": "https://cdn0.woolworths.media/content/wowproductimages/medium/829061.jpg",
        "name": "Bonds Comfy Tops  Leggings Black/charcoal Sml-med each",
        "price": 16,
        "special": 8
    },
    {
        "category": "specials",
        "href": "https://www.woolworths.com.au/shop/productdetails/587301/kettle-big-bag-chips-sea-salt",
        "imgName": "587301.jpg",
        "imgSrc": "https://cdn0.woolworths.media/content/wowproductimages/medium/587301.jpg",
        "name": "Kettle Big Bag Chips Sea Salt 300g",
        "price": 5,
        "unitPrice": "$1.67 / 100G"
    },
    {
        "category": "specials",
        "href": "https://www.woolworths.com.au/shop/productdetails/591730/mccormick-produce-partner-sour-cream-chive-potato-mash",
        "imgName": "591730.jpg",
        "imgSrc": "https://cdn0.woolworths.media/content/wowproductimages/medium/591730.jpg",
        "name": "Mccormick Produce Partner Sour Cream Chive Potato Mash 40g",
        "price": 1.69,
        "special": 1.5,
        "unitPrice": "$3.75 / 100G"
    },
    {
        "category": "specials",
        "href": "https://www.woolworths.com.au/shop/productdetails/43476/golden-circle-cordial-raspberry-crush",
        "imgName": "043476.jpg",
        "imgSrc": "https://cdn0.woolworths.media/content/wowproductimages/medium/043476.jpg",
        "name": "Golden Circle Cordial Raspberry Crush 2l",
        "price": 3,
        "unitPrice": "$1.50 / 1L"
    },
    {
        "category": "specials",
        "href": "https://www.woolworths.com.au/shop/productdetails/52635/bic-softfeel-retractable-pen-blue",
        "imgName": "052635.jpg",
        "imgSrc": "https://cdn0.woolworths.media/content/wowproductimages/medium/052635.jpg",
        "name": "Bic Softfeel Retractable Pen Blue 2pk",
        "price": 3.5,
        "special": 2.45
    },
    {
        "category": "specials",
        "href": "https://www.woolworths.com.au/shop/productdetails/226712/garnier-nutrisse-5-0-chocolate-brown",
        "imgName": "226712.jpg",
        "imgSrc": "https://cdn0.woolworths.media/content/wowproductimages/medium/226712.jpg",
        "name": "Garnier Nutrisse 5.0 Chocolate Brown 1pk",
        "price": 12
    },
    {
        "category": "specials",
        "href": "https://www.woolworths.com.au/shop/productdetails/661413/bosistos-aroma-mist-breathe",
        "imgName": "661413.jpg",
        "imgSrc": "https://cdn0.woolworths.media/content/wowproductimages/medium/661413.jpg",
        "name": "Bosistos Aroma Mist Breathe 125ml",
        "price": 12,
        "special": 9.6,
        "unitPrice": "$7.68 / 100ML"
    },
    {
        "category": "specials",
        "href": "https://www.woolworths.com.au/shop/productdetails/841530/rexona-women-antiperspirant-aerosol-deodorant-shower-fresh",
        "imgName": "841530.jpg",
        "imgSrc": "https://cdn0.woolworths.media/content/wowproductimages/medium/841530.jpg",
        "name": "Rexona Women Antiperspirant Aerosol Deodorant Shower Fresh 250ml",
        "price": 7,
        "special": 5,
        "unitPrice": "$2.00 / 100ML"
    },
    {
        "category": "specials",
        "href": "https://www.woolworths.com.au/shop/productdetails/854123/woolworths-essentials-sink-strainer",
        "imgName": "854123.jpg",
        "imgSrc": "https://cdn0.woolworths.media/content/wowproductimages/medium/854123.jpg",
        "name": "Woolworths Essentials Sink Strainer  3pk",
        "price": 2
    },
    {
        "category": "specials",
        "href": "https://www.woolworths.com.au/shop/productdetails/626851/toscano-seed-grain-sourdough",
        "imgName": "626851.jpg",
        "imgSrc": "https://cdn0.woolworths.media/content/wowproductimages/medium/626851.jpg",
        "name": "Toscano Seed & Grain Sourdough 400g",
        "price": 4.5,
        "special": 3.5,
        "unitPrice": "$0.88 / 100G"
    },
    {
        "category": "specials",
        "href": "https://www.woolworths.com.au/shop/productdetails/730599/garnier-skin-naturals-bb-cream-oil-free",
        "imgName": "730599.jpg",
        "imgSrc": "https://cdn0.woolworths.media/content/wowproductimages/medium/730599.jpg",
        "name": "Garnier Skin Naturals Bb Cream Oil Free 40ml",
        "price": 14.99,
        "special": 10.49,
        "unitPrice": "$26.23 / 100ML"
    },
    {
        "category": "specials",
        "href": "https://www.woolworths.com.au/shop/productdetails/826114/the-natural-confectionery-co-fruity-chews",
        "imgName": "826114.jpg",
        "imgSrc": "https://cdn0.woolworths.media/content/wowproductimages/medium/826114.jpg",
        "name": "The Natural Confectionery Co Fruity Chews  420g bag",
        "price": 5,
        "unitPrice": "$1.19 / 100G"
    },
    {
        "category": "specials",
        "href": "https://www.woolworths.com.au/shop/productdetails/765473/olsent-spiral-cfl-cool-day-light-bc-14w",
        "imgName": "765473.jpg",
        "imgSrc": "https://cdn0.woolworths.media/content/wowproductimages/medium/765473.jpg",
        "name": "Olsent Spiral Cfl Cool Day Light Bc 14w 2pk",
        "price": 10,
        "unitPrice": "$5.00 / 1EA"
    },
    {
        "category": "specials",
        "href": "https://www.woolworths.com.au/shop/productdetails/33561/cottee-s-jam-blackberry",
        "imgName": "033561.jpg",
        "imgSrc": "https://cdn0.woolworths.media/content/wowproductimages/medium/033561.jpg",
        "name": "Cottee's Jam Blackberry 500g",
        "price": 2.5,
        "unitPrice": "$0.50 / 100G"
    },
    {
        "category": "specials",
        "href": "https://www.woolworths.com.au/shop/productdetails/46214/palmolive-naturals-intensive-moisture-conditioner",
        "imgName": "046214.jpg",
        "imgSrc": "https://cdn0.woolworths.media/content/wowproductimages/medium/046214.jpg",
        "name": "Palmolive Naturals Intensive Moisture Conditioner 700ml",
        "price": 7,
        "unitPrice": "$1.00 / 100ML"
    },
    {
        "category": "specials",
        "href": "https://www.woolworths.com.au/shop/productdetails/346830/woolworths-pasta-spaghetti",
        "imgName": "346830.jpg",
        "imgSrc": "https://cdn0.woolworths.media/content/wowproductimages/medium/346830.jpg",
        "name": "Woolworths Pasta Spaghetti 500g",
        "price": 1,
        "unitPrice": "$0.20 / 100G"
    },
    {
        "category": "specials",
        "href": "https://www.woolworths.com.au/shop/productdetails/419423/armor-all-car-air-freshener-new-car",
        "imgName": "419423.jpg",
        "imgSrc": "https://cdn0.woolworths.media/content/wowproductimages/medium/419423.jpg",
        "name": "Armor All Car Air Freshener New Car each",
        "price": 6,
        "special": 4.8
    },
    {
        "category": "specials",
        "href": "https://www.woolworths.com.au/shop/productdetails/257448/gravox-gravy-liquid-chicken-with-herbs",
        "imgName": "257448.jpg",
        "imgSrc": "https://cdn0.woolworths.media/content/wowproductimages/medium/257448.jpg",
        "name": "Gravox Gravy Liquid Chicken With Herbs 165g",
        "price": 2,
        "unitPrice": "$1.21 / 100G"
    },
    {
        "category": "specials",
        "href": "https://www.woolworths.com.au/shop/productdetails/705163/scharzkopf-live-salon-hair-colour-3-0-dark-brown",
        "imgName": "705163.jpg",
        "imgSrc": "https://cdn0.woolworths.media/content/wowproductimages/medium/705163.jpg",
        "name": "Scharzkopf Live Salon Hair Colour 3.0 Dark Brown each",
        "price": 14,
        "special": 8.4
    },
    {
        "category": "specials",
        "href": "https://www.woolworths.com.au/shop/productdetails/892545/garnier-skin-naturals-miracle-sleeping-cream",
        "imgName": "892545.jpg",
        "imgSrc": "https://cdn0.woolworths.media/content/wowproductimages/medium/892545.jpg",
        "name": "Garnier Skin Naturals Miracle Sleeping Cream  50ml",
        "price": 19.95,
        "special": 13.95,
        "unitPrice": "$27.90 / 100ML"
    },
    {
        "category": "specials",
        "href": "https://www.woolworths.com.au/shop/productdetails/957070/moki-noise-isolation-earbuds-green",
        "imgName": "957070.jpg",
        "imgSrc": "https://cdn0.woolworths.media/content/wowproductimages/medium/957070.jpg",
        "name": "Moki Noise Isolation Earbuds Green each",
        "price": 19.99,
        "special": 15.99
    },
    {
        "category": "specials",
        "href": "https://www.woolworths.com.au/shop/productdetails/10101/l-oreal-paris-elvive-colour-protect-conditioner",
        "imgName": "010101.jpg",
        "imgSrc": "https://cdn0.woolworths.media/content/wowproductimages/medium/010101.jpg",
        "name": "L'oreal Paris Elvive Colour Protect Conditioner 700ml",
        "price": 10,
        "unitPrice": "$1.43 / 100ML"
    },
    {
        "category": "specials",
        "href": "https://www.woolworths.com.au/shop/productdetails/105999/continental-recipe-base-creamy-mushroom-chicken",
        "imgName": "105999.jpg",
        "imgSrc": "https://cdn0.woolworths.media/content/wowproductimages/medium/105999.jpg",
        "name": "Continental Recipe Base Creamy Mushroom Chicken 45g",
        "price": 1.6,
        "unitPrice": "$3.56 / 100G"
    },
    {
        "category": "specials",
        "href": "https://www.woolworths.com.au/shop/productdetails/354579/praise-dressings-greek",
        "imgName": "354579.jpg",
        "imgSrc": "https://cdn0.woolworths.media/content/wowproductimages/medium/354579.jpg",
        "name": "Praise Dressings Greek 330ml",
        "price": 3,
        "special": 1.75,
        "unitPrice": "$0.53 / 100ML"
    },
    {
        "category": "specials",
        "href": "https://www.woolworths.com.au/shop/productdetails/558949/mud-cover-up-concealer-natural-beige",
        "imgName": "558949.jpg",
        "imgSrc": "https://cdn0.woolworths.media/content/wowproductimages/medium/558949.jpg",
        "name": "Mud Cover Up Concealer Natural Beige 6ml",
        "price": 5.5,
        "unitPrice": "$9.17 / 10ML"
    },
    {
        "category": "specials",
        "href": "https://www.woolworths.com.au/shop/productdetails/419426/armor-all-car-air-freshener-vanilla",
        "imgName": "419426.jpg",
        "imgSrc": "https://cdn0.woolworths.media/content/wowproductimages/medium/419426.jpg",
        "name": "Armor All Car Air Freshener Vanilla each",
        "price": 6,
        "special": 4.8
    },
    {
        "category": "specials",
        "href": "https://www.woolworths.com.au/shop/productdetails/439979/wrigley-s-extra-gum-strawberry",
        "imgName": "439979.jpg",
        "imgSrc": "https://cdn0.woolworths.media/content/wowproductimages/medium/439979.jpg",
        "name": "Wrigley's Extra Gum Strawberry 14pce 3pk",
        "price": 4,
        "unitPrice": "$4.94 / 100G"
    },
    {
        "category": "specials",
        "href": "https://www.woolworths.com.au/shop/productdetails/441599/finish-powerball-max-in-1-tablets-lemon-sparkle",
        "imgName": "441599.jpg",
        "imgSrc": "https://cdn0.woolworths.media/content/wowproductimages/medium/441599.jpg",
        "name": "Finish Powerball Max In 1 Tablets Lemon Sparkle 25pk",
        "price": 11,
        "unitPrice": "$0.44 / 1EA"
    },
    {
        "category": "specials",
        "href": "https://www.woolworths.com.au/shop/productdetails/782522/inspire-bakeware-muffin-pan",
        "imgName": "782522.jpg",
        "imgSrc": "https://cdn0.woolworths.media/content/wowproductimages/medium/782522.jpg",
        "name": "Inspire Bakeware Muffin Pan 12 cup",
        "price": 8,
        "special": 5.6
    },
    {
        "category": "specials",
        "href": "https://www.woolworths.com.au/shop/productdetails/136589/gillette-blue-ii-disposable-shaving-razor-ultra-grip-pivot",
        "imgName": "136589.jpg",
        "imgSrc": "https://cdn0.woolworths.media/content/wowproductimages/medium/136589.jpg",
        "name": "Gillette Blue Ii Disposable Shaving Razor Ultra Grip Pivot 5pk",
        "price": 5,
        "unitPrice": "$1.00 / 1EA"
    },
    {
        "category": "specials",
        "href": "https://www.woolworths.com.au/shop/productdetails/161620/maybelline-shine-free-powder-medium",
        "imgName": "161620.jpg",
        "imgSrc": "https://cdn0.woolworths.media/content/wowproductimages/medium/161620.jpg",
        "name": "Maybelline Shine Free Powder Medium 19.8g",
        "price": 16.95,
        "special": 11.85,
        "unitPrice": "$5.98 / 10G"
    },
    {
        "category": "specials",
        "href": "https://www.woolworths.com.au/shop/productdetails/720595/ansell-lifestyles-condoms-skyn",
        "imgName": "720595.jpg",
        "imgSrc": "https://cdn0.woolworths.media/content/wowproductimages/medium/720595.jpg",
        "name": "Ansell Lifestyles Condoms Skyn 20pk",
        "price": 17,
        "special": 16,
        "unitPrice": "$0.80 / 1EA"
    },
    {
        "category": "specials",
        "href": "https://www.woolworths.com.au/shop/productdetails/726207/toni-guy-shampoo-for-fine-hair",
        "imgName": "726207.jpg",
        "imgSrc": "https://cdn0.woolworths.media/content/wowproductimages/medium/726207.jpg",
        "name": "Toni & Guy Shampoo For Fine Hair 250ml",
        "price": 16,
        "unitPrice": "$6.40 / 100ML"
    },
    {
        "category": "specials",
        "href": "https://www.woolworths.com.au/shop/productdetails/726350/woolworths-almonds-slivered",
        "imgName": "726350.jpg",
        "imgSrc": "https://cdn0.woolworths.media/content/wowproductimages/medium/726350.jpg",
        "name": "Woolworths Almonds Slivered 120g",
        "price": 4,
        "special": 3.5,
        "unitPrice": "$29.17 / 1KG"
    },
    {
        "category": "specials",
        "href": "https://www.woolworths.com.au/shop/productdetails/473158/gillette-blue-ii-disposable-shaving-razor-ultra-grip-pivot",
        "imgName": "473158.jpg",
        "imgSrc": "https://cdn0.woolworths.media/content/wowproductimages/medium/473158.jpg",
        "name": "Gillette Blue Ii Disposable Shaving Razor Ultra Grip Pivot 10pk",
        "price": 9,
        "unitPrice": "$0.90 / 1EA"
    },
    {
        "category": "specials",
        "href": "https://www.woolworths.com.au/shop/productdetails/476723/woolworths-ice-cream-salted-caramel",
        "imgName": "476723.jpg",
        "imgSrc": "https://cdn0.woolworths.media/content/wowproductimages/medium/476723.jpg",
        "name": "Woolworths Ice Cream Salted Caramel 1l",
        "price": 4.7,
        "unitPrice": "$0.47 / 100ML"
    },
    {
        "category": "specials",
        "href": "https://www.woolworths.com.au/shop/productdetails/575845/twinings-digest",
        "imgName": "575845.jpg",
        "imgSrc": "https://cdn0.woolworths.media/content/wowproductimages/medium/575845.jpg",
        "name": "Twinings Digest  18pk",
        "price": 4,
        "unitPrice": "$0.22 / 1EA"
    },
    {
        "category": "specials",
        "href": "https://www.woolworths.com.au/shop/productdetails/713599/macro-organic-food-6-months-chicken-sweetcorn-pasta",
        "imgName": "713599.jpg",
        "imgSrc": "https://cdn0.woolworths.media/content/wowproductimages/medium/713599.jpg",
        "name": "Macro Organic Food 6 Months Chicken Sweetcorn & Pasta 120g",
        "price": 1.5,
        "unitPrice": "$1.25 / 100G"
    },
    {
        "category": "specials",
        "href": "https://www.woolworths.com.au/shop/productdetails/786897/sunrice-thai-green-chicken-curry-with-jasmine-rice",
        "imgName": "786897.jpg",
        "imgSrc": "https://cdn0.woolworths.media/content/wowproductimages/medium/786897.jpg",
        "name": "Sunrice Thai Green Chicken Curry With Jasmine Rice 350g",
        "price": 4.5,
        "unitPrice": "$1.29 / 100G"
    },
    {
        "category": "specials",
        "href": "https://www.woolworths.com.au/shop/productdetails/791784/kraft-cheese-singles-light-25-less-fat",
        "imgName": "791784.jpg",
        "imgSrc": "https://cdn0.woolworths.media/content/wowproductimages/medium/791784.jpg",
        "name": "Kraft Cheese Singles Light 25% Less Fat 24pk 432g",
        "price": 6.45,
        "special": 5,
        "unitPrice": "$11.57 / 1KG"
    },
    {
        "category": "specials",
        "href": "https://www.woolworths.com.au/shop/productdetails/886760/woolworths-delicious-nutritious-meals-asian-style-chicken",
        "imgName": "886760.jpg",
        "imgSrc": "https://cdn0.woolworths.media/content/wowproductimages/medium/886760.jpg",
        "name": "Woolworths Delicious Nutritious Meals Asian Style Chicken 375g",
        "price": 6.5,
        "unitPrice": "$1.73 / 100G"
    },
    {
        "category": "specials",
        "href": "https://www.woolworths.com.au/shop/productdetails/840267/sealord-hoki-fillets-classic-crumb",
        "imgName": "840267.jpg",
        "imgSrc": "https://cdn0.woolworths.media/content/wowproductimages/medium/840267.jpg",
        "name": "Sealord Hoki Fillets Classic Crumb 425g",
        "price": 8.79,
        "special": 7,
        "unitPrice": "$16.47 / 1KG"
    },
    {
        "category": "specials",
        "href": "https://www.woolworths.com.au/shop/productdetails/847777/friskies-senior-splendour",
        "imgName": "847777.jpg",
        "imgSrc": "https://cdn0.woolworths.media/content/wowproductimages/medium/847777.jpg",
        "name": "Friskies Senior Splendour 1kg",
        "price": 4,
        "unitPrice": "$0.40 / 100G"
    },
    {
        "category": "specials",
        "href": "https://www.woolworths.com.au/shop/productdetails/456372/continental-pumpkin-risotto-bacon-sour-cream",
        "imgName": "456372.jpg",
        "imgSrc": "https://cdn0.woolworths.media/content/wowproductimages/medium/456372.jpg",
        "name": "Continental Pumpkin Risotto Bacon & Sour Cream 115g",
        "price": 2.75,
        "special": 2,
        "unitPrice": "$1.74 / 100G"
    },
    {
        "category": "specials",
        "href": "https://www.woolworths.com.au/shop/productdetails/458074/vanish-gold-preen-power-gel",
        "imgName": "458074.jpg",
        "imgSrc": "https://cdn0.woolworths.media/content/wowproductimages/medium/458074.jpg",
        "name": "Vanish Gold Preen Power Gel  200ml",
        "price": 5,
        "unitPrice": "$25.00 / 1L"
    },
    {
        "category": "specials",
        "href": "https://www.woolworths.com.au/shop/productdetails/750514/heinz-soup-of-the-day-soup-pouch-old-fashioned-chicken",
        "imgName": "750514.jpg",
        "imgSrc": "https://cdn0.woolworths.media/content/wowproductimages/medium/750514.jpg",
        "name": "Heinz Soup Of The Day Soup Pouch Old Fashioned Chicken 430g",
        "price": 3,
        "unitPrice": "$0.70 / 100G"
    },
    {
        "category": "specials",
        "href": "https://www.woolworths.com.au/shop/productdetails/497574/babylove-nappy-pants-wriggler",
        "imgName": "497574.jpg",
        "imgSrc": "https://cdn0.woolworths.media/content/wowproductimages/medium/497574.jpg",
        "name": "Babylove Nappy Pants Wriggler 34pk",
        "price": 17,
        "special": 12,
        "unitPrice": "$0.35 / 1EA"
    },
    {
        "category": "specials",
        "href": "https://www.woolworths.com.au/shop/productdetails/647837/listerine-bright-white-mouth-wash",
        "imgName": "647837.jpg",
        "imgSrc": "https://cdn0.woolworths.media/content/wowproductimages/medium/647837.jpg",
        "name": "Listerine Bright White Mouth Wash 500ml",
        "price": 8.5,
        "special": 6,
        "unitPrice": "$1.20 / 100ML"
    },
    {
        "category": "specials",
        "href": "https://www.woolworths.com.au/shop/productdetails/754055/l-oreal-preference-ombre-dark-blonde-to-medium-brown",
        "imgName": "754055.jpg",
        "imgSrc": "https://cdn0.woolworths.media/content/wowproductimages/medium/754055.jpg",
        "name": "L'oreal Preference Ombre Dark Blonde To Medium Brown each",
        "price": 19,
        "special": 13,
        "unitPrice": "$13.00 / 1EA"
    },
    {
        "category": "specials",
        "href": "https://www.woolworths.com.au/shop/productdetails/893908/asian-tonight-simmer-sauce-lemon-chicken",
        "imgName": "893908.jpg",
        "imgSrc": "https://cdn0.woolworths.media/content/wowproductimages/medium/893908.jpg",
        "name": "Asian Tonight Simmer Sauce Lemon Chicken 520g",
        "price": 3.15,
        "unitPrice": "$0.61 / 100G"
    },
    {
        "category": "specials",
        "href": "https://www.woolworths.com.au/shop/productdetails/9782/suimin-oriental-chicken-cup",
        "imgName": "009782.jpg",
        "imgSrc": "https://cdn0.woolworths.media/content/wowproductimages/medium/009782.jpg",
        "name": "Suimin Oriental Chicken Cup 70g",
        "price": 1.4,
        "special": 1.2,
        "unitPrice": "$1.71 / 100G"
    },
    {
        "category": "specials",
        "href": "https://www.woolworths.com.au/shop/productdetails/226463/bega-so-light-50-reduced-fat-cheese-slices",
        "imgName": "226463.jpg",
        "imgSrc": "https://cdn0.woolworths.media/content/wowproductimages/medium/226463.jpg",
        "name": "Bega So Light 50% Reduced Fat Cheese Slices 30pk 500g",
        "price": 8.5,
        "unitPrice": "$17.00 / 1KG"
    },
    {
        "category": "specials",
        "href": "https://www.woolworths.com.au/shop/productdetails/714190/woolworths-select-drain-cleaner-crystals",
        "imgName": "714190.jpg",
        "imgSrc": "https://cdn0.woolworths.media/content/wowproductimages/medium/714190.jpg",
        "name": "Woolworths Select Drain Cleaner Crystals 500g",
        "price": 6.98,
        "unitPrice": "$1.40 / 100G"
    },
    {
        "category": "specials",
        "href": "https://www.woolworths.com.au/shop/productdetails/715951/frico-gouda-cumin-cheese-wedge",
        "imgName": "715951.jpg",
        "imgSrc": "https://cdn0.woolworths.media/content/wowproductimages/medium/715951.jpg",
        "name": "Frico Gouda Cumin Cheese Wedge 255g",
        "price": 6.99,
        "special": 6,
        "unitPrice": "$23.53 / 1KG"
    },
    {
        "category": "specials",
        "href": "https://www.woolworths.com.au/shop/productdetails/940476/authentic-asia-prawn-wonton-ramen-with-green-choy-sum",
        "imgName": "940476.jpg",
        "imgSrc": "https://cdn0.woolworths.media/content/wowproductimages/medium/940476.jpg",
        "name": "Authentic Asia Prawn Wonton Ramen With Green Choy Sum 305g",
        "price": 5,
        "unitPrice": "$1.64 / 100G"
    },
    {
        "category": "specials",
        "href": "https://www.woolworths.com.au/shop/productdetails/225276/lean-cuisine-bowl-beef-stroganoff-beef-stroganoff-with-pasta",
        "imgName": "225276.jpg",
        "imgSrc": "https://cdn0.woolworths.media/content/wowproductimages/medium/225276.jpg",
        "name": "Lean Cuisine Bowl Beef Stroganoff Beef Stroganoff With Pasta 280g",
        "price": 5.7,
        "special": 5,
        "unitPrice": "$1.79 / 100G"
    },
    {
        "category": "specials",
        "href": "https://www.woolworths.com.au/shop/productdetails/226784/eveready-gold-aa-batteries",
        "imgName": "226784.jpg",
        "imgSrc": "https://cdn0.woolworths.media/content/wowproductimages/medium/226784.jpg",
        "name": "Eveready Gold Aa Batteries  10pk",
        "price": 8,
        "unitPrice": "$0.80 / 1EA"
    },
    {
        "category": "specials",
        "href": "https://www.woolworths.com.au/shop/productdetails/194494/primo-ham-honey-shaved",
        "imgName": "194494.jpg",
        "imgSrc": "https://cdn0.woolworths.media/content/wowproductimages/medium/194494.jpg",
        "name": "Primo Ham Honey Shaved 100g",
        "price": 3,
        "unitPrice": "$30.00 / 1KG"
    },
    {
        "category": "specials",
        "href": "https://www.woolworths.com.au/shop/productdetails/490031/nestle-bakers-choice-dark-choc-melts-value-pack",
        "imgName": "490031.jpg",
        "imgSrc": "https://cdn0.woolworths.media/content/wowproductimages/medium/490031.jpg",
        "name": "Nestle Bakers' Choice Dark Choc Melts Value Pack 450g",
        "price": 5,
        "unitPrice": "$1.11 / 100G"
    },
    {
        "category": "specials",
        "href": "https://www.woolworths.com.au/shop/productdetails/335178/essentials-plastic-tumblers-200ml",
        "imgName": "335178.jpg",
        "imgSrc": "https://cdn0.woolworths.media/content/wowproductimages/medium/335178.jpg",
        "name": "Essentials Plastic Tumblers 200ml 100pk",
        "price": 5,
        "unitPrice": "$0.05 / 1EA"
    },
    {
        "category": "specials",
        "href": "https://www.woolworths.com.au/shop/productdetails/503707/clean-clear-essential-foam-face-wash",
        "imgName": "503707.jpg",
        "imgSrc": "https://cdn0.woolworths.media/content/wowproductimages/medium/503707.jpg",
        "name": "Clean & Clear Essential Foam Face Wash  150ml",
        "price": 8,
        "unitPrice": "$5.33 / 100ML"
    },
    {
        "category": "specials",
        "href": "https://www.woolworths.com.au/shop/productdetails/317223/woolworths-milk-chocolate",
        "imgName": "317223.jpg",
        "imgSrc": "https://cdn0.woolworths.media/content/wowproductimages/medium/317223.jpg",
        "name": "Woolworths Milk Chocolate  200g block",
        "price": 2.5,
        "unitPrice": "$1.25 / 100G"
    },
    {
        "category": "specials",
        "href": "https://www.woolworths.com.au/shop/productdetails/40709/bega-farmers-tasty-cheese",
        "imgName": "040709.jpg",
        "imgSrc": "https://cdn0.woolworths.media/content/wowproductimages/medium/040709.jpg",
        "name": "Bega Farmers' Tasty Cheese 250g",
        "price": 5.3,
        "special": 4,
        "unitPrice": "$16.00 / 1KG"
    },
    {
        "category": "specials",
        "href": "https://www.woolworths.com.au/shop/productdetails/37544/nanna-s-multipack-pies-desserts-apricot-pie",
        "imgName": "037544.jpg",
        "imgSrc": "https://cdn0.woolworths.media/content/wowproductimages/medium/037544.jpg",
        "name": "Nanna's Multipack Pies & Desserts Apricot Pie 4pk 450g",
        "price": 4,
        "unitPrice": "$0.89 / 100G"
    },
    {
        "category": "specials",
        "href": "https://www.woolworths.com.au/shop/productdetails/37552/nanna-s-multipack-pies-desserts-apple-blackberry-pie",
        "imgName": "037552.jpg",
        "imgSrc": "https://cdn0.woolworths.media/content/wowproductimages/medium/037552.jpg",
        "name": "Nanna's Multipack Pies & Desserts Apple & Blackberry Pie 4pk 450g",
        "price": 4,
        "unitPrice": "$0.89 / 100G"
    },
    {
        "category": "specials",
        "href": "https://www.woolworths.com.au/shop/productdetails/24459/bonds-womens-underwear-cottontails-size-16",
        "imgName": "024459.jpg",
        "imgSrc": "https://cdn0.woolworths.media/content/wowproductimages/medium/024459.jpg",
        "name": "Bonds Womens Underwear Cottontails Size 16 2pk",
        "price": 13,
        "special": 6.5
    },
    {
        "category": "specials",
        "href": "https://www.woolworths.com.au/shop/productdetails/36269/arnott-s-cheds",
        "imgName": "036269.jpg",
        "imgSrc": "https://cdn0.woolworths.media/content/wowproductimages/medium/036269.jpg",
        "name": "Arnott's Cheds  250g",
        "price": 3.8,
        "special": 3,
        "unitPrice": "$1.20 / 100G"
    },
    {
        "category": "specials",
        "href": "https://www.woolworths.com.au/shop/productdetails/49875/san-remo-spirals-large-pasta-no-53",
        "imgName": "049875.jpg",
        "imgSrc": "https://cdn0.woolworths.media/content/wowproductimages/medium/049875.jpg",
        "name": "San Remo Spirals Large Pasta No 53 750g",
        "price": 2.9,
        "unitPrice": "$0.39 / 100G"
    },
    {
        "category": "specials",
        "href": "https://www.woolworths.com.au/shop/productdetails/47701/marco-polo-pitted-cherries-pitted-fresh",
        "imgName": "047701.jpg",
        "imgSrc": "https://cdn0.woolworths.media/content/wowproductimages/medium/047701.jpg",
        "name": "Marco Polo Pitted Cherries Pitted Fresh 670g",
        "price": 4,
        "special": 3.5,
        "unitPrice": "$5.22 / 1KG"
    },
    {
        "category": "specials",
        "href": "https://www.woolworths.com.au/shop/productdetails/35103/fantastic-rice-crackers-bbq",
        "imgName": "035103.jpg",
        "imgSrc": "https://cdn0.woolworths.media/content/wowproductimages/medium/035103.jpg",
        "name": "Fantastic Rice Crackers Bbq 100g",
        "price": 1.95,
        "special": 1.5,
        "unitPrice": "$1.50 / 100G"
    },
    {
        "category": "specials",
        "href": "https://www.woolworths.com.au/shop/productdetails/62735/fantastic-chicken-noodle-cup",
        "imgName": "062735.jpg",
        "imgSrc": "https://cdn0.woolworths.media/content/wowproductimages/medium/062735.jpg",
        "name": "Fantastic Chicken Noodle Cup 70g",
        "price": 1.6,
        "special": 1.4,
        "unitPrice": "$2.00 / 100G"
    },
    {
        "category": "specials",
        "href": "https://www.woolworths.com.au/shop/productdetails/118589/senokot-laxatives-senna-tablets",
        "imgName": "118589.jpg",
        "imgSrc": "https://cdn0.woolworths.media/content/wowproductimages/medium/118589.jpg",
        "name": "Senokot Laxatives Senna Tablets 100pk",
        "price": 8.5,
        "special": 7,
        "unitPrice": "$0.07 / 1EA"
    },
    {
        "category": "specials",
        "href": "https://www.woolworths.com.au/shop/productdetails/178907/armor-all-car-care-all-wheel-cleaner",
        "imgName": "178907.jpg",
        "imgSrc": "https://cdn0.woolworths.media/content/wowproductimages/medium/178907.jpg",
        "name": "Armor All Car Care All Wheel Cleaner 500ml",
        "price": 12,
        "special": 9.6,
        "unitPrice": "$1.92 / 100ML"
    },
    {
        "category": "specials",
        "href": "https://www.woolworths.com.au/shop/productdetails/214435/loacker-wafers-pasticceria-noisette",
        "imgName": "214435.jpg",
        "imgSrc": "https://cdn0.woolworths.media/content/wowproductimages/medium/214435.jpg",
        "name": "Loacker Wafers Pasticceria Noisette 100g",
        "price": 4,
        "special": 2.5,
        "unitPrice": "$2.50 / 100G"
    },
    {
        "category": "specials",
        "href": "https://www.woolworths.com.au/shop/productdetails/199643/sakata-rice-crackers-classic-bbq",
        "imgName": "199643.jpg",
        "imgSrc": "https://cdn0.woolworths.media/content/wowproductimages/medium/199643.jpg",
        "name": "Sakata Rice Crackers Classic Bbq 100g",
        "price": 2.3,
        "special": 2,
        "unitPrice": "$2.00 / 100G"
    },
    {
        "category": "specials",
        "href": "https://www.woolworths.com.au/shop/productdetails/252243/easy-off-bam-power-bathroom-universal-degreaser-trigger",
        "imgName": "252243.jpg",
        "imgSrc": "https://cdn0.woolworths.media/content/wowproductimages/medium/252243.jpg",
        "name": "Easy Off Bam Power Bathroom Universal Degreaser Trigger 500ml",
        "price": 5,
        "unitPrice": "$1.00 / 100ML"
    },
    {
        "category": "specials",
        "href": "https://www.woolworths.com.au/shop/productdetails/205585/bonds-mens-underwear-guy-front-trunk-size-large",
        "imgName": "205585.jpg",
        "imgSrc": "https://cdn0.woolworths.media/content/wowproductimages/medium/205585.jpg",
        "name": "Bonds Mens Underwear Guy Front Trunk Size Large each",
        "price": 22,
        "special": 11
    },
    {
        "category": "specials",
        "href": "https://www.woolworths.com.au/shop/productdetails/181237/tetley-tea-chest-tea-bags",
        "imgName": "181237.jpg",
        "imgSrc": "https://cdn0.woolworths.media/content/wowproductimages/medium/181237.jpg",
        "name": "Tetley Tea Chest Tea Bags 240pk 480g",
        "price": 6.39,
        "special": 5,
        "unitPrice": "$1.04 / 100G"
    },
    {
        "category": "specials",
        "href": "https://www.woolworths.com.au/shop/productdetails/173977/vo5-hairspray-extra-hold",
        "imgName": "173977.jpg",
        "imgSrc": "https://cdn0.woolworths.media/content/wowproductimages/medium/173977.jpg",
        "name": "Vo5 Hairspray Extra Hold 200g",
        "price": 4,
        "unitPrice": "$2.00 / 100G"
    },
    {
        "category": "specials",
        "href": "https://www.woolworths.com.au/shop/productdetails/194651/libra-invisible-pads-ultra-thin-regular-value-pack",
        "imgName": "194651.jpg",
        "imgSrc": "https://cdn0.woolworths.media/content/wowproductimages/medium/194651.jpg",
        "name": "Libra Invisible Pads Ultra Thin Regular Value Pack 20pk",
        "price": 8,
        "unitPrice": "$0.40 / 1EA"
    },
    {
        "category": "specials",
        "href": "https://www.woolworths.com.au/shop/productdetails/210811/palmolive-aroma-body-wash-gel-for-anti-stress",
        "imgName": "210811.jpg",
        "imgSrc": "https://cdn0.woolworths.media/content/wowproductimages/medium/210811.jpg",
        "name": "Palmolive Aroma Body Wash Gel For Anti Stress 500ml",
        "price": 5.4,
        "special": 5,
        "unitPrice": "$1.00 / 100ML"
    },
    {
        "category": "specials",
        "href": "https://www.woolworths.com.au/shop/productdetails/248556/nescafe-coffee-sachets-cappucino-skim",
        "imgName": "248556.jpg",
        "imgSrc": "https://cdn0.woolworths.media/content/wowproductimages/medium/248556.jpg",
        "name": "Nescafe Coffee Sachets Cappucino Skim 10pk",
        "price": 6.59,
        "special": 3.29,
        "unitPrice": "$2.63 / 100G"
    },
    {
        "category": "specials",
        "href": "https://www.woolworths.com.au/shop/productdetails/192364/sargents-pies-chunky-chicken-supreme",
        "imgName": "192364.jpg",
        "imgSrc": "https://cdn0.woolworths.media/content/wowproductimages/medium/192364.jpg",
        "name": "Sargents Pies Chunky Chicken Supreme 4pk 700g",
        "price": 8.5,
        "special": 7,
        "unitPrice": "$1.00 / 100G"
    },
    {
        "category": "specials",
        "href": "https://www.woolworths.com.au/shop/productdetails/334723/woolworths-strawberry-jam",
        "imgName": "334723.jpg",
        "imgSrc": "https://cdn0.woolworths.media/content/wowproductimages/medium/334723.jpg",
        "name": "Woolworths Strawberry Jam 500g",
        "price": 2.5,
        "unitPrice": "$0.50 / 100G"
    },
    {
        "category": "specials",
        "href": "https://www.woolworths.com.au/shop/productdetails/352041/sunrice-quick-cups-microwave-long-grain-white-rice",
        "imgName": "352041.jpg",
        "imgSrc": "https://cdn0.woolworths.media/content/wowproductimages/medium/352041.jpg",
        "name": "Sunrice Quick Cups Microwave Long Grain White Rice 250g",
        "price": 2.5,
        "unitPrice": "$1.00 / 100G"
    },
    {
        "category": "specials",
        "href": "https://www.woolworths.com.au/shop/productdetails/251527/woolworths-select-dressings-balsamic-italian-99-fat-free",
        "imgName": "251527.jpg",
        "imgSrc": "https://cdn0.woolworths.media/content/wowproductimages/medium/251527.jpg",
        "name": "Woolworths Select Dressings Balsamic Italian 99% Fat Free 300ml",
        "price": 1.8,
        "unitPrice": "$0.60 / 100ML"
    },
    {
        "category": "specials",
        "href": "https://www.woolworths.com.au/shop/productdetails/205309/nature-s-own-liver-tonic-tablets",
        "imgName": "205309.jpg",
        "imgSrc": "https://cdn0.woolworths.media/content/wowproductimages/medium/205309.jpg",
        "name": "Nature's Own Liver Tonic Tablets 50",
        "price": 11,
        "unitPrice": "$22.00 / 100EA"
    },
    {
        "category": "specials",
        "href": "https://www.woolworths.com.au/shop/productdetails/258268/biore-triple-action-toner",
        "imgName": "258268.jpg",
        "imgSrc": "https://cdn0.woolworths.media/content/wowproductimages/medium/258268.jpg",
        "name": "Biore Triple Action Toner  250ml",
        "price": 8.99,
        "special": 6.25,
        "unitPrice": "$2.50 / 100ML"
    },
    {
        "category": "specials",
        "href": "https://www.woolworths.com.au/shop/productdetails/224605/clean-clear-morning-burst-scrub-morning-burst",
        "imgName": "224605.jpg",
        "imgSrc": "https://cdn0.woolworths.media/content/wowproductimages/medium/224605.jpg",
        "name": "Clean & Clear Morning Burst Scrub Morning Burst 141g",
        "price": 9.5,
        "unitPrice": "$6.74 / 100G"
    },
    {
        "category": "specials",
        "href": "https://www.woolworths.com.au/shop/productdetails/331770/south-cape-vintage-club-cheddar-cheese",
        "imgName": "331770.jpg",
        "imgSrc": "https://cdn0.woolworths.media/content/wowproductimages/medium/331770.jpg",
        "name": "South Cape Vintage Club Cheddar Cheese 140g",
        "price": 6,
        "special": 4.5,
        "unitPrice": "$32.14 / 1KG"
    },
    {
        "category": "specials",
        "href": "https://www.woolworths.com.au/shop/productdetails/331773/south-cape-vintage-smoked-applebox-club-cheddar-cheese",
        "imgName": "331773.jpg",
        "imgSrc": "https://cdn0.woolworths.media/content/wowproductimages/medium/331773.jpg",
        "name": "South Cape Vintage Smoked Applebox Club Cheddar Cheese 140g",
        "price": 6,
        "special": 4.5,
        "unitPrice": "$32.14 / 1KG"
    },
    {
        "category": "specials",
        "href": "https://www.woolworths.com.au/shop/productdetails/377295/piksters-dental-floss-interdental-brush-large",
        "imgName": "377295.jpg",
        "imgSrc": "https://cdn0.woolworths.media/content/wowproductimages/medium/377295.jpg",
        "name": "Piksters Dental Floss Interdental Brush Large 10pk",
        "price": 7,
        "unitPrice": "$0.70 / 1EA"
    },
    {
        "category": "specials",
        "href": "https://www.woolworths.com.au/shop/productdetails/380771/maybelline-volum-express-mascara-black-drama",
        "imgName": "380771.jpg",
        "imgSrc": "https://cdn0.woolworths.media/content/wowproductimages/medium/380771.jpg",
        "name": "Maybelline Volum Express Mascara Black Drama 8ml",
        "price": 20,
        "special": 14,
        "unitPrice": "$17.50 / 10ML"
    },
    {
        "category": "specials",
        "href": "https://www.woolworths.com.au/shop/productdetails/324756/cenovis-echinacea-garlic-zinc-c-tablets-value-pack",
        "imgName": "324756.jpg",
        "imgSrc": "https://cdn0.woolworths.media/content/wowproductimages/medium/324756.jpg",
        "name": "Cenovis Echinacea, Garlic, Zinc & C Tablets Value Pack 125",
        "price": 23,
        "unitPrice": "$18.40 / 100EA"
    },
    {
        "category": "specials",
        "href": "https://www.woolworths.com.au/shop/productdetails/551819/gloria-jeans-special-intense-coffee-capsules",
        "imgName": "551819.jpg",
        "imgSrc": "https://cdn0.woolworths.media/content/wowproductimages/medium/551819.jpg",
        "name": "Gloria Jeans Special Intense Coffee Capsules 10pk 80g",
        "price": 5,
        "special": 4,
        "unitPrice": "$5.00 / 100G"
    },
    {
        "category": "specials",
        "href": "https://www.woolworths.com.au/shop/productdetails/371381/my-dog-adult-dog-food-fish-sardines-tuna-veg",
        "imgName": "371381.jpg",
        "imgSrc": "https://cdn0.woolworths.media/content/wowproductimages/medium/371381.jpg",
        "name": "My Dog Adult Dog Food Fish Sardines Tuna & Veg 400g",
        "price": 2.1,
        "special": 1.8,
        "unitPrice": "$0.45 / 100G"
    },
    {
        "category": "specials",
        "href": "https://www.woolworths.com.au/shop/productdetails/434123/woolworths-chips-crinkle-cut",
        "imgName": "434123.jpg",
        "imgSrc": "https://cdn0.woolworths.media/content/wowproductimages/medium/434123.jpg",
        "name": "Woolworths Chips Crinkle Cut 20pk 380g",
        "price": 4,
        "unitPrice": "$1.05 / 100G"
    },
    {
        "category": "specials",
        "href": "https://www.woolworths.com.au/shop/productdetails/440037/natralus-paw-paw-lip-butter-strawberry",
        "imgName": "440037.jpg",
        "imgSrc": "https://cdn0.woolworths.media/content/wowproductimages/medium/440037.jpg",
        "name": "Natralus Paw Paw Lip Butter Strawberry 10g",
        "price": 4.99,
        "special": 3.99,
        "unitPrice": "$39.90 / 100G"
    },
    {
        "category": "specials",
        "href": "https://www.woolworths.com.au/shop/productdetails/256482/duck-under-the-rim-liquid-toilet-cleaner-lavendar",
        "imgName": "256482.jpg",
        "imgSrc": "https://cdn0.woolworths.media/content/wowproductimages/medium/256482.jpg",
        "name": "Duck Under The Rim Liquid Toilet Cleaner Lavendar 2x50ml",
        "price": 5.5,
        "unitPrice": "$5.50 / 100ML"
    },
    {
        "category": "specials",
        "href": "https://www.woolworths.com.au/shop/productdetails/273734/easiyo-greek-yoghurt-honey-yoghurt-base",
        "imgName": "273734.jpg",
        "imgSrc": "https://cdn0.woolworths.media/content/wowproductimages/medium/273734.jpg",
        "name": "Easiyo Greek Yoghurt & Honey Yoghurt Base 210g",
        "price": 4.5,
        "unitPrice": "$2.14 / 100G"
    },
    {
        "category": "specials",
        "href": "https://www.woolworths.com.au/shop/productdetails/363060/gu-chocolate-puddings",
        "imgName": "363060.jpg",
        "imgSrc": "https://cdn0.woolworths.media/content/wowproductimages/medium/363060.jpg",
        "name": "Gu Chocolate Puddings 2pk 200g",
        "price": 5,
        "unitPrice": "$2.50 / 100G"
    },
    {
        "category": "specials",
        "href": "https://www.woolworths.com.au/shop/productdetails/425611/olsent-light-globe-led-gls-es-8w-800lm",
        "imgName": "425611.jpg",
        "imgSrc": "https://cdn0.woolworths.media/content/wowproductimages/medium/425611.jpg",
        "name": "Olsent Light Globe Led Gls Es 8w 800lm 2pk",
        "price": 10,
        "unitPrice": "$5.00 / 1EA"
    },
    {
        "category": "specials",
        "href": "https://www.woolworths.com.au/shop/productdetails/347462/john-frieda-conditioner-frizz-ease-dream-curls",
        "imgName": "347462.jpg",
        "imgSrc": "https://cdn0.woolworths.media/content/wowproductimages/medium/347462.jpg",
        "name": "John Frieda Conditioner Frizz Ease Dream Curls 250ml",
        "price": 16,
        "special": 9.6,
        "unitPrice": "$3.84 / 100ML"
    },
    {
        "category": "specials",
        "href": "https://www.woolworths.com.au/shop/productdetails/490987/woolworths-sesame-cracked-pepper-wafer-crackers",
        "imgName": "490987.jpg",
        "imgSrc": "https://cdn0.woolworths.media/content/wowproductimages/medium/490987.jpg",
        "name": "Woolworths Sesame & Cracked Pepper Wafer Crackers 100g",
        "price": 2,
        "unitPrice": "$2.00 / 100G"
    },
    {
        "category": "specials",
        "href": "https://www.woolworths.com.au/shop/productdetails/723463/olsent-halogen-reflector-gu10-50w",
        "imgName": "723463.jpg",
        "imgSrc": "https://cdn0.woolworths.media/content/wowproductimages/medium/723463.jpg",
        "name": "Olsent Halogen Reflector Gu10 50w 6pk",
        "price": 9,
        "unitPrice": "$1.50 / 1EA"
    },
    {
        "category": "specials",
        "href": "https://www.woolworths.com.au/shop/productdetails/749365/maybelline-colossal-mascara-cat-eyes-glam-black",
        "imgName": "749365.jpg",
        "imgSrc": "https://cdn0.woolworths.media/content/wowproductimages/medium/749365.jpg",
        "name": "Maybelline Colossal Mascara Cat Eyes Glam Black 9ml",
        "price": 20,
        "special": 14,
        "unitPrice": "$15.22 / 10ML"
    },
    {
        "category": "specials",
        "href": "https://www.woolworths.com.au/shop/productdetails/622554/maybelline-master-blush-palette",
        "imgName": "622554.jpg",
        "imgSrc": "https://cdn0.woolworths.media/content/wowproductimages/medium/622554.jpg",
        "name": "Maybelline Master Blush Palette  13g",
        "price": 21.95,
        "special": 15.35,
        "unitPrice": "$11.81 / 10G"
    },
    {
        "category": "specials",
        "href": "https://www.woolworths.com.au/shop/productdetails/539639/dine-creamy-treats-tuna",
        "imgName": "539639.jpg",
        "imgSrc": "https://cdn0.woolworths.media/content/wowproductimages/medium/539639.jpg",
        "name": "Dine Creamy Treats Tuna 48g 4pk",
        "price": 2.75,
        "special": 2,
        "unitPrice": "$4.17 / 100G"
    },
    {
        "category": "specials",
        "href": "https://www.woolworths.com.au/shop/productdetails/477993/colgate-plax-mouthwash-peppermint-alcohol-free",
        "imgName": "477993.jpg",
        "imgSrc": "https://cdn0.woolworths.media/content/wowproductimages/medium/477993.jpg",
        "name": "Colgate Plax Mouthwash Peppermint Alcohol Free 1l",
        "price": 8,
        "unitPrice": "$0.80 / 100ML"
    },
    {
        "category": "specials",
        "href": "https://www.woolworths.com.au/shop/productdetails/573301/menissez-bake-at-home-white-dinner-rolls",
        "imgName": "573301.jpg",
        "imgSrc": "https://cdn0.woolworths.media/content/wowproductimages/medium/573301.jpg",
        "name": "Menissez Bake At Home White Dinner Rolls 6pk",
        "price": 2,
        "unitPrice": "$0.33 / 1EA"
    },
    {
        "category": "specials",
        "href": "https://www.woolworths.com.au/shop/productdetails/577436/sharwoods-sides-lentil-tarka-dal",
        "imgName": "577436.jpg",
        "imgSrc": "https://cdn0.woolworths.media/content/wowproductimages/medium/577436.jpg",
        "name": "Sharwoods Sides Lentil Tarka Dal 250g",
        "price": 2.79,
        "special": 2,
        "unitPrice": "$0.80 / 100G"
    },
    {
        "category": "specials",
        "href": "https://www.woolworths.com.au/shop/productdetails/524443/energizer-type-c-usb-1-2m-cable-black",
        "imgName": "524443.jpg",
        "imgSrc": "https://cdn0.woolworths.media/content/wowproductimages/medium/524443.jpg",
        "name": "Energizer Type C Usb 1.2m Cable - Black  each",
        "price": 20,
        "special": 18
    },
    {
        "category": "specials",
        "href": "https://www.woolworths.com.au/shop/productdetails/568512/olay-eyes-ultimate-eye-cream",
        "imgName": "568512.jpg",
        "imgSrc": "https://cdn0.woolworths.media/content/wowproductimages/medium/568512.jpg",
        "name": "Olay Eyes Ultimate Eye Cream  15ml",
        "price": 49,
        "special": 24.5,
        "unitPrice": "$163.33 / 100ML"
    },
    {
        "category": "specials",
        "href": "https://www.woolworths.com.au/shop/productdetails/414361/little-bellies-round-a-bouts-perfect-pumpkin",
        "imgName": "414361.jpg",
        "imgSrc": "https://cdn0.woolworths.media/content/wowproductimages/medium/414361.jpg",
        "name": "Little Bellies Round-a-bouts Perfect Pumpkin 12g",
        "price": 2,
        "special": 1.7,
        "unitPrice": "$14.17 / 100G"
    },
    {
        "category": "specials",
        "href": "https://www.woolworths.com.au/shop/productdetails/792559/philips-led-globe-cool-daylight-806-lumen-bc-base",
        "imgName": "792559.jpg",
        "imgSrc": "https://cdn0.woolworths.media/content/wowproductimages/medium/792559.jpg",
        "name": "Philips Led Globe Cool Daylight 806 Lumen Bc Base each",
        "price": 10,
        "unitPrice": "$10.00 / 1EA"
    },
    {
        "category": "specials",
        "href": "https://www.woolworths.com.au/shop/productdetails/828610/bonds-comfy-tops-semi-opaque-knee-high-black-1-size",
        "imgName": "828610.jpg",
        "imgSrc": "https://cdn0.woolworths.media/content/wowproductimages/medium/828610.jpg",
        "name": "Bonds Comfy Tops Semi Opaque Knee High Black 1 Size each",
        "price": 5,
        "special": 2.5
    },
    {
        "category": "specials",
        "href": "https://www.woolworths.com.au/shop/productdetails/558979/mud-high-definition-waterproof-mascara",
        "imgName": "558979.jpg",
        "imgSrc": "https://cdn0.woolworths.media/content/wowproductimages/medium/558979.jpg",
        "name": "Mud High Definition Waterproof Mascara 11g",
        "price": 4.5,
        "unitPrice": "$4.09 / 10G"
    },
    {
        "category": "specials",
        "href": "https://www.woolworths.com.au/shop/productdetails/781572/heinz-soup-of-the-day-soup-pouch-green-pea-with-ham",
        "imgName": "781572.jpg",
        "imgSrc": "https://cdn0.woolworths.media/content/wowproductimages/medium/781572.jpg",
        "name": "Heinz Soup Of The Day Soup Pouch Green Pea With Ham 430g",
        "price": 3,
        "unitPrice": "$0.70 / 100G"
    },
    {
        "category": "specials",
        "href": "https://www.woolworths.com.au/shop/productdetails/729000/woolworths-select-tough-strips-fabric",
        "imgName": "729000.jpg",
        "imgSrc": "https://cdn0.woolworths.media/content/wowproductimages/medium/729000.jpg",
        "name": "Woolworths Select Tough Strips Fabric 40pk",
        "price": 2.7,
        "unitPrice": "$0.07 / 1EA"
    },
    {
        "category": "specials",
        "href": "https://www.woolworths.com.au/shop/productdetails/486419/tresemme-botanique-conditioner-restore-shine",
        "imgName": "486419.jpg",
        "imgSrc": "https://cdn0.woolworths.media/content/wowproductimages/medium/486419.jpg",
        "name": "Tresemme Botanique Conditioner Restore & Shine 750ml",
        "price": 7,
        "unitPrice": "$0.93 / 100ML"
    },
    {
        "category": "specials",
        "href": "https://www.woolworths.com.au/shop/productdetails/757592/underworks-mens-all-day-cushion-foot-socks-white-size-7-10",
        "imgName": "757592.jpg",
        "imgSrc": "https://cdn0.woolworths.media/content/wowproductimages/medium/757592.jpg",
        "name": "Underworks Mens All Day Cushion Foot Socks White Size 7 - 10 2pk",
        "price": 15,
        "special": 10,
        "unitPrice": "$5.00 / 1EA"
    },
    {
        "category": "specials",
        "href": "https://www.woolworths.com.au/shop/productdetails/728939/woolworths-select-plastic-strips-kids",
        "imgName": "728939.jpg",
        "imgSrc": "https://cdn0.woolworths.media/content/wowproductimages/medium/728939.jpg",
        "name": "Woolworths Select Plastic Strips Kids 20pk",
        "price": 1.6,
        "unitPrice": "$8.00 / 100EA"
    },
    {
        "category": "specials",
        "href": "https://www.woolworths.com.au/shop/productdetails/935752/red-bull-energy-drink-the-tropical-edition",
        "imgName": "935752.jpg",
        "imgSrc": "https://cdn0.woolworths.media/content/wowproductimages/medium/935752.jpg",
        "name": "Red Bull Energy Drink The Tropical Edition 250ml can",
        "price": 3,
        "unitPrice": "$12.00 / 1L"
    },
    {
        "category": "specials",
        "href": "https://www.woolworths.com.au/shop/productdetails/745781/batiste-tropical-dry-shampoo",
        "imgName": "745781.jpg",
        "imgSrc": "https://cdn0.woolworths.media/content/wowproductimages/medium/745781.jpg",
        "name": "Batiste Tropical Dry Shampoo 200ml",
        "price": 10,
        "special": 7,
        "unitPrice": "$3.50 / 100ML"
    },
    {
        "category": "specials",
        "href": "https://www.woolworths.com.au/shop/productdetails/745934/lean-cuisine-bowl-chicken-basil-spaghetti-creamy-chicken-basil-spaghetti",
        "imgName": "745934.jpg",
        "imgSrc": "https://cdn0.woolworths.media/content/wowproductimages/medium/745934.jpg",
        "name": "Lean Cuisine Bowl Chicken & Basil Spaghetti Creamy Chicken Basil Spaghetti 300g",
        "price": 5.7,
        "special": 5,
        "unitPrice": "$1.67 / 100G"
    },
    {
        "category": "specials",
        "href": "https://www.woolworths.com.au/shop/productdetails/781622/duck-toilet-fresh-disc-marine-refill",
        "imgName": "781622.jpg",
        "imgSrc": "https://cdn0.woolworths.media/content/wowproductimages/medium/781622.jpg",
        "name": "Duck Toilet Fresh Disc Marine Refill 2x36ml",
        "price": 9.7,
        "special": 8,
        "unitPrice": "$11.11 / 100ML"
    },
    {
        "category": "specials",
        "href": "https://www.woolworths.com.au/shop/productdetails/890268/banana-boat-everyday-spf50-clear-sunscreen-spray",
        "imgName": "890268.jpg",
        "imgSrc": "https://cdn0.woolworths.media/content/wowproductimages/medium/890268.jpg",
        "name": "Banana Boat Everyday Spf50+ Clear Sunscreen Spray 1ea",
        "price": 16.5,
        "special": 13.2,
        "unitPrice": "$7.54 / 100G"
    },
    {
        "category": "specials",
        "href": "https://www.woolworths.com.au/shop/productdetails/750938/listerine-mouthwash-total-care-sensitive",
        "imgName": "750938.jpg",
        "imgSrc": "https://cdn0.woolworths.media/content/wowproductimages/medium/750938.jpg",
        "name": "Listerine Mouthwash Total Care Sensitive 500ml",
        "price": 9.3,
        "unitPrice": "$1.86 / 100ML"
    },
    {
        "category": "specials",
        "href": "https://www.woolworths.com.au/shop/productdetails/768558/woolworths-australian-sliced-beans",
        "imgName": "768558.jpg",
        "imgSrc": "https://cdn0.woolworths.media/content/wowproductimages/medium/768558.jpg",
        "name": "Woolworths Australian Sliced Beans 500g",
        "price": 1.5,
        "unitPrice": "$3.00 / 1KG"
    },
    {
        "category": "specials",
        "href": "https://www.woolworths.com.au/shop/productdetails/841492/rexona-men-antiperspirant-aerosol-deodorant-invisible-dry-black-white",
        "imgName": "841492.jpg",
        "imgSrc": "https://cdn0.woolworths.media/content/wowproductimages/medium/841492.jpg",
        "name": "Rexona Men Antiperspirant Aerosol Deodorant Invisible Dry Black & White 250ml",
        "price": 7,
        "special": 5,
        "unitPrice": "$2.00 / 100ML"
    },
    {
        "category": "specials",
        "href": "https://www.woolworths.com.au/shop/productdetails/847917/whiskas-beef-flavour-in-gravy",
        "imgName": "847917.jpg",
        "imgSrc": "https://cdn0.woolworths.media/content/wowproductimages/medium/847917.jpg",
        "name": "Whiskas Beef Flavour In Gravy  3x85g",
        "price": 2,
        "unitPrice": "$0.78 / 100G"
    },
    {
        "category": "specials",
        "href": "https://www.woolworths.com.au/shop/productdetails/840892/continental-pasta-chicken-pesto-spring-onion",
        "imgName": "840892.jpg",
        "imgSrc": "https://cdn0.woolworths.media/content/wowproductimages/medium/840892.jpg",
        "name": "Continental Pasta Chicken Pesto & Spring Onion 102g",
        "price": 2.75,
        "unitPrice": "$2.99 / 100G"
    },
    {
        "category": "specials",
        "href": "https://www.woolworths.com.au/shop/productdetails/948305/fruits-tropical-coconut-body-wash",
        "imgName": "948305.jpg",
        "imgSrc": "https://cdn0.woolworths.media/content/wowproductimages/medium/948305.jpg",
        "name": "Fruits Tropical Coconut Body Wash 500ml",
        "price": 3.99,
        "special": 3,
        "unitPrice": "$0.60 / 100ML"
    },
    {
        "category": "specials",
        "href": "https://www.woolworths.com.au/shop/productdetails/768570/woolworths-australian-corn-kernels",
        "imgName": "768570.jpg",
        "imgSrc": "https://cdn0.woolworths.media/content/wowproductimages/medium/768570.jpg",
        "name": "Woolworths Australian Corn Kernels 1kg",
        "price": 2.7,
        "unitPrice": "$2.70 / 1KG"
    },
    {
        "category": "specials",
        "href": "https://www.woolworths.com.au/shop/productdetails/780273/colgate-toothbrush-slim-soft-charcoal",
        "imgName": "780273.jpg",
        "imgSrc": "https://cdn0.woolworths.media/content/wowproductimages/medium/780273.jpg",
        "name": "Colgate Toothbrush Slim Soft Charcoal each",
        "price": 3,
        "unitPrice": "$3.00 / 1EA"
    },
    {
        "category": "specials",
        "href": "https://www.woolworths.com.au/shop/productdetails/780352/dolmio-australian-grown-tomato-pasta-sauce-tomato-onion-garlic",
        "imgName": "780352.jpg",
        "imgSrc": "https://cdn0.woolworths.media/content/wowproductimages/medium/780352.jpg",
        "name": "Dolmio Australian Grown Tomato Pasta Sauce Tomato Onion & Garlic 500g",
        "price": 3,
        "unitPrice": "$0.60 / 100G"
    },
    {
        "category": "specials",
        "href": "https://www.woolworths.com.au/shop/productdetails/829346/gaia-natural-baby-bath-wash-sleeptime",
        "imgName": "829346.jpg",
        "imgSrc": "https://cdn0.woolworths.media/content/wowproductimages/medium/829346.jpg",
        "name": "Gaia Natural Baby Bath Wash Sleeptime 500ml",
        "price": 16.99,
        "special": 12.5,
        "unitPrice": "$2.50 / 100ML"
    },
    {
        "category": "specials",
        "href": "https://www.woolworths.com.au/shop/productdetails/738565/garnier-fructis-conditioner-nutri-repair-3",
        "imgName": "738565.jpg",
        "imgSrc": "https://cdn0.woolworths.media/content/wowproductimages/medium/738565.jpg",
        "name": "Garnier Fructis Conditioner Nutri Repair 3 700ml",
        "price": 12,
        "special": 6,
        "unitPrice": "$0.86 / 100ML"
    },
    {
        "category": "specials",
        "href": "https://www.woolworths.com.au/shop/productdetails/749784/macro-organic-food-6-months-apple-banana-blueberry-muesli",
        "imgName": "749784.jpg",
        "imgSrc": "https://cdn0.woolworths.media/content/wowproductimages/medium/749784.jpg",
        "name": "Macro Organic Food 6 Months Apple Banana Blueberry Muesli 120g",
        "price": 1.5,
        "unitPrice": "$1.25 / 100G"
    },
    {
        "category": "specials",
        "href": "https://www.woolworths.com.au/shop/productdetails/729413/sudocrem-nappy-cream",
        "imgName": "729413.jpg",
        "imgSrc": "https://cdn0.woolworths.media/content/wowproductimages/medium/729413.jpg",
        "name": "Sudocrem Nappy Cream  400g",
        "price": 25.49,
        "special": 20,
        "unitPrice": "$5.00 / 100G"
    },
    {
        "category": "specials",
        "href": "https://www.woolworths.com.au/shop/productdetails/730950/colgate-pro-relief-sensitive-toothpaste-enamel-repair",
        "imgName": "730950.jpg",
        "imgSrc": "https://cdn0.woolworths.media/content/wowproductimages/medium/730950.jpg",
        "name": "Colgate Pro Relief Sensitive Toothpaste Enamel Repair 110g",
        "price": 10,
        "special": 9,
        "unitPrice": "$8.18 / 100G"
    },
    {
        "category": "specials",
        "href": "https://www.woolworths.com.au/shop/productdetails/764774/old-spice-body-wash-swagger",
        "imgName": "764774.jpg",
        "imgSrc": "https://cdn0.woolworths.media/content/wowproductimages/medium/764774.jpg",
        "name": "Old Spice Body Wash Swagger 473ml",
        "price": 7.5,
        "unitPrice": "$1.59 / 100ML"
    },
    {
        "category": "specials",
        "href": "https://www.woolworths.com.au/shop/productdetails/250895/radox-body-wash-feel-heavenly-with-coconut-extract",
        "imgName": "250895.jpg",
        "imgSrc": "https://cdn0.woolworths.media/content/wowproductimages/medium/250895.jpg",
        "name": "Radox Body Wash Feel Heavenly With Coconut Extract 1l",
        "price": 7,
        "unitPrice": "$0.70 / 100ML"
    },
    {
        "category": "specials",
        "href": "https://www.woolworths.com.au/shop/productdetails/252596/weight-watchers-lasagne-beef-large-serve",
        "imgName": "252596.jpg",
        "imgSrc": "https://cdn0.woolworths.media/content/wowproductimages/medium/252596.jpg",
        "name": "Weight Watchers Lasagne Beef Large Serve 370g",
        "price": 4,
        "unitPrice": "$1.08 / 100G"
    },
    {
        "category": "specials",
        "href": "https://www.woolworths.com.au/shop/productdetails/336353/raid-night-day-refill-insect-control-fly-mosquito-protection",
        "imgName": "336353.jpg",
        "imgSrc": "https://cdn0.woolworths.media/content/wowproductimages/medium/336353.jpg",
        "name": "Raid Night & Day Refill Insect Control Fly & Mosquito Protection 4.2g",
        "price": 13,
        "unitPrice": "$309.52 / 100G"
    },
    {
        "category": "specials",
        "href": "https://www.woolworths.com.au/shop/productdetails/345092/yumi-s-quality-foods-original-falafel-balls",
        "imgName": "345092.jpg",
        "imgSrc": "https://cdn0.woolworths.media/content/wowproductimages/medium/345092.jpg",
        "name": "Yumi's Quality Foods Original Falafel Balls  225g",
        "price": 5,
        "unitPrice": "$22.22 / 1KG"
    },
    {
        "category": "specials",
        "href": "https://www.woolworths.com.au/shop/productdetails/372442/only-organic-6-months-vanilla-bean-custard",
        "imgName": "372442.jpg",
        "imgSrc": "https://cdn0.woolworths.media/content/wowproductimages/medium/372442.jpg",
        "name": "Only Organic 6 Months+ Vanilla Bean Custard 120g",
        "price": 2,
        "special": 1.5,
        "unitPrice": "$1.25 / 100G"
    },
    {
        "category": "specials",
        "href": "https://www.woolworths.com.au/shop/productdetails/508041/woolworths-frozen-pizza-hawaiian",
        "imgName": "508041.jpg",
        "imgSrc": "https://cdn0.woolworths.media/content/wowproductimages/medium/508041.jpg",
        "name": "Woolworths Frozen Pizza Hawaiian 500g",
        "price": 2.95,
        "unitPrice": "$0.59 / 100G"
    },
    {
        "category": "specials",
        "href": "https://www.woolworths.com.au/shop/productdetails/90397/homebrand-toilet-cleaner-liquid-pot-pourri",
        "imgName": "090397.jpg",
        "imgSrc": "https://cdn0.woolworths.media/content/wowproductimages/medium/090397.jpg",
        "name": "Homebrand Toilet Cleaner Liquid Pot Pourri 500ml",
        "price": 1.5,
        "unitPrice": "$0.30 / 100ML"
    },
    {
        "category": "specials",
        "href": "https://www.woolworths.com.au/shop/productdetails/94666/homebrand-cleaning-cloth-domestic",
        "imgName": "094666.jpg",
        "imgSrc": "https://cdn0.woolworths.media/content/wowproductimages/medium/094666.jpg",
        "name": "Homebrand Cleaning Cloth Domestic 10pk",
        "price": 0.99,
        "unitPrice": "$0.10 / 1EA"
    },
    {
        "category": "specials",
        "href": "https://www.woolworths.com.au/shop/productdetails/947195/maybelline-new-york-eye-studio-brow-satin-medium-brown",
        "imgName": "947195.jpg",
        "imgSrc": "https://cdn0.woolworths.media/content/wowproductimages/medium/947195.jpg",
        "name": "Maybelline New York Eye Studio Brow Satin Medium Brown 0.5g",
        "price": 16.95,
        "special": 11.85,
        "unitPrice": "$11.85 / 1EA"
    },
    {
        "category": "specials",
        "href": "https://www.woolworths.com.au/shop/productdetails/950974/woolworths-cookies-cream-cheesecake",
        "imgName": "950974.jpg",
        "imgSrc": "https://cdn0.woolworths.media/content/wowproductimages/medium/950974.jpg",
        "name": "Woolworths Cookies & Cream Cheesecake 450g",
        "price": 3,
        "unitPrice": "$0.67 / 100G"
    },
    {
        "category": "specials",
        "href": "https://www.woolworths.com.au/shop/productdetails/14611/pantene-pro-v-ultimate-10-shampoo",
        "imgName": "014611.jpg",
        "imgSrc": "https://cdn0.woolworths.media/content/wowproductimages/medium/014611.jpg",
        "name": "Pantene Pro-v Ultimate 10 Shampoo 350ml",
        "price": 4.5,
        "unitPrice": "$1.29 / 100ML"
    },
    {
        "category": "specials",
        "href": "https://www.woolworths.com.au/shop/productdetails/17530/gourmet-delight-cat-food-tuna-flakes-with-chicken",
        "imgName": "017530.jpg",
        "imgSrc": "https://cdn0.woolworths.media/content/wowproductimages/medium/017530.jpg",
        "name": "Gourmet Delight Cat Food Tuna Flakes With Chicken 85g",
        "price": 0.79,
        "unitPrice": "$0.93 / 100G"
    },
    {
        "category": "specials",
        "href": "https://www.woolworths.com.au/shop/productdetails/43474/golden-circle-cordial-lime-crush",
        "imgName": "043474.jpg",
        "imgSrc": "https://cdn0.woolworths.media/content/wowproductimages/medium/043474.jpg",
        "name": "Golden Circle Cordial Lime Crush 2l",
        "price": 3,
        "unitPrice": "$1.50 / 1L"
    },
    {
        "category": "specials",
        "href": "https://www.woolworths.com.au/shop/productdetails/5620/essentials-cat-food-beef-fish",
        "imgName": "005620.jpg",
        "imgSrc": "https://cdn0.woolworths.media/content/wowproductimages/medium/005620.jpg",
        "name": "Essentials Cat Food Beef & Fish 1kg",
        "price": 2.59,
        "unitPrice": "$0.26 / 100G"
    },
    {
        "category": "specials",
        "href": "https://www.woolworths.com.au/shop/productdetails/22183/mccain-fettuccine-carbonara",
        "imgName": "022183.jpg",
        "imgSrc": "https://cdn0.woolworths.media/content/wowproductimages/medium/022183.jpg",
        "name": "Mccain Fettuccine Carbonara 375g",
        "price": 4.5,
        "unitPrice": "$1.20 / 100G"
    },
    {
        "category": "specials",
        "href": "https://www.woolworths.com.au/shop/productdetails/24761/listerine-fresh-burst-mouthwash",
        "imgName": "024761.jpg",
        "imgSrc": "https://cdn0.woolworths.media/content/wowproductimages/medium/024761.jpg",
        "name": "Listerine Fresh Burst Mouthwash  500ml",
        "price": 7.5,
        "unitPrice": "$1.50 / 100ML"
    },
    {
        "category": "specials",
        "href": "https://www.woolworths.com.au/shop/productdetails/37891/harris-ground-coffee-premium",
        "imgName": "037891.jpg",
        "imgSrc": "https://cdn0.woolworths.media/content/wowproductimages/medium/037891.jpg",
        "name": "Harris Ground Coffee Premium 200g",
        "price": 6,
        "unitPrice": "$3.00 / 100G"
    },
    {
        "category": "specials",
        "href": "https://www.woolworths.com.au/shop/productdetails/36008/arnott-s-granita",
        "imgName": "036008.jpg",
        "imgSrc": "https://cdn0.woolworths.media/content/wowproductimages/medium/036008.jpg",
        "name": "Arnott's Granita  250g",
        "price": 2.85,
        "special": 2.5,
        "unitPrice": "$1.00 / 100G"
    },
    {
        "category": "specials",
        "href": "https://www.woolworths.com.au/shop/productdetails/51631/masterfoods-marinade-smokey-bbq",
        "imgName": "051631.jpg",
        "imgSrc": "https://cdn0.woolworths.media/content/wowproductimages/medium/051631.jpg",
        "name": "Masterfoods Marinade Smokey Bbq 375g",
        "price": 2.5,
        "unitPrice": "$0.67 / 100G"
    },
    {
        "category": "specials",
        "href": "https://www.woolworths.com.au/shop/productdetails/45928/pedigree-adult-dog-food-casserole-can-beef-gravy",
        "imgName": "045928.jpg",
        "imgSrc": "https://cdn0.woolworths.media/content/wowproductimages/medium/045928.jpg",
        "name": "Pedigree Adult Dog Food Casserole Can Beef Gravy 700g",
        "price": 2.1,
        "unitPrice": "$0.30 / 100G"
    },
    {
        "category": "specials",
        "href": "https://www.woolworths.com.au/shop/productdetails/40365/south-cape-brie",
        "imgName": "040365.jpg",
        "imgSrc": "https://cdn0.woolworths.media/content/wowproductimages/medium/040365.jpg",
        "name": "South Cape Brie  200g",
        "price": 5.99,
        "unitPrice": "$29.95 / 1KG"
    },
    {
        "category": "specials",
        "href": "https://www.woolworths.com.au/shop/productdetails/72128/my-dog-adult-dog-food-prime-beef-veal",
        "imgName": "072128.jpg",
        "imgSrc": "https://cdn0.woolworths.media/content/wowproductimages/medium/072128.jpg",
        "name": "My Dog Adult Dog Food Prime Beef & Veal 680g",
        "price": 3.2,
        "special": 2.8,
        "unitPrice": "$0.41 / 100G"
    },
    {
        "category": "specials",
        "href": "https://www.woolworths.com.au/shop/productdetails/38930/masterfoods-promite-spread",
        "imgName": "038930.jpg",
        "imgSrc": "https://cdn0.woolworths.media/content/wowproductimages/medium/038930.jpg",
        "name": "Masterfoods Promite Spread 290g",
        "price": 4.5,
        "special": 4,
        "unitPrice": "$1.38 / 100G"
    },
    {
        "category": "specials",
        "href": "https://www.woolworths.com.au/shop/productdetails/72704/nair-hair-removal-cream-bleach-face-body",
        "imgName": "072704.jpg",
        "imgSrc": "https://cdn0.woolworths.media/content/wowproductimages/medium/072704.jpg",
        "name": "Nair Hair Removal Cream Bleach Face & Body 28g",
        "price": 14,
        "special": 12,
        "unitPrice": "$42.86 / 100G"
    },
    {
        "category": "specials",
        "href": "https://www.woolworths.com.au/shop/productdetails/42033/chum-adult-dog-food-3-meats",
        "imgName": "042033.jpg",
        "imgSrc": "https://cdn0.woolworths.media/content/wowproductimages/medium/042033.jpg",
        "name": "Chum Adult Dog Food 3 Meats 1.2kg",
        "price": 2.6,
        "unitPrice": "$0.22 / 100G"
    },
    {
        "category": "specials",
        "href": "https://www.woolworths.com.au/shop/productdetails/98518/john-west-tuna-slices-in-olive-oil",
        "imgName": "098518.jpg",
        "imgSrc": "https://cdn0.woolworths.media/content/wowproductimages/medium/098518.jpg",
        "name": "John West Tuna Slices In Olive Oil 125g",
        "price": 3,
        "special": 2.5,
        "unitPrice": "$20.00 / 1KG"
    },
    {
        "category": "specials",
        "href": "https://www.woolworths.com.au/shop/productdetails/239940/masterfoods-finishing-sauce-hollandaise",
        "imgName": "239940.jpg",
        "imgSrc": "https://cdn0.woolworths.media/content/wowproductimages/medium/239940.jpg",
        "name": "Masterfoods Finishing Sauce Hollandaise 160g",
        "price": 2.65,
        "unitPrice": "$1.66 / 100G"
    },
    {
        "category": "specials",
        "href": "https://www.woolworths.com.au/shop/productdetails/215154/byron-bay-chilli-co-chilli-sauce-fiery-coconut",
        "imgName": "215154.jpg",
        "imgSrc": "https://cdn0.woolworths.media/content/wowproductimages/medium/215154.jpg",
        "name": "Byron Bay Chilli Co Chilli Sauce Fiery Coconut 250ml",
        "price": 4.29,
        "special": 4,
        "unitPrice": "$1.60 / 100ML"
    },
    {
        "category": "specials",
        "href": "https://www.woolworths.com.au/shop/productdetails/217498/gourmet-delight-adult-cat-food-whitemeat-tuna-shrimp-calamari",
        "imgName": "217498.jpg",
        "imgSrc": "https://cdn0.woolworths.media/content/wowproductimages/medium/217498.jpg",
        "name": "Gourmet Delight Adult Cat Food Whitemeat Tuna Shrimp Calamari 85g",
        "price": 0.79,
        "unitPrice": "$0.93 / 100G"
    },
    {
        "category": "specials",
        "href": "https://www.woolworths.com.au/shop/productdetails/195124/elastoplast-fabric-strips-sterile",
        "imgName": "195124.jpg",
        "imgSrc": "https://cdn0.woolworths.media/content/wowproductimages/medium/195124.jpg",
        "name": "Elastoplast Fabric Strips Sterile 40pk",
        "price": 4.29,
        "special": 3.75,
        "unitPrice": "$0.09 / 1EA"
    },
    {
        "category": "specials",
        "href": "https://www.woolworths.com.au/shop/productdetails/185188/pyrex-cookware-round-bowl-with-lid-7-cup",
        "imgName": "185188.jpg",
        "imgSrc": "https://cdn0.woolworths.media/content/wowproductimages/medium/185188.jpg",
        "name": "Pyrex Cookware Round Bowl With Lid 7 Cup each",
        "price": 15,
        "special": 10.5
    },
    {
        "category": "specials",
        "href": "https://www.woolworths.com.au/shop/productdetails/212344/praise-dressings-italian-fat-free",
        "imgName": "212344.jpg",
        "imgSrc": "https://cdn0.woolworths.media/content/wowproductimages/medium/212344.jpg",
        "name": "Praise Dressings Italian Fat Free 330ml",
        "price": 3,
        "special": 1.75,
        "unitPrice": "$0.53 / 100ML"
    },
    {
        "category": "specials",
        "href": "https://www.woolworths.com.au/shop/productdetails/186458/listerine-pocket-paks-breath-freshners",
        "imgName": "186458.jpg",
        "imgSrc": "https://cdn0.woolworths.media/content/wowproductimages/medium/186458.jpg",
        "name": "Listerine Pocket Paks Breath Freshners  72pk",
        "price": 6.5,
        "unitPrice": "$0.09 / 1EA"
    },
    {
        "category": "specials",
        "href": "https://www.woolworths.com.au/shop/productdetails/219061/john-frieda-shampoo-brilliant-brunette-moisturising",
        "imgName": "219061.jpg",
        "imgSrc": "https://cdn0.woolworths.media/content/wowproductimages/medium/219061.jpg",
        "name": "John Frieda Shampoo Brilliant Brunette Moisturising 250ml",
        "price": 16,
        "special": 9.6,
        "unitPrice": "$3.84 / 100ML"
    },
    {
        "category": "specials",
        "href": "https://www.woolworths.com.au/shop/productdetails/163938/palmolive-naturals-body-wash-milk-honey",
        "imgName": "163938.jpg",
        "imgSrc": "https://cdn0.woolworths.media/content/wowproductimages/medium/163938.jpg",
        "name": "Palmolive Naturals Body Wash Milk & Honey 500ml",
        "price": 5.4,
        "special": 5,
        "unitPrice": "$1.00 / 100ML"
    },
    {
        "category": "specials",
        "href": "https://www.woolworths.com.au/shop/productdetails/187773/fancy-feast-adult-cat-food-grilled-prime-salmon-fillet",
        "imgName": "187773.jpg",
        "imgSrc": "https://cdn0.woolworths.media/content/wowproductimages/medium/187773.jpg",
        "name": "Fancy Feast Adult Cat Food Grilled Prime Salmon Fillet 85g",
        "price": 1.2,
        "special": 0.9,
        "unitPrice": "$1.06 / 100G"
    },
    {
        "category": "specials",
        "href": "https://www.woolworths.com.au/shop/productdetails/224190/heinz-big-n-chunky-canned-soup-bacon-steak-potato",
        "imgName": "224190.jpg",
        "imgSrc": "https://cdn0.woolworths.media/content/wowproductimages/medium/224190.jpg",
        "name": "Heinz Big N Chunky Canned Soup Bacon Steak & Potato 535g",
        "price": 2.5,
        "unitPrice": "$0.47 / 100G"
    },
    {
        "category": "specials",
        "href": "https://www.woolworths.com.au/shop/productdetails/171901/fancy-feast-adult-cat-food-tuna-whitemeat",
        "imgName": "171901.jpg",
        "imgSrc": "https://cdn0.woolworths.media/content/wowproductimages/medium/171901.jpg",
        "name": "Fancy Feast Adult Cat Food Tuna Whitemeat 85g",
        "price": 1.8,
        "unitPrice": "$2.12 / 100G"
    },
    {
        "category": "specials",
        "href": "https://www.woolworths.com.au/shop/productdetails/229231/pandaroo-japanese-ginger-sushi",
        "imgName": "229231.jpg",
        "imgSrc": "https://cdn0.woolworths.media/content/wowproductimages/medium/229231.jpg",
        "name": "Pandaroo Japanese Ginger Sushi 200g",
        "price": 3.15,
        "special": 2.5,
        "unitPrice": "$1.25 / 100G"
    },
    {
        "category": "specials",
        "href": "https://www.woolworths.com.au/shop/productdetails/208517/arnott-s-jatz-light-97-fat-free",
        "imgName": "208517.jpg",
        "imgSrc": "https://cdn0.woolworths.media/content/wowproductimages/medium/208517.jpg",
        "name": "Arnott's Jatz Light 97% Fat Free 180g",
        "price": 3,
        "special": 2,
        "unitPrice": "$1.11 / 100G"
    },
    {
        "category": "specials",
        "href": "https://www.woolworths.com.au/shop/productdetails/262159/chevron-aaa-batteries-super-heavy-duty",
        "imgName": "262159.jpg",
        "imgSrc": "https://cdn0.woolworths.media/content/wowproductimages/medium/262159.jpg",
        "name": "Chevron Aaa Batteries Super Heavy Duty 10pk",
        "price": 5.5,
        "unitPrice": "$0.55 / 1EA"
    },
    {
        "category": "specials",
        "href": "https://www.woolworths.com.au/shop/productdetails/307400/ecostore-soap-bar-coconut",
        "imgName": "307400.jpg",
        "imgSrc": "https://cdn0.woolworths.media/content/wowproductimages/medium/307400.jpg",
        "name": "Ecostore Soap Bar Coconut 80g",
        "price": 2.59,
        "special": 2,
        "unitPrice": "$2.50 / 100G"
    },
    {
        "category": "specials",
        "href": "https://www.woolworths.com.au/shop/productdetails/313590/whittakers-peanut-slab-dark-chocolate",
        "imgName": "313590.jpg",
        "imgSrc": "https://cdn0.woolworths.media/content/wowproductimages/medium/313590.jpg",
        "name": "Whittakers Peanut Slab Dark Chocolate 50g bar",
        "price": 1.4,
        "special": 1.1,
        "unitPrice": "$2.20 / 100G"
    },
    {
        "category": "specials",
        "href": "https://www.woolworths.com.au/shop/productdetails/244754/sunrice-microwave-jasmine-rice-in-90-seconds",
        "imgName": "244754.jpg",
        "imgSrc": "https://cdn0.woolworths.media/content/wowproductimages/medium/244754.jpg",
        "name": "Sunrice Microwave Jasmine Rice In 90 Seconds 250g",
        "price": 2.5,
        "unitPrice": "$1.00 / 100G"
    },
    {
        "category": "specials",
        "href": "https://www.woolworths.com.au/shop/productdetails/330844/peters-light-creamy-choc-caramel-vanilla-swirl-ice-cream",
        "imgName": "330844.jpg",
        "imgSrc": "https://cdn0.woolworths.media/content/wowproductimages/medium/330844.jpg",
        "name": "Peters Light & Creamy Choc Caramel & Vanilla Swirl Ice Cream 1.8l",
        "price": 5,
        "unitPrice": "$0.28 / 100ML"
    },
    {
        "category": "specials",
        "href": "https://www.woolworths.com.au/shop/productdetails/362689/heinz-simply-food-6-months-vanilla-custard",
        "imgName": "362689.jpg",
        "imgSrc": "https://cdn0.woolworths.media/content/wowproductimages/medium/362689.jpg",
        "name": "Heinz Simply Food 6 Months Vanilla Custard 120g",
        "price": 1.5,
        "unitPrice": "$1.25 / 100G"
    },
    {
        "category": "specials",
        "href": "https://www.woolworths.com.au/shop/productdetails/486416/tresemme-botanique-shampoo-restore-shine",
        "imgName": "486416.jpg",
        "imgSrc": "https://cdn0.woolworths.media/content/wowproductimages/medium/486416.jpg",
        "name": "Tresemme Botanique Shampoo Restore & Shine 390ml",
        "price": 7,
        "special": 5,
        "unitPrice": "$1.28 / 100ML"
    },
    {
        "category": "specials",
        "href": "https://www.woolworths.com.au/shop/productdetails/451721/vanish-gold-oxi-action-stain-remover",
        "imgName": "451721.jpg",
        "imgSrc": "https://cdn0.woolworths.media/content/wowproductimages/medium/451721.jpg",
        "name": "Vanish Gold Oxi Action Stain Remover  1kg",
        "price": 10.99,
        "special": 8.8,
        "unitPrice": "$8.80 / 1KG"
    },
    {
        "category": "specials",
        "href": "https://www.woolworths.com.au/shop/productdetails/465113/sealord-hoki-fillets-lemon-pepper",
        "imgName": "465113.jpg",
        "imgSrc": "https://cdn0.woolworths.media/content/wowproductimages/medium/465113.jpg",
        "name": "Sealord Hoki Fillets Lemon & Pepper 425g",
        "price": 8.79,
        "special": 7,
        "unitPrice": "$16.47 / 1KG"
    },
    {
        "category": "specials",
        "href": "https://www.woolworths.com.au/shop/productdetails/473744/nando-s-perinaise-sauce-hot",
        "imgName": "473744.jpg",
        "imgSrc": "https://cdn0.woolworths.media/content/wowproductimages/medium/473744.jpg",
        "name": "Nando's Perinaise Sauce Hot 265g",
        "price": 3.99,
        "special": 3.5,
        "unitPrice": "$1.32 / 100G"
    },
    {
        "category": "specials",
        "href": "https://www.woolworths.com.au/shop/productdetails/454226/v-energy-drink-morph",
        "imgName": "454226.jpg",
        "imgSrc": "https://cdn0.woolworths.media/content/wowproductimages/medium/454226.jpg",
        "name": "V Energy Drink Morph 500ml",
        "price": 3.6,
        "special": 3.15,
        "unitPrice": "$0.63 / 100ML"
    },
    {
        "category": "specials",
        "href": "https://www.woolworths.com.au/shop/productdetails/380521/babylove-nappy-pants-jumbo-walker-12-17kg",
        "imgName": "380521.jpg",
        "imgSrc": "https://cdn0.woolworths.media/content/wowproductimages/medium/380521.jpg",
        "name": "Babylove Nappy Pants Jumbo Walker 12-17kg 50pk",
        "price": 27,
        "unitPrice": "$0.54 / 1EA"
    },
    {
        "category": "specials",
        "href": "https://www.woolworths.com.au/shop/productdetails/452080/woolworths-brie",
        "imgName": "452080.jpg",
        "imgSrc": "https://cdn0.woolworths.media/content/wowproductimages/medium/452080.jpg",
        "name": "Woolworths Brie  125g",
        "price": 3,
        "unitPrice": "$24.00 / 1KG"
    },
    {
        "category": "specials",
        "href": "https://www.woolworths.com.au/shop/productdetails/427390/colgate-toothbrush-optic-white-platinum-medium",
        "imgName": "427390.jpg",
        "imgSrc": "https://cdn0.woolworths.media/content/wowproductimages/medium/427390.jpg",
        "name": "Colgate Toothbrush Optic White Platinum Medium 2pk",
        "price": 8,
        "unitPrice": "$8.00 / 1EA"
    },
    {
        "category": "specials",
        "href": "https://www.woolworths.com.au/shop/productdetails/622792/maybelline-color-show-eye-liner-choc-chip",
        "imgName": "622792.jpg",
        "imgSrc": "https://cdn0.woolworths.media/content/wowproductimages/medium/622792.jpg",
        "name": "Maybelline Color Show Eye Liner Choc Chip 1.2g",
        "price": 6.95,
        "special": 4.85,
        "unitPrice": "$40.42 / 10G"
    },
    {
        "category": "specials",
        "href": "https://www.woolworths.com.au/shop/productdetails/601351/batiste-dry-shampoo-sweetie",
        "imgName": "601351.jpg",
        "imgSrc": "https://cdn0.woolworths.media/content/wowproductimages/medium/601351.jpg",
        "name": "Batiste Dry Shampoo Sweetie 200ml",
        "price": 10,
        "special": 7,
        "unitPrice": "$3.50 / 100ML"
    },
    {
        "category": "specials",
        "href": "https://www.woolworths.com.au/shop/productdetails/482773/weight-watchers-frozen-meal-bowl-creamy-tuna-bake",
        "imgName": "482773.jpg",
        "imgSrc": "https://cdn0.woolworths.media/content/wowproductimages/medium/482773.jpg",
        "name": "Weight Watchers Frozen Meal Bowl Creamy Tuna Bake 320g",
        "price": 4,
        "unitPrice": "$1.25 / 100G"
    },
    {
        "category": "specials",
        "href": "https://www.woolworths.com.au/shop/productdetails/577127/white-wing-banana-muffin",
        "imgName": "577127.jpg",
        "imgSrc": "https://cdn0.woolworths.media/content/wowproductimages/medium/577127.jpg",
        "name": "White Wing Banana Muffin 455g",
        "price": 4,
        "unitPrice": "$0.88 / 100G"
    },
    {
        "category": "specials",
        "href": "https://www.woolworths.com.au/shop/productdetails/571671/swisse-ultiboost-cranberry-effervescent-tablets",
        "imgName": "571671.jpg",
        "imgSrc": "https://cdn0.woolworths.media/content/wowproductimages/medium/571671.jpg",
        "name": "Swisse Ultiboost Cranberry Effervescent Tablets 60pk",
        "price": 30,
        "special": 15,
        "unitPrice": "$25.00 / 100EA"
    },
    {
        "category": "specials",
        "href": "https://www.woolworths.com.au/shop/productdetails/454608/white-wings-vanilla-cake-mix",
        "imgName": "454608.jpg",
        "imgSrc": "https://cdn0.woolworths.media/content/wowproductimages/medium/454608.jpg",
        "name": "White Wings Vanilla Cake Mix  510g",
        "price": 4,
        "unitPrice": "$0.78 / 100G"
    },
    {
        "category": "specials",
        "href": "https://www.woolworths.com.au/shop/productdetails/494123/praise-deli-style-lemon-aioli",
        "imgName": "494123.jpg",
        "imgSrc": "https://cdn0.woolworths.media/content/wowproductimages/medium/494123.jpg",
        "name": "Praise Deli Style Lemon Aioli  250ml",
        "price": 4,
        "special": 2.5,
        "unitPrice": "$1.00 / 100ML"
    },
    {
        "category": "specials",
        "href": "https://www.woolworths.com.au/shop/productdetails/447480/l-oreal-paris-preference-hair-colour-3-12-st-honore",
        "imgName": "447480.jpg",
        "imgSrc": "https://cdn0.woolworths.media/content/wowproductimages/medium/447480.jpg",
        "name": "L'oreal Paris Preference Hair Colour 3.12 St Honore each",
        "price": 19,
        "special": 13
    },
    {
        "category": "specials",
        "href": "https://www.woolworths.com.au/shop/productdetails/651083/alt-tropical-passionfruit-soft-drink",
        "imgName": "651083.jpg",
        "imgSrc": "https://cdn0.woolworths.media/content/wowproductimages/medium/651083.jpg",
        "name": "Alt Tropical Passionfruit Soft Drink 1l",
        "price": 2.45,
        "unitPrice": "$2.45 / 1L"
    },
    {
        "category": "specials",
        "href": "https://www.woolworths.com.au/shop/productdetails/648975/the-spice-tailor-garlic-coriander-flame-baked-naans",
        "imgName": "648975.jpg",
        "imgSrc": "https://cdn0.woolworths.media/content/wowproductimages/medium/648975.jpg",
        "name": "The Spice Tailor Garlic/coriander Flame Baked Naans 220g",
        "price": 4,
        "special": 3.2,
        "unitPrice": "$1.45 / 100G"
    },
    {
        "category": "specials",
        "href": "https://www.woolworths.com.au/shop/productdetails/648977/the-spice-tailor-original-manago-chutni",
        "imgName": "648977.jpg",
        "imgSrc": "https://cdn0.woolworths.media/content/wowproductimages/medium/648977.jpg",
        "name": "The Spice Tailor Original Manago Chutni 70g",
        "price": 2,
        "special": 1.5,
        "unitPrice": "$2.14 / 100G"
    },
    {
        "category": "specials",
        "href": "https://www.woolworths.com.au/shop/productdetails/700546/woolworths-frozen-fish-crumbed",
        "imgName": "700546.jpg",
        "imgSrc": "https://cdn0.woolworths.media/content/wowproductimages/medium/700546.jpg",
        "name": "Woolworths Frozen Fish Crumbed 1kg",
        "price": 7.6,
        "unitPrice": "$7.60 / 1KG"
    },
    {
        "category": "specials",
        "href": "https://www.woolworths.com.au/shop/productdetails/705847/fancy-feast-adult-cat-food-chicken-feast",
        "imgName": "705847.jpg",
        "imgSrc": "https://cdn0.woolworths.media/content/wowproductimages/medium/705847.jpg",
        "name": "Fancy Feast Adult Cat Food Chicken Feast 85g",
        "price": 1.2,
        "special": 0.9,
        "unitPrice": "$1.06 / 100G"
    },
    {
        "category": "specials",
        "href": "https://www.woolworths.com.au/shop/productdetails/524628/airwick-life-scents-freshmatic-primary-mystical-garden",
        "imgName": "524628.jpg",
        "imgSrc": "https://cdn0.woolworths.media/content/wowproductimages/medium/524628.jpg",
        "name": "Airwick Life Scents Freshmatic Primary Mystical Garden 157g",
        "price": 11.99,
        "special": 9.6,
        "unitPrice": "$9.60 / 1EA"
    },
    {
        "category": "specials",
        "href": "https://www.woolworths.com.au/shop/productdetails/663721/brunswick-skinless-and-boneless-sardine-in-chilli-peper",
        "imgName": "663721.jpg",
        "imgSrc": "https://cdn0.woolworths.media/content/wowproductimages/medium/663721.jpg",
        "name": "Brunswick Skinless And Boneless Sardine In Chilli Peper 125g",
        "price": 3.3,
        "special": 2.5,
        "unitPrice": "$20.00 / 1KG"
    },
    {
        "category": "specials",
        "href": "https://www.woolworths.com.au/shop/productdetails/701112/higher-living-ginger-kick-tea-bags",
        "imgName": "701112.jpg",
        "imgSrc": "https://cdn0.woolworths.media/content/wowproductimages/medium/701112.jpg",
        "name": "Higher Living Ginger Kick Tea Bags 15pk 27g",
        "price": 3.7,
        "special": 2.5,
        "unitPrice": "$9.26 / 100G"
    },
    {
        "category": "specials",
        "href": "https://www.woolworths.com.au/shop/productdetails/703319/ocean-blue-crab-meat",
        "imgName": "703319.jpg",
        "imgSrc": "https://cdn0.woolworths.media/content/wowproductimages/medium/703319.jpg",
        "name": "Ocean Blue Crab Meat 140g",
        "price": 9,
        "special": 8,
        "unitPrice": "$57.14 / 1KG"
    },
    {
        "category": "specials",
        "href": "https://www.woolworths.com.au/shop/productdetails/726143/aunt-betty-s-chocolate-steamy-puds",
        "imgName": "726143.jpg",
        "imgSrc": "https://cdn0.woolworths.media/content/wowproductimages/medium/726143.jpg",
        "name": "Aunt Betty's Chocolate Steamy Puds 2x95g",
        "price": 4,
        "special": 3,
        "unitPrice": "$1.58 / 100G"
    },
    {
        "category": "specials",
        "href": "https://www.woolworths.com.au/shop/productdetails/717550/la-famiglia-garlic-bread-ciabatta",
        "imgName": "717550.jpg",
        "imgSrc": "https://cdn0.woolworths.media/content/wowproductimages/medium/717550.jpg",
        "name": "La Famiglia Garlic Bread Ciabatta 330g",
        "price": 6.75,
        "special": 5,
        "unitPrice": "$1.52 / 100G"
    },
    {
        "category": "specials",
        "href": "https://www.woolworths.com.au/shop/productdetails/722965/clio-comfort-bra-assorted-colours-14-16",
        "imgName": "722965.jpg",
        "imgSrc": "https://cdn0.woolworths.media/content/wowproductimages/medium/722965.jpg",
        "name": "Clio Comfort Bra Assorted Colours 14-16 each",
        "price": 7.5,
        "special": 5.25
    },
    {
        "category": "specials",
        "href": "https://www.woolworths.com.au/shop/productdetails/707316/woolworths-select-dishwashing-liquid-concentrate-lemon",
        "imgName": "707316.jpg",
        "imgSrc": "https://cdn0.woolworths.media/content/wowproductimages/medium/707316.jpg",
        "name": "Woolworths Select Dishwashing Liquid Concentrate Lemon 900ml",
        "price": 2.69,
        "unitPrice": "$0.30 / 100ML"
    },
    {
        "category": "specials",
        "href": "https://www.woolworths.com.au/shop/productdetails/661055/spiral-organic-extra-virgin-coconut-oil",
        "imgName": "661055.jpg",
        "imgSrc": "https://cdn0.woolworths.media/content/wowproductimages/medium/661055.jpg",
        "name": "Spiral Organic Extra Virgin Coconut Oil 473g",
        "price": 10,
        "special": 8.5,
        "unitPrice": "$1.80 / 100G"
    },
    {
        "category": "specials",
        "href": "https://www.woolworths.com.au/shop/productdetails/728154/mccain-ultra-thin-angus-beef-pizza",
        "imgName": "728154.jpg",
        "imgSrc": "https://cdn0.woolworths.media/content/wowproductimages/medium/728154.jpg",
        "name": "Mccain Ultra Thin Angus Beef Pizza 320g"
    },
    {
        "category": "specials",
        "href": "https://www.woolworths.com.au/shop/productdetails/750407/heinz-big-n-chunky-canned-soup-chilli-beef",
        "imgName": "750407.jpg",
        "imgSrc": "https://cdn0.woolworths.media/content/wowproductimages/medium/750407.jpg",
        "name": "Heinz Big N Chunky Canned Soup Chilli Beef 520g",
        "price": 2.5,
        "unitPrice": "$0.48 / 100G"
    },
    {
        "category": "specials",
        "href": "https://www.woolworths.com.au/shop/productdetails/742287/heinz-spaghetti-sausages-tomato-sauce",
        "imgName": "742287.jpg",
        "imgSrc": "https://cdn0.woolworths.media/content/wowproductimages/medium/742287.jpg",
        "name": "Heinz Spaghetti & Sausages & Tomato Sauce 420g",
        "price": 2.2,
        "special": 2,
        "unitPrice": "$0.48 / 100G"
    },
    {
        "category": "specials",
        "href": "https://www.woolworths.com.au/shop/productdetails/759156/bonds-ladies-underwear-hipster-boyleg-fashion-size-14",
        "imgName": "759156.jpg",
        "imgSrc": "https://cdn0.woolworths.media/content/wowproductimages/medium/759156.jpg",
        "name": "Bonds Ladies Underwear Hipster Boyleg Fashion Size 14 2pk",
        "price": 18,
        "special": 9
    },
    {
        "category": "specials",
        "href": "https://www.woolworths.com.au/shop/productdetails/762661/maybelline-bb-cream-dream-pure-light",
        "imgName": "762661.jpg",
        "imgSrc": "https://cdn0.woolworths.media/content/wowproductimages/medium/762661.jpg",
        "name": "Maybelline Bb Cream Dream Pure Light each",
        "price": 15.95,
        "special": 11.15,
        "unitPrice": "$12.39 / 10G"
    },
    {
        "category": "specials",
        "href": "https://www.woolworths.com.au/shop/productdetails/763259/golden-circle-puree-pineapple-mango",
        "imgName": "763259.jpg",
        "imgSrc": "https://cdn0.woolworths.media/content/wowproductimages/medium/763259.jpg",
        "name": "Golden Circle Puree Pineapple & Mango 120g",
        "price": 1.5,
        "unitPrice": "$12.50 / 1KG"
    },
    {
        "category": "specials",
        "href": "https://www.woolworths.com.au/shop/productdetails/754115/lindt-creation-milk-chocolate-heavenly-creme-brulee",
        "imgName": "754115.jpg",
        "imgSrc": "https://cdn0.woolworths.media/content/wowproductimages/medium/754115.jpg",
        "name": "Lindt Creation Milk Chocolate Heavenly Creme Brulee 100g block",
        "price": 4.25,
        "special": 2.12,
        "unitPrice": "$2.12 / 100G"
    },
    {
        "category": "specials",
        "href": "https://www.woolworths.com.au/shop/productdetails/755341/brite-organix-semi-permanent-hair-colour-purple",
        "imgName": "755341.jpg",
        "imgSrc": "https://cdn0.woolworths.media/content/wowproductimages/medium/755341.jpg",
        "name": "Brite Organix Semi Permanent Hair Colour Purple 75ml",
        "price": 10,
        "special": 8,
        "unitPrice": "$10.67 / 100ML"
    },
    {
        "category": "specials",
        "href": "https://www.woolworths.com.au/shop/productdetails/757338/bed-head-conditioner-reenergize",
        "imgName": "757338.jpg",
        "imgSrc": "https://cdn0.woolworths.media/content/wowproductimages/medium/757338.jpg",
        "name": "Bed Head Conditioner Reenergize 200ml",
        "price": 19,
        "unitPrice": "$9.50 / 100ML"
    },
    {
        "category": "specials",
        "href": "https://www.woolworths.com.au/shop/productdetails/759129/bonds-ladies-underwear-hipster-boyleg-fashion-size-10",
        "imgName": "759129.jpg",
        "imgSrc": "https://cdn0.woolworths.media/content/wowproductimages/medium/759129.jpg",
        "name": "Bonds Ladies Underwear Hipster Boyleg Fashion Size 10 2pk",
        "price": 18,
        "special": 9
    },
    {
        "category": "specials",
        "href": "https://www.woolworths.com.au/shop/productdetails/785336/white-wings-dessert-mix-chocolate-profiteroles",
        "imgName": "785336.jpg",
        "imgSrc": "https://cdn0.woolworths.media/content/wowproductimages/medium/785336.jpg",
        "name": "White Wings Dessert Mix Chocolate Profiteroles 230g",
        "price": 4,
        "unitPrice": "$1.74 / 100G"
    },
    {
        "category": "specials",
        "href": "https://www.woolworths.com.au/shop/productdetails/860750/heinz-creationz-fiery-mexican-style-beanz",
        "imgName": "860750.jpg",
        "imgSrc": "https://cdn0.woolworths.media/content/wowproductimages/medium/860750.jpg",
        "name": "Heinz Creationz Fiery Mexican Style Beanz 420g",
        "price": 2.5,
        "special": 2,
        "unitPrice": "$0.48 / 100G"
    },
    {
        "category": "specials",
        "href": "https://www.woolworths.com.au/shop/productdetails/828973/cadbury-caramels",
        "imgName": "828973.jpg",
        "imgSrc": "https://cdn0.woolworths.media/content/wowproductimages/medium/828973.jpg",
        "name": "Cadbury Caramels  160g bag",
        "price": 4,
        "special": 3,
        "unitPrice": "$1.88 / 100G"
    },
    {
        "category": "specials",
        "href": "https://www.woolworths.com.au/shop/productdetails/774187/cawston-press-apple-elderflower",
        "imgName": "774187.jpg",
        "imgSrc": "https://cdn0.woolworths.media/content/wowproductimages/medium/774187.jpg",
        "name": "Cawston Press Apple & Elderflower  1l",
        "price": 4,
        "unitPrice": "$4.00 / 1L"
    },
    {
        "category": "specials",
        "href": "https://www.woolworths.com.au/shop/productdetails/786049/glade-gel-decorative-lavender-vanilla",
        "imgName": "786049.jpg",
        "imgSrc": "https://cdn0.woolworths.media/content/wowproductimages/medium/786049.jpg",
        "name": "Glade Gel Decorative Lavender & Vanilla 170g",
        "price": 3,
        "unitPrice": "$1.76 / 100G"
    },
    {
        "category": "specials",
        "href": "https://www.woolworths.com.au/shop/productdetails/782535/inspire-bakeware-round-pan",
        "imgName": "782535.jpg",
        "imgSrc": "https://cdn0.woolworths.media/content/wowproductimages/medium/782535.jpg",
        "name": "Inspire Bakeware Round Pan 18cm each",
        "price": 6,
        "special": 4.2
    },
    {
        "category": "specials",
        "href": "https://www.woolworths.com.au/shop/productdetails/790107/little-bellies-baby-puffs-yummy-carrot",
        "imgName": "790107.jpg",
        "imgSrc": "https://cdn0.woolworths.media/content/wowproductimages/medium/790107.jpg",
        "name": "Little Bellies Baby Puffs Yummy Carrot 12g",
        "price": 2,
        "special": 1.7,
        "unitPrice": "$14.17 / 100G"
    },
    {
        "category": "specials",
        "href": "https://www.woolworths.com.au/shop/productdetails/888049/pop-tops-water-6x250ml-",
        "imgName": "888049.jpg",
        "imgSrc": "https://cdn0.woolworths.media/content/wowproductimages/medium/888049.jpg",
        "name": "Pop Tops Water (6x250ml) 1500ml",
        "price": 5.25,
        "special": 4,
        "unitPrice": "$2.67 / 1L"
    },
    {
        "category": "specials",
        "href": "https://www.woolworths.com.au/shop/productdetails/903258/johnnie-walker-green-label-scotch-whisky",
        "imgName": "903258.jpg",
        "imgSrc": "https://cdn0.woolworths.media/content/wowproductimages/medium/903258.jpg",
        "name": "Johnnie Walker Green Label Scotch Whisky 700ml",
        "price": 85,
        "special": 68
    },
    {
        "category": "specials",
        "href": "https://www.woolworths.com.au/shop/productdetails/868644/mud-blush-001-rose",
        "imgName": "868644.jpg",
        "imgSrc": "https://cdn0.woolworths.media/content/wowproductimages/medium/868644.jpg",
        "name": "Mud Blush 001 Rose 5g",
        "price": 4.5,
        "unitPrice": "$9.00 / 10G"
    },
    {
        "category": "specials",
        "href": "https://www.woolworths.com.au/shop/productdetails/868663/mud-bronzer-shade-001",
        "imgName": "868663.jpg",
        "imgSrc": "https://cdn0.woolworths.media/content/wowproductimages/medium/868663.jpg",
        "name": "Mud Bronzer Shade 001 5g",
        "price": 4.5,
        "unitPrice": "$9.00 / 10G"
    },
    {
        "category": "specials",
        "href": "https://www.woolworths.com.au/shop/productdetails/877393/maybelline-fit-me-matte-poreless-foundation-natural-beige-220",
        "imgName": "877393.jpg",
        "imgSrc": "https://cdn0.woolworths.media/content/wowproductimages/medium/877393.jpg",
        "name": "Maybelline Fit Me Matte + Poreless Foundation Natural Beige 220 30ml"
    },
    {
        "category": "specials",
        "href": "https://www.woolworths.com.au/shop/productdetails/854194/essentials-nylon-turner",
        "imgName": "854194.jpg",
        "imgSrc": "https://cdn0.woolworths.media/content/wowproductimages/medium/854194.jpg",
        "name": "Essentials Nylon Turner  each",
        "price": 2
    },
    {
        "category": "specials",
        "href": "https://www.woolworths.com.au/shop/productdetails/187769/spc-spaghetti-rich-tomato-sauce",
        "imgName": "187769.jpg",
        "imgSrc": "https://cdn0.woolworths.media/content/wowproductimages/medium/187769.jpg",
        "name": "Spc Spaghetti Rich Tomato Sauce 420g",
        "price": 1.15,
        "special": 1,
        "unitPrice": "$0.24 / 100G"
    },
    {
        "category": "specials",
        "href": "https://www.woolworths.com.au/shop/productdetails/578414/fantastic-honey-soy-rice-mini",
        "imgName": "578414.jpg",
        "imgSrc": "https://cdn0.woolworths.media/content/wowproductimages/medium/578414.jpg",
        "name": "Fantastic Honey Soy Rice Mini 80g",
        "price": 2.5,
        "special": 1.5,
        "unitPrice": "$1.88 / 100G"
    },
    {
        "category": "specials",
        "href": "https://www.woolworths.com.au/shop/productdetails/69369/bega-tasty-natural-cheese-slices",
        "imgName": "069369.jpg",
        "imgSrc": "https://cdn0.woolworths.media/content/wowproductimages/medium/069369.jpg",
        "name": "Bega Tasty Natural Cheese Slices 15pk 250g",
        "price": 5.7,
        "special": 4,
        "unitPrice": "$16.00 / 1KG"
    },
    {
        "category": "specials",
        "href": "https://www.woolworths.com.au/shop/productdetails/729643/lindt-gourmet-truffles",
        "imgName": "729643.jpg",
        "imgSrc": "https://cdn0.woolworths.media/content/wowproductimages/medium/729643.jpg",
        "name": "Lindt Gourmet Truffles  207g gift box",
        "price": 18.5,
        "special": 16,
        "unitPrice": "$7.73 / 100G"
    },
    {
        "category": "specials",
        "href": "https://www.woolworths.com.au/shop/productdetails/798320/aussie-bodies-protein-fx-lo-carb-salted-caramel",
        "imgName": "798320.jpg",
        "imgSrc": "https://cdn0.woolworths.media/content/wowproductimages/medium/798320.jpg",
        "name": "Aussie Bodies Protein Fx Lo Carb Salted Caramel 30g",
        "price": 2.5,
        "special": 2,
        "unitPrice": "$6.67 / 100G"
    },
    {
        "category": "specials",
        "href": "https://www.woolworths.com.au/shop/productdetails/826437/cadbury-dairy-milk-chocolate-peppermint",
        "imgName": "826437.jpg",
        "imgSrc": "https://cdn0.woolworths.media/content/wowproductimages/medium/826437.jpg",
        "name": "Cadbury Dairy Milk Chocolate Peppermint 200g block",
        "price": 5,
        "special": 3.5,
        "unitPrice": "$1.75 / 100G"
    },
    {
        "category": "specials",
        "href": "https://www.woolworths.com.au/shop/productdetails/829544/morning-fresh-dishwashing-liquid-original",
        "imgName": "829544.jpg",
        "imgSrc": "https://cdn0.woolworths.media/content/wowproductimages/medium/829544.jpg",
        "name": "Morning Fresh Dishwashing Liquid Original 400ml",
        "price": 3.95,
        "special": 3,
        "unitPrice": "$0.75 / 100ML"
    },
    {
        "category": "specials",
        "href": "https://www.woolworths.com.au/shop/productdetails/841509/rexona-women-antiperspirant-roll-on-deodorant-classic",
        "imgName": "841509.jpg",
        "imgSrc": "https://cdn0.woolworths.media/content/wowproductimages/medium/841509.jpg",
        "name": "Rexona Women Antiperspirant Roll On Deodorant Classic 50ml",
        "price": 4,
        "special": 3,
        "unitPrice": "$6.00 / 100ML"
    },
    {
        "category": "specials",
        "href": "https://www.woolworths.com.au/shop/productdetails/921672/woolworths-select-carrot-loaf",
        "imgName": "921672.jpg",
        "imgSrc": "https://cdn0.woolworths.media/content/wowproductimages/medium/921672.jpg",
        "name": "Woolworths Select Carrot Loaf  540g",
        "price": 4.5,
        "unitPrice": "$0.83 / 100G"
    },
    {
        "category": "specials",
        "href": "https://www.woolworths.com.au/shop/productdetails/24463/bonds-womens-underwear-cottontails-size-20",
        "imgName": "024463.jpg",
        "imgSrc": "https://cdn0.woolworths.media/content/wowproductimages/medium/024463.jpg",
        "name": "Bonds Womens Underwear Cottontails Size 20 2pk",
        "price": 13,
        "special": 6.5
    },
    {
        "category": "specials",
        "href": "https://www.woolworths.com.au/shop/productdetails/26955/four-n-twenty-sausage-roll-jumbo",
        "imgName": "026955.jpg",
        "imgSrc": "https://cdn0.woolworths.media/content/wowproductimages/medium/026955.jpg",
        "name": "Four N Twenty Sausage Roll Jumbo 6pk 700g",
        "price": 6,
        "unitPrice": "$0.86 / 100G"
    },
    {
        "category": "specials",
        "href": "https://www.woolworths.com.au/shop/productdetails/36815/home-essentials-bakeware-stainless-steel-sifter",
        "imgName": "036815.jpg",
        "imgSrc": "https://cdn0.woolworths.media/content/wowproductimages/medium/036815.jpg",
        "name": "Home Essentials Bakeware Stainless Steel Sifter each",
        "price": 10
    },
    {
        "category": "specials",
        "href": "https://www.woolworths.com.au/shop/productdetails/19345/vaalia-low-fat-yoghurt-apricot-mango-peach",
        "imgName": "019345.jpg",
        "imgSrc": "https://cdn0.woolworths.media/content/wowproductimages/medium/019345.jpg",
        "name": "Vaalia Low Fat Yoghurt Apricot Mango & Peach 4x150g",
        "price": 4,
        "unitPrice": "$0.67 / 100G"
    },
    {
        "category": "specials",
        "href": "https://www.woolworths.com.au/shop/productdetails/36446/arnott-s-plain-lattice",
        "imgName": "036446.jpg",
        "imgSrc": "https://cdn0.woolworths.media/content/wowproductimages/medium/036446.jpg",
        "name": "Arnott's Plain Lattice  200g",
        "price": 3.05,
        "special": 2.5,
        "unitPrice": "$1.25 / 100G"
    },
    {
        "category": "specials",
        "href": "https://www.woolworths.com.au/shop/productdetails/43688/the-natural-confectionery-co-jelly-babies",
        "imgName": "043688.jpg",
        "imgSrc": "https://cdn0.woolworths.media/content/wowproductimages/medium/043688.jpg",
        "name": "The Natural Confectionery Co Jelly Babies  260g bag",
        "price": 4,
        "special": 3,
        "unitPrice": "$1.15 / 100G"
    },
    {
        "category": "specials",
        "href": "https://www.woolworths.com.au/shop/productdetails/22239/mccain-beans-baby",
        "imgName": "022239.jpg",
        "imgSrc": "https://cdn0.woolworths.media/content/wowproductimages/medium/022239.jpg",
        "name": "Mccain Beans Baby 500g",
        "price": 3.09,
        "special": 2.56,
        "unitPrice": "$5.12 / 1KG"
    },
    {
        "category": "specials",
        "href": "https://www.woolworths.com.au/shop/productdetails/18229/essentials-bathroom-cleaner-ammonia",
        "imgName": "018229.jpg",
        "imgSrc": "https://cdn0.woolworths.media/content/wowproductimages/medium/018229.jpg",
        "name": "Essentials Bathroom Cleaner Ammonia 1l",
        "price": 1.4,
        "unitPrice": "$0.14 / 100ML"
    },
    {
        "category": "specials",
        "href": "https://www.woolworths.com.au/shop/productdetails/93187/sprite-bottle",
        "imgName": "093187.jpg",
        "imgSrc": "https://cdn0.woolworths.media/content/wowproductimages/medium/093187.jpg",
        "name": "Sprite Bottle  600ml",
        "price": 3.6,
        "unitPrice": "$6.00 / 1L"
    },
    {
        "category": "specials",
        "href": "https://www.woolworths.com.au/shop/productdetails/37493/fantastic-crispy-bacon-noodle-cup",
        "imgName": "037493.jpg",
        "imgSrc": "https://cdn0.woolworths.media/content/wowproductimages/medium/037493.jpg",
        "name": "Fantastic Crispy Bacon Noodle Cup 70g",
        "price": 1.6,
        "special": 1.4,
        "unitPrice": "$2.00 / 100G"
    },
    {
        "category": "specials",
        "href": "https://www.woolworths.com.au/shop/productdetails/51379/woolworths-skim-milk",
        "imgName": "051379.jpg",
        "imgSrc": "https://cdn0.woolworths.media/content/wowproductimages/medium/051379.jpg",
        "name": "Woolworths Skim Milk 1l",
        "price": 1.2,
        "unitPrice": "$1.20 / 1L"
    },
    {
        "category": "specials",
        "href": "https://www.woolworths.com.au/shop/productdetails/76486/scotts-garden-lawn-builder",
        "imgName": "076486.jpg",
        "imgSrc": "https://cdn0.woolworths.media/content/wowproductimages/medium/076486.jpg",
        "name": "Scotts Garden Lawn Builder 2.5kg",
        "price": 18,
        "special": 14.4,
        "unitPrice": "$0.58 / 100G"
    },
    {
        "category": "specials",
        "href": "https://www.woolworths.com.au/shop/productdetails/83764/barilla-penne-rigate-pasta-no-73",
        "imgName": "083764.jpg",
        "imgSrc": "https://cdn0.woolworths.media/content/wowproductimages/medium/083764.jpg",
        "name": "Barilla Penne Rigate Pasta No 73 500g",
        "price": 1.99,
        "unitPrice": "$0.40 / 100G"
    },
    {
        "category": "specials",
        "href": "https://www.woolworths.com.au/shop/productdetails/87686/pandaroo-rice-stick-kongmoon",
        "imgName": "087686.jpg",
        "imgSrc": "https://cdn0.woolworths.media/content/wowproductimages/medium/087686.jpg",
        "name": "Pandaroo Rice Stick Kongmoon 454g",
        "price": 2.1,
        "special": 1.85,
        "unitPrice": "$0.41 / 100G"
    },
    {
        "category": "specials",
        "href": "https://www.woolworths.com.au/shop/productdetails/63040/bonne-maman-strawberry-conserve",
        "imgName": "063040.jpg",
        "imgSrc": "https://cdn0.woolworths.media/content/wowproductimages/medium/063040.jpg",
        "name": "Bonne Maman Strawberry Conserve 370g",
        "price": 5.2,
        "special": 4,
        "unitPrice": "$1.08 / 100G"
    },
    {
        "category": "specials",
        "href": "https://www.woolworths.com.au/shop/productdetails/72540/john-west-tempters-salmon-smoked-flavour",
        "imgName": "072540.jpg",
        "imgSrc": "https://cdn0.woolworths.media/content/wowproductimages/medium/072540.jpg",
        "name": "John West Tempters Salmon Smoked Flavour 95g",
        "price": 2.35,
        "special": 2,
        "unitPrice": "$21.05 / 1KG"
    },
    {
        "category": "specials",
        "href": "https://www.woolworths.com.au/shop/productdetails/46473/woolworths-roasting-dish",
        "imgName": "046473.jpg",
        "imgSrc": "https://cdn0.woolworths.media/content/wowproductimages/medium/046473.jpg",
        "name": "Woolworths Roasting Dish 1each",
        "price": 2.5,
        "special": 2
    },
    {
        "category": "specials",
        "href": "https://www.woolworths.com.au/shop/productdetails/44127/aunty-kath-s-cookie-dough-choc-chip",
        "imgName": "044127.jpg",
        "imgSrc": "https://cdn0.woolworths.media/content/wowproductimages/medium/044127.jpg",
        "name": "Aunty Kath's Cookie Dough Choc Chip 450g",
        "price": 4.8,
        "unitPrice": "$1.07 / 100G"
    },
    {
        "category": "specials",
        "href": "https://www.woolworths.com.au/shop/productdetails/107454/garnier-nutrisse-6-0-acorn",
        "imgName": "107454.jpg",
        "imgSrc": "https://cdn0.woolworths.media/content/wowproductimages/medium/107454.jpg",
        "name": "Garnier Nutrisse 6.0 Acorn 1pk",
        "price": 12
    },
    {
        "category": "specials",
        "href": "https://www.woolworths.com.au/shop/productdetails/107473/garnier-nutrisse-3-6-crimson-promise",
        "imgName": "107473.jpg",
        "imgSrc": "https://cdn0.woolworths.media/content/wowproductimages/medium/107473.jpg",
        "name": "Garnier Nutrisse 3.6 Crimson Promise 1pk",
        "price": 12
    },
    {
        "category": "specials",
        "href": "https://www.woolworths.com.au/shop/productdetails/71484/whittakers-peanut-slab-milk-chocolate",
        "imgName": "071484.jpg",
        "imgSrc": "https://cdn0.woolworths.media/content/wowproductimages/medium/071484.jpg",
        "name": "Whittakers Peanut Slab Milk Chocolate 50g bar",
        "price": 1.4,
        "special": 1.1,
        "unitPrice": "$2.20 / 100G"
    },
    {
        "category": "specials",
        "href": "https://www.woolworths.com.au/shop/productdetails/98520/john-west-tuna-slices-smoked-in-olive-oil",
        "imgName": "098520.jpg",
        "imgSrc": "https://cdn0.woolworths.media/content/wowproductimages/medium/098520.jpg",
        "name": "John West Tuna Slices Smoked In Olive Oil 125g",
        "price": 3,
        "special": 2.5,
        "unitPrice": "$20.00 / 1KG"
    },
    {
        "category": "specials",
        "href": "https://www.woolworths.com.au/shop/productdetails/145433/olay-total-effects-7-in-1-day-cream-normal",
        "imgName": "145433.jpg",
        "imgSrc": "https://cdn0.woolworths.media/content/wowproductimages/medium/145433.jpg",
        "name": "Olay Total Effects 7-in-1 Day Cream Normal 50g",
        "price": 33.5,
        "special": 16.75,
        "unitPrice": "$33.50 / 100G"
    },
    {
        "category": "specials",
        "href": "https://www.woolworths.com.au/shop/productdetails/254544/colgate-kids-toothbrush-electric-power-extra-soft",
        "imgName": "254544.jpg",
        "imgSrc": "https://cdn0.woolworths.media/content/wowproductimages/medium/254544.jpg",
        "name": "Colgate Kids Toothbrush Electric Power Extra Soft each",
        "price": 11,
        "special": 8,
        "unitPrice": "$8.00 / 1EA"
    },
    {
        "category": "specials",
        "href": "https://www.woolworths.com.au/shop/productdetails/252541/creative-gourmet-frozen-fruit-blueberries",
        "imgName": "252541.jpg",
        "imgSrc": "https://cdn0.woolworths.media/content/wowproductimages/medium/252541.jpg",
        "name": "Creative Gourmet Frozen Fruit Blueberries 500g",
        "price": 6,
        "special": 4.5,
        "unitPrice": "$9.00 / 1KG"
    },
    {
        "category": "specials",
        "href": "https://www.woolworths.com.au/shop/productdetails/200059/cenovis-easy-sleep-valerian-200mg-capsules",
        "imgName": "200059.jpg",
        "imgSrc": "https://cdn0.woolworths.media/content/wowproductimages/medium/200059.jpg",
        "name": "Cenovis Easy Sleep Valerian 200mg Capsules 30",
        "price": 10.5,
        "unitPrice": "$35.00 / 100EA"
    },
    {
        "category": "specials",
        "href": "https://www.woolworths.com.au/shop/productdetails/213853/fruche-vanilla-bean-dessert",
        "imgName": "213853.jpg",
        "imgSrc": "https://cdn0.woolworths.media/content/wowproductimages/medium/213853.jpg",
        "name": "Fruche Vanilla Bean Dessert 2x150g",
        "price": 2.9,
        "special": 2.5,
        "unitPrice": "$0.83 / 100G"
    },
    {
        "category": "specials",
        "href": "https://www.woolworths.com.au/shop/productdetails/226528/vileda-sponge-non-scratch-scouring",
        "imgName": "226528.jpg",
        "imgSrc": "https://cdn0.woolworths.media/content/wowproductimages/medium/226528.jpg",
        "name": "Vileda Sponge Non Scratch Scouring 2pk",
        "price": 4.39,
        "special": 3.95,
        "unitPrice": "$1.98 / 1EA"
    },
    {
        "category": "specials",
        "href": "https://www.woolworths.com.au/shop/productdetails/180891/saxbys-diet-ginger-beer",
        "imgName": "180891.jpg",
        "imgSrc": "https://cdn0.woolworths.media/content/wowproductimages/medium/180891.jpg",
        "name": "Saxbys Diet Ginger Beer  750ml",
        "price": 2.15,
        "unitPrice": "$2.87 / 1L"
    },
    {
        "category": "specials",
        "href": "https://www.woolworths.com.au/shop/productdetails/298550/garnier-make-up-remover-sensitive-2-in-1-waterproof",
        "imgName": "298550.jpg",
        "imgSrc": "https://cdn0.woolworths.media/content/wowproductimages/medium/298550.jpg",
        "name": "Garnier Make Up Remover Sensitive 2 In 1 Waterproof 200ml",
        "price": 10.49,
        "special": 7.3,
        "unitPrice": "$3.65 / 100ML"
    },
    {
        "category": "specials",
        "href": "https://www.woolworths.com.au/shop/productdetails/319340/sausages-tonight-simmer-sauce-mild-curry",
        "imgName": "319340.jpg",
        "imgSrc": "https://cdn0.woolworths.media/content/wowproductimages/medium/319340.jpg",
        "name": "Sausages Tonight Simmer Sauce Mild Curry 495g",
        "price": 3.15,
        "unitPrice": "$0.64 / 100G"
    },
    {
        "category": "specials",
        "href": "https://www.woolworths.com.au/shop/productdetails/251356/woolworths-pure-blend-honey",
        "imgName": "251356.jpg",
        "imgSrc": "https://cdn0.woolworths.media/content/wowproductimages/medium/251356.jpg",
        "name": "Woolworths Pure Blend Honey 400g",
        "price": 5,
        "unitPrice": "$1.25 / 100G"
    },
    {
        "category": "specials",
        "href": "https://www.woolworths.com.au/shop/productdetails/317793/lipton-ice-tea-mango",
        "imgName": "317793.jpg",
        "imgSrc": "https://cdn0.woolworths.media/content/wowproductimages/medium/317793.jpg",
        "name": "Lipton Ice Tea Mango 1.5l",
        "price": 3.9,
        "special": 1.89,
        "unitPrice": "$1.26 / 1L"
    },
    {
        "category": "specials",
        "href": "https://www.woolworths.com.au/shop/productdetails/193761/devondale-colby-cheese",
        "imgName": "193761.jpg",
        "imgSrc": "https://cdn0.woolworths.media/content/wowproductimages/medium/193761.jpg",
        "name": "Devondale Colby Cheese 625g",
        "price": 7,
        "unitPrice": "$11.20 / 1KG"
    },
    {
        "category": "specials",
        "href": "https://www.woolworths.com.au/shop/productdetails/194935/indian-tonight-simmer-sauce-butter-chicken",
        "imgName": "194935.jpg",
        "imgSrc": "https://cdn0.woolworths.media/content/wowproductimages/medium/194935.jpg",
        "name": "Indian Tonight Simmer Sauce Butter Chicken 495g",
        "price": 3.15,
        "unitPrice": "$0.64 / 100G"
    },
    {
        "category": "specials",
        "href": "https://www.woolworths.com.au/shop/productdetails/344157/my-dog-adult-dog-food-chicken-supreme-multipack",
        "imgName": "344157.jpg",
        "imgSrc": "https://cdn0.woolworths.media/content/wowproductimages/medium/344157.jpg",
        "name": "My Dog Adult Dog Food Chicken Supreme Multipack 12pk 100g",
        "price": 12,
        "unitPrice": "$1.00 / 100G"
    },
    {
        "category": "specials",
        "href": "https://www.woolworths.com.au/shop/productdetails/344158/my-dog-adult-dog-food-classic-lamb-multipack",
        "imgName": "344158.jpg",
        "imgSrc": "https://cdn0.woolworths.media/content/wowproductimages/medium/344158.jpg",
        "name": "My Dog Adult Dog Food Classic Lamb Multipack 12pk 100g",
        "price": 12,
        "unitPrice": "$1.00 / 100G"
    },
    {
        "category": "specials",
        "href": "https://www.woolworths.com.au/shop/productdetails/341125/woolworths-garlic-crackers-garlic",
        "imgName": "341125.jpg",
        "imgSrc": "https://cdn0.woolworths.media/content/wowproductimages/medium/341125.jpg",
        "name": "Woolworths Garlic Crackers Garlic 200g",
        "price": 2,
        "unitPrice": "$1.00 / 100G"
    },
    {
        "category": "specials",
        "href": "https://www.woolworths.com.au/shop/productdetails/258870/pantene-pro-v-colour-therapy-shampoo",
        "imgName": "258870.jpg",
        "imgSrc": "https://cdn0.woolworths.media/content/wowproductimages/medium/258870.jpg",
        "name": "Pantene Pro-v Colour Therapy Shampoo 350ml",
        "price": 4.5,
        "unitPrice": "$1.29 / 100ML"
    },
    {
        "category": "specials",
        "href": "https://www.woolworths.com.au/shop/productdetails/229229/pandaroo-japanese-sushi-bamboo-mat-24cm",
        "imgName": "229229.jpg",
        "imgSrc": "https://cdn0.woolworths.media/content/wowproductimages/medium/229229.jpg",
        "name": "Pandaroo Japanese Sushi Bamboo Mat 24cm 1pk",
        "price": 2,
        "special": 1.75
    },
    {
        "category": "specials",
        "href": "https://www.woolworths.com.au/shop/productdetails/334528/rafferty-s-garden-food-4-months-pear-apricot",
        "imgName": "334528.jpg",
        "imgSrc": "https://cdn0.woolworths.media/content/wowproductimages/medium/334528.jpg",
        "name": "Rafferty's Garden Food 4 Months+ Pear & Apricot 120g",
        "price": 1.65,
        "unitPrice": "$1.38 / 100G"
    },
    {
        "category": "specials",
        "href": "https://www.woolworths.com.au/shop/productdetails/253620/bonds-womens-socks-logo-low-cut-logo-size-3-8",
        "imgName": "253620.jpg",
        "imgSrc": "https://cdn0.woolworths.media/content/wowproductimages/medium/253620.jpg",
        "name": "Bonds Womens Socks Logo Low Cut Logo Size 3-8 3pk",
        "price": 14,
        "special": 7,
        "unitPrice": "$2.33 / 1EA"
    },
    {
        "category": "specials",
        "href": "https://www.woolworths.com.au/shop/productdetails/448979/sara-lee-baked-cheesecake-berry-coulis",
        "imgName": "448979.jpg",
        "imgSrc": "https://cdn0.woolworths.media/content/wowproductimages/medium/448979.jpg",
        "name": "Sara Lee Baked Cheesecake Berry Coulis 800g",
        "price": 12.99,
        "special": 11,
        "unitPrice": "$1.38 / 100G"
    },
    {
        "category": "specials",
        "href": "https://www.woolworths.com.au/shop/productdetails/330654/masterfoods-relish-cafe-green-tomato",
        "imgName": "330654.jpg",
        "imgSrc": "https://cdn0.woolworths.media/content/wowproductimages/medium/330654.jpg",
        "name": "Masterfoods Relish Cafe Green Tomato 250g",
        "price": 3.3,
        "special": 2.5,
        "unitPrice": "$10.00 / 1KG"
    },
    {
        "category": "specials",
        "href": "https://www.woolworths.com.au/shop/productdetails/361096/bonds-mens-socks-logo-1-4-crew-sports-size-11-14",
        "imgName": "361096.jpg",
        "imgSrc": "https://cdn0.woolworths.media/content/wowproductimages/medium/361096.jpg",
        "name": "Bonds Mens Socks Logo 1/4 Crew Sports Size 11-14 3pk",
        "price": 14,
        "special": 7,
        "unitPrice": "$2.33 / 1EA"
    },
    {
        "category": "specials",
        "href": "https://www.woolworths.com.au/shop/productdetails/230975/continental-value-pack-pasta-sauce-macaroni-cheese",
        "imgName": "230975.jpg",
        "imgSrc": "https://cdn0.woolworths.media/content/wowproductimages/medium/230975.jpg",
        "name": "Continental Value Pack Pasta & Sauce Macaroni Cheese 170g",
        "price": 2.99,
        "unitPrice": "$1.76 / 100G"
    },
    {
        "category": "specials",
        "href": "https://www.woolworths.com.au/shop/productdetails/331595/macro-organic-corn-chips-natural",
        "imgName": "331595.jpg",
        "imgSrc": "https://cdn0.woolworths.media/content/wowproductimages/medium/331595.jpg",
        "name": "Macro Organic Corn Chips Natural 200g",
        "price": 2.5,
        "unitPrice": "$1.25 / 100G"
    },
    {
        "category": "specials",
        "href": "https://www.woolworths.com.au/shop/productdetails/370990/bonds-no-show-footlets-black-3-8-8-11-",
        "imgName": "370990.jpg",
        "imgSrc": "https://cdn0.woolworths.media/content/wowproductimages/medium/370990.jpg",
        "name": "Bonds No Show Footlets Black  (3-8 & 8-11) each",
        "price": 4,
        "special": 2
    },
    {
        "category": "specials",
        "href": "https://www.woolworths.com.au/shop/productdetails/384246/arnott-s-shapes-savoury",
        "imgName": "384246.jpg",
        "imgSrc": "https://cdn0.woolworths.media/content/wowproductimages/medium/384246.jpg",
        "name": "Arnott's Shapes Savoury 185g",
        "price": 3,
        "special": 2,
        "unitPrice": "$1.08 / 100G"
    },
    {
        "category": "specials",
        "href": "https://www.woolworths.com.au/shop/productdetails/265573/xstreem-16-led-flashlight",
        "imgName": "265573.jpg",
        "imgSrc": "https://cdn0.woolworths.media/content/wowproductimages/medium/265573.jpg",
        "name": "Xstreem 16 Led Flashlight  each",
        "price": 17,
        "special": 15
    },
    {
        "category": "specials",
        "href": "https://www.woolworths.com.au/shop/productdetails/358119/bonds-explorer-socks-mens-black-size-11-14",
        "imgName": "358119.jpg",
        "imgSrc": "https://cdn0.woolworths.media/content/wowproductimages/medium/358119.jpg",
        "name": "Bonds Explorer Socks Mens Black Size 11-14 1pk",
        "price": 14,
        "special": 7
    },
    {
        "category": "specials",
        "href": "https://www.woolworths.com.au/shop/productdetails/430557/barbie-beach-doll",
        "imgName": "430557.jpg",
        "imgSrc": "https://cdn0.woolworths.media/content/wowproductimages/medium/430557.jpg",
        "name": "Barbie Beach Doll 1ea",
        "price": 10,
        "special": 5
    },
    {
        "category": "specials",
        "href": "https://www.woolworths.com.au/shop/productdetails/329190/maybelline-dream-liquid-mousse-foundation-classic-ivory",
        "imgName": "329190.jpg",
        "imgSrc": "https://cdn0.woolworths.media/content/wowproductimages/medium/329190.jpg",
        "name": "Maybelline Dream Liquid Mousse Foundation Classic Ivory 30ml",
        "price": 22.95,
        "special": 16,
        "unitPrice": "$5.33 / 10ML"
    },
    {
        "category": "specials",
        "href": "https://www.woolworths.com.au/shop/productdetails/425610/olsent-light-globe-led-gls-es-5w-470lum",
        "imgName": "425610.jpg",
        "imgSrc": "https://cdn0.woolworths.media/content/wowproductimages/medium/425610.jpg",
        "name": "Olsent Light Globe Led Gls Es 5w 470lum 2pk",
        "price": 10,
        "unitPrice": "$5.00 / 1EA"
    },
    {
        "category": "specials",
        "href": "https://www.woolworths.com.au/shop/productdetails/343799/walkers-shortbread-shortbread-pure-butter",
        "imgName": "343799.jpg",
        "imgSrc": "https://cdn0.woolworths.media/content/wowproductimages/medium/343799.jpg",
        "name": "Walkers Shortbread Shortbread Pure Butter 190g",
        "price": 3,
        "unitPrice": "$1.58 / 100G"
    },
    {
        "category": "specials",
        "href": "https://www.woolworths.com.au/shop/productdetails/360069/optimum-puppy-food-chicken",
        "imgName": "360069.jpg",
        "imgSrc": "https://cdn0.woolworths.media/content/wowproductimages/medium/360069.jpg",
        "name": "Optimum Puppy Food Chicken 3kg",
        "price": 17.3,
        "special": 14,
        "unitPrice": "$0.47 / 100G"
    },
    {
        "category": "specials",
        "href": "https://www.woolworths.com.au/shop/productdetails/459778/mitchum-women-s-clinical-protection-no-white-marks",
        "imgName": "459778.jpg",
        "imgSrc": "https://cdn0.woolworths.media/content/wowproductimages/medium/459778.jpg",
        "name": "Mitchum Women's Clinical Protection No White Marks 57g",
        "price": 10,
        "unitPrice": "$17.54 / 100G"
    },
    {
        "category": "specials",
        "href": "https://www.woolworths.com.au/shop/productdetails/452133/maggi-tomato-onion-sausages-recipe-base",
        "imgName": "452133.jpg",
        "imgSrc": "https://cdn0.woolworths.media/content/wowproductimages/medium/452133.jpg",
        "name": "Maggi Tomato & Onion Sausages Recipe Base 39g",
        "price": 1.75,
        "unitPrice": "$4.49 / 100G"
    },
    {
        "category": "specials",
        "href": "https://www.woolworths.com.au/shop/productdetails/519374/farmers-market-adult-dog-food-beef-carrot-pea-chia",
        "imgName": "519374.jpg",
        "imgSrc": "https://cdn0.woolworths.media/content/wowproductimages/medium/519374.jpg",
        "name": "Farmers Market Adult Dog Food Beef Carrot Pea & Chia 100g",
        "price": 1.5,
        "special": 1,
        "unitPrice": "$1.00 / 100G"
    },
    {
        "category": "specials",
        "href": "https://www.woolworths.com.au/shop/productdetails/442694/wrigley-s-extra-gum-peppermint",
        "imgName": "442694.jpg",
        "imgSrc": "https://cdn0.woolworths.media/content/wowproductimages/medium/442694.jpg",
        "name": "Wrigley's Extra Gum Peppermint 10x4pk",
        "price": 3.5,
        "special": 3,
        "unitPrice": "$5.36 / 100G"
    },
    {
        "category": "specials",
        "href": "https://www.woolworths.com.au/shop/productdetails/524580/energizer-lightning-2m-cable-white",
        "imgName": "524580.jpg",
        "imgSrc": "https://cdn0.woolworths.media/content/wowproductimages/medium/524580.jpg",
        "name": "Energizer Lightning 2m Cable - White  each",
        "price": 30,
        "special": 27
    },
    {
        "category": "specials",
        "href": "https://www.woolworths.com.au/shop/productdetails/452500/the-spice-tailor-delicate-korma-curry",
        "imgName": "452500.jpg",
        "imgSrc": "https://cdn0.woolworths.media/content/wowproductimages/medium/452500.jpg",
        "name": "The Spice Tailor Delicate Korma Curry  300g",
        "price": 5.5,
        "special": 4.4,
        "unitPrice": "$1.47 / 100G"
    },
    {
        "category": "specials",
        "href": "https://www.woolworths.com.au/shop/productdetails/480240/the-bar-counter-gluten-free-bar-high-protein-chocolate-mint",
        "imgName": "480240.jpg",
        "imgSrc": "https://cdn0.woolworths.media/content/wowproductimages/medium/480240.jpg",
        "name": "The Bar Counter Gluten Free Bar High Protein Chocolate Mint 40g",
        "price": 2.59,
        "special": 1.95,
        "unitPrice": "$4.88 / 100G"
    },
    {
        "category": "specials",
        "href": "https://www.woolworths.com.au/shop/productdetails/498296/organix-goodies-12-months-carrot-stix",
        "imgName": "498296.jpg",
        "imgSrc": "https://cdn0.woolworths.media/content/wowproductimages/medium/498296.jpg",
        "name": "Organix Goodies 12 Months+ Carrot Stix 15g bag",
        "price": 2,
        "special": 1.5,
        "unitPrice": "$10.00 / 100G"
    },
    {
        "category": "specials",
        "href": "https://www.woolworths.com.au/shop/productdetails/432610/scholl-velvet-wet-dry-electronic-foot-file",
        "imgName": "432610.jpg",
        "imgSrc": "https://cdn0.woolworths.media/content/wowproductimages/medium/432610.jpg",
        "name": "Scholl Velvet Wet & Dry Electronic Foot File each",
        "price": 90,
        "special": 45,
        "unitPrice": "$45.00 / 1EA"
    },
    {
        "category": "specials",
        "href": "https://www.woolworths.com.au/shop/productdetails/507948/hydralyte-sports-effervescent-tablets-lemon-lime",
        "imgName": "507948.jpg",
        "imgSrc": "https://cdn0.woolworths.media/content/wowproductimages/medium/507948.jpg",
        "name": "Hydralyte Sports Effervescent Tablets Lemon Lime 24ea",
        "price": 17,
        "special": 13,
        "unitPrice": "$0.54 / 1EA"
    },
    {
        "category": "specials",
        "href": "https://www.woolworths.com.au/shop/productdetails/518437/strike-disinfectant-wipes-apple",
        "imgName": "518437.jpg",
        "imgSrc": "https://cdn0.woolworths.media/content/wowproductimages/medium/518437.jpg",
        "name": "Strike Disinfectant Wipes Apple 100pk",
        "price": 4,
        "unitPrice": "$0.04 / 1EA"
    },
    {
        "category": "specials",
        "href": "https://www.woolworths.com.au/shop/productdetails/541309/moccona-caffitaly-coffee-capsules-smooth-roast",
        "imgName": "541309.jpg",
        "imgSrc": "https://cdn0.woolworths.media/content/wowproductimages/medium/541309.jpg",
        "name": "Moccona Caffitaly Coffee Capsules Smooth Roast 10pk 80g",
        "price": 5.5,
        "special": 4,
        "unitPrice": "$5.00 / 100G"
    },
    {
        "category": "specials",
        "href": "https://www.woolworths.com.au/shop/productdetails/703500/chris-dips-tzatziki",
        "imgName": "703500.jpg",
        "imgSrc": "https://cdn0.woolworths.media/content/wowproductimages/medium/703500.jpg",
        "name": "Chris' Dips Tzatziki  200g",
        "price": 3.5,
        "unitPrice": "$1.75 / 100G"
    },
    {
        "category": "specials",
        "href": "https://www.woolworths.com.au/shop/productdetails/704076/colgate-total-toothpaste-advanced-fresh",
        "imgName": "704076.jpg",
        "imgSrc": "https://cdn0.woolworths.media/content/wowproductimages/medium/704076.jpg",
        "name": "Colgate Total Toothpaste Advanced Fresh 190g",
        "price": 7,
        "special": 6,
        "unitPrice": "$3.16 / 100G"
    },
    {
        "category": "specials",
        "href": "https://www.woolworths.com.au/shop/productdetails/702330/mccain-ultra-thin-crust-pizza-tandoori",
        "imgName": "702330.jpg",
        "imgSrc": "https://cdn0.woolworths.media/content/wowproductimages/medium/702330.jpg",
        "name": "Mccain Ultra Thin Crust Pizza Tandoori 320g",
        "price": 5.5,
        "unitPrice": "$1.72 / 100G"
    },
    {
        "category": "specials",
        "href": "https://www.woolworths.com.au/shop/productdetails/742228/maybelline-dream-liquid-foundation-natural-beige",
        "imgName": "742228.jpg",
        "imgSrc": "https://cdn0.woolworths.media/content/wowproductimages/medium/742228.jpg",
        "name": "Maybelline Dream Liquid Foundation Natural Beige 3ml",
        "price": 22.95,
        "special": 16,
        "unitPrice": "$5.33 / 10ML"
    },
    {
        "category": "specials",
        "href": "https://www.woolworths.com.au/shop/productdetails/381572/garnier-miracle-skin-perfefector-daily-all-in-one-bb-cream",
        "imgName": "381572.jpg",
        "imgSrc": "https://cdn0.woolworths.media/content/wowproductimages/medium/381572.jpg",
        "name": "Garnier Miracle Skin Perfefector Daily All In One Bb Cream 50ml",
        "price": 14.99,
        "special": 10.49,
        "unitPrice": "$20.98 / 100ML"
    },
    {
        "category": "specials",
        "href": "https://www.woolworths.com.au/shop/productdetails/738508/garnier-fructis-shampoo-normal",
        "imgName": "738508.jpg",
        "imgSrc": "https://cdn0.woolworths.media/content/wowproductimages/medium/738508.jpg",
        "name": "Garnier Fructis Shampoo Normal 700ml",
        "price": 12,
        "special": 6,
        "unitPrice": "$0.86 / 100ML"
    },
    {
        "category": "specials",
        "href": "https://www.woolworths.com.au/shop/productdetails/332114/energizer-value-battery-charger",
        "imgName": "332114.jpg",
        "imgSrc": "https://cdn0.woolworths.media/content/wowproductimages/medium/332114.jpg",
        "name": "Energizer Value Battery Charger  each",
        "price": 29.99,
        "special": 23.99
    },
    {
        "category": "specials",
        "href": "https://www.woolworths.com.au/shop/productdetails/724631/huggies-ultra-dry-nappies-toddler-10-15kg-boy",
        "imgName": "724631.jpg",
        "imgSrc": "https://cdn0.woolworths.media/content/wowproductimages/medium/724631.jpg",
        "name": "Huggies Ultra Dry Nappies Toddler 10-15kg Boy 72pk jumbo",
        "price": 33,
        "special": 28,
        "unitPrice": "$0.39 / 1EA"
    },
    {
        "category": "specials",
        "href": "https://www.woolworths.com.au/shop/productdetails/702359/pandaroo-japanese-instant-miso-soup-spinach",
        "imgName": "702359.jpg",
        "imgSrc": "https://cdn0.woolworths.media/content/wowproductimages/medium/702359.jpg",
        "name": "Pandaroo Japanese Instant Miso Soup Spinach 12g",
        "price": 2.25,
        "special": 2,
        "unitPrice": "$16.67 / 100G"
    },
    {
        "category": "specials",
        "href": "https://www.woolworths.com.au/shop/productdetails/710425/only-organic-9-months-carrot-red-lentils-cheddar",
        "imgName": "710425.jpg",
        "imgSrc": "https://cdn0.woolworths.media/content/wowproductimages/medium/710425.jpg",
        "name": "Only Organic 9 Months + Carrot Red Lentils & Cheddar 120g",
        "price": 2,
        "special": 1.5,
        "unitPrice": "$1.25 / 100G"
    },
    {
        "category": "specials",
        "href": "https://www.woolworths.com.au/shop/productdetails/634748/decor-match-ups-glass-round",
        "imgName": "634748.jpg",
        "imgSrc": "https://cdn0.woolworths.media/content/wowproductimages/medium/634748.jpg",
        "name": "Decor Match-ups Glass Round 750ml",
        "price": 10.99,
        "special": 5.49
    },
    {
        "category": "specials",
        "href": "https://www.woolworths.com.au/shop/productdetails/662971/optus-alcatel-a3",
        "imgName": "662971.jpg",
        "imgSrc": "https://cdn0.woolworths.media/content/wowproductimages/medium/662971.jpg",
        "name": "Optus Alcatel A3 1ea",
        "price": 149,
        "special": 74.5
    },
    {
        "category": "specials",
        "href": "https://www.woolworths.com.au/shop/productdetails/744490/sanitarium-so-good-unsweetened-almond-milk",
        "imgName": "744490.jpg",
        "imgSrc": "https://cdn0.woolworths.media/content/wowproductimages/medium/744490.jpg",
        "name": "Sanitarium So Good Unsweetened Almond Milk 1l",
        "price": 3,
        "unitPrice": "$3.00 / 1L"
    },
    {
        "category": "specials",
        "href": "https://www.woolworths.com.au/shop/productdetails/743979/amoy-dark-soy-sauce-dark-soy",
        "imgName": "743979.jpg",
        "imgSrc": "https://cdn0.woolworths.media/content/wowproductimages/medium/743979.jpg",
        "name": "Amoy Dark Soy Sauce Dark Soy 150ml",
        "price": 2.5,
        "special": 2.3,
        "unitPrice": "$1.53 / 100ML"
    },
    {
        "category": "specials",
        "href": "https://www.woolworths.com.au/shop/productdetails/451923/leggo-s-pasta-sauce-roasted-garlic",
        "imgName": "451923.jpg",
        "imgSrc": "https://cdn0.woolworths.media/content/wowproductimages/medium/451923.jpg",
        "name": "Leggo's Pasta Sauce Roasted Garlic 500g",
        "price": 3,
        "special": 2.7,
        "unitPrice": "$0.54 / 100G"
    },
    {
        "category": "specials",
        "href": "https://www.woolworths.com.au/shop/productdetails/766114/darrell-lea-dark-chocolate-ginger",
        "imgName": "766114.jpg",
        "imgSrc": "https://cdn0.woolworths.media/content/wowproductimages/medium/766114.jpg",
        "name": "Darrell Lea Dark Chocolate Ginger  200g gift box",
        "price": 8.5,
        "special": 7.5,
        "unitPrice": "$3.75 / 100G"
    },
    {
        "category": "specials",
        "href": "https://www.woolworths.com.au/shop/productdetails/789682/shine-antibacterial-absorbant-cloth",
        "imgName": "789682.jpg",
        "imgSrc": "https://cdn0.woolworths.media/content/wowproductimages/medium/789682.jpg",
        "name": "Shine Antibacterial Absorbant Cloth 2pk",
        "price": 1.99,
        "unitPrice": "$1.00 / 1EA"
    },
    {
        "category": "specials",
        "href": "https://www.woolworths.com.au/shop/productdetails/744521/woolworths-peach-in-juice",
        "imgName": "744521.jpg",
        "imgSrc": "https://cdn0.woolworths.media/content/wowproductimages/medium/744521.jpg",
        "name": "Woolworths Peach In Juice 4x125g",
        "price": 2.5,
        "unitPrice": "$5.00 / 1KG"
    },
    {
        "category": "specials",
        "href": "https://www.woolworths.com.au/shop/productdetails/730941/macro-organic-almond-milk",
        "imgName": "730941.jpg",
        "imgSrc": "https://cdn0.woolworths.media/content/wowproductimages/medium/730941.jpg",
        "name": "Macro Organic Almond Milk 1l",
        "price": 3.39,
        "special": 3,
        "unitPrice": "$3.00 / 1L"
    },
    {
        "category": "specials",
        "href": "https://www.woolworths.com.au/shop/productdetails/643092/energizer-car-kit-micro-vent-holder",
        "imgName": "643092.jpg",
        "imgSrc": "https://cdn0.woolworths.media/content/wowproductimages/medium/643092.jpg",
        "name": "Energizer Car Kit Micro + Vent Holder  each",
        "price": 30,
        "special": 24
    },
    {
        "category": "specials",
        "href": "https://www.woolworths.com.au/shop/productdetails/727297/herbal-essences-conditioner-normal-moisture-balancing",
        "imgName": "727297.jpg",
        "imgSrc": "https://cdn0.woolworths.media/content/wowproductimages/medium/727297.jpg",
        "name": "Herbal Essences Conditioner Normal Moisture Balancing 490ml",
        "price": 9,
        "special": 7,
        "unitPrice": "$1.43 / 100ML"
    },
    {
        "category": "specials",
        "href": "https://www.woolworths.com.au/shop/productdetails/696333/woolworths-instant-soup-chicken-corn-noodles",
        "imgName": "696333.jpg",
        "imgSrc": "https://cdn0.woolworths.media/content/wowproductimages/medium/696333.jpg",
        "name": "Woolworths Instant Soup Chicken & Corn Noodles 66g",
        "price": 1,
        "unitPrice": "$1.52 / 100G"
    },
    {
        "category": "specials",
        "href": "https://www.woolworths.com.au/shop/productdetails/727725/little-yering-pinot-noir",
        "imgName": "727725.jpg",
        "imgSrc": "https://cdn0.woolworths.media/content/wowproductimages/medium/727725.jpg",
        "name": "Little Yering Pinot Noir  750ml",
        "price": 22,
        "special": 18
    },
    {
        "category": "specials",
        "href": "https://www.woolworths.com.au/shop/productdetails/775478/gravox-finishing-sauce-parsley-white-smooth-creamy",
        "imgName": "775478.jpg",
        "imgSrc": "https://cdn0.woolworths.media/content/wowproductimages/medium/775478.jpg",
        "name": "Gravox Finishing Sauce Parsley White Smooth & Creamy 29g",
        "price": 1,
        "special": 0.9,
        "unitPrice": "$0.31 / 10G"
    },
    {
        "category": "specials",
        "href": "https://www.woolworths.com.au/shop/productdetails/792837/sunrice-heat-serve-long-grain-rice-quinoa",
        "imgName": "792837.jpg",
        "imgSrc": "https://cdn0.woolworths.media/content/wowproductimages/medium/792837.jpg",
        "name": "Sunrice Heat & Serve Long Grain Rice & Quinoa 250g",
        "price": 2.8,
        "unitPrice": "$1.12 / 100G"
    },
    {
        "category": "specials",
        "href": "https://www.woolworths.com.au/shop/productdetails/792918/higher-living-cocoa-chilli-tea",
        "imgName": "792918.jpg",
        "imgSrc": "https://cdn0.woolworths.media/content/wowproductimages/medium/792918.jpg",
        "name": "Higher Living Cocoa Chilli Tea 15 bags 30g",
        "price": 3.7,
        "special": 2.5,
        "unitPrice": "$8.33 / 100G"
    },
    {
        "category": "specials",
        "href": "https://www.woolworths.com.au/shop/productdetails/792235/woolworths-ice-cream-cones-boysenberry",
        "imgName": "792235.jpg",
        "imgSrc": "https://cdn0.woolworths.media/content/wowproductimages/medium/792235.jpg",
        "name": "Woolworths Ice Cream Cones Boysenberry 475ml",
        "price": 3.7,
        "unitPrice": "$0.78 / 100ML"
    },
    {
        "category": "specials",
        "href": "https://www.woolworths.com.au/shop/productdetails/826426/cadbury-dairy-milk-chocolate-snack",
        "imgName": "826426.jpg",
        "imgSrc": "https://cdn0.woolworths.media/content/wowproductimages/medium/826426.jpg",
        "name": "Cadbury Dairy Milk Chocolate Snack 200g block",
        "price": 5,
        "special": 3.5,
        "unitPrice": "$1.75 / 100G"
    },
    {
        "category": "specials",
        "href": "https://www.woolworths.com.au/shop/productdetails/839612/always-fresh-sea-salt-crispini",
        "imgName": "839612.jpg",
        "imgSrc": "https://cdn0.woolworths.media/content/wowproductimages/medium/839612.jpg",
        "name": "Always Fresh Sea Salt Crispini 100g",
        "price": 3.9,
        "special": 2.5,
        "unitPrice": "$2.50 / 100G"
    },
    {
        "category": "specials",
        "href": "https://www.woolworths.com.au/shop/productdetails/868537/mud-liquid-foundation-002-soft-beige",
        "imgName": "868537.jpg",
        "imgSrc": "https://cdn0.woolworths.media/content/wowproductimages/medium/868537.jpg",
        "name": "Mud Liquid Foundation 002 Soft Beige 30ml",
        "price": 5.5,
        "unitPrice": "$1.83 / 10ML"
    },
    {
        "category": "specials",
        "href": "https://www.woolworths.com.au/shop/productdetails/790523/heinz-6-months-chicken-sweetcorn-and-mango",
        "imgName": "790523.jpg",
        "imgSrc": "https://cdn0.woolworths.media/content/wowproductimages/medium/790523.jpg",
        "name": "Heinz 6 Months+ Chicken, Sweetcorn And Mango 120g",
        "price": 1.5,
        "unitPrice": "$1.25 / 100G"
    },
    {
        "category": "specials",
        "href": "https://www.woolworths.com.au/shop/productdetails/704113/colgate-total-toothpaste-advanced-clean",
        "imgName": "704113.jpg",
        "imgSrc": "https://cdn0.woolworths.media/content/wowproductimages/medium/704113.jpg",
        "name": "Colgate Total Toothpaste Advanced Clean 190g",
        "price": 7,
        "special": 6,
        "unitPrice": "$3.16 / 100G"
    },
    {
        "category": "specials",
        "href": "https://www.woolworths.com.au/shop/productdetails/761008/fancy-feast-adult-cat-food-beef",
        "imgName": "761008.jpg",
        "imgSrc": "https://cdn0.woolworths.media/content/wowproductimages/medium/761008.jpg",
        "name": "Fancy Feast Adult Cat Food Beef 85g",
        "price": 1.2,
        "special": 0.9,
        "unitPrice": "$1.06 / 100G"
    },
    {
        "category": "specials",
        "href": "https://www.woolworths.com.au/shop/productdetails/754181/woolworths-australian-baby-peas",
        "imgName": "754181.jpg",
        "imgSrc": "https://cdn0.woolworths.media/content/wowproductimages/medium/754181.jpg",
        "name": "Woolworths Australian Baby Peas 1kg",
        "price": 3.3,
        "unitPrice": "$3.30 / 1KG"
    },
    {
        "category": "specials",
        "href": "https://www.woolworths.com.au/shop/productdetails/728313/twinings-assam-bold-tea",
        "imgName": "728313.jpg",
        "imgSrc": "https://cdn0.woolworths.media/content/wowproductimages/medium/728313.jpg",
        "name": "Twinings Assam Bold Tea 80pk",
        "price": 11,
        "special": 7,
        "unitPrice": "$3.50 / 100G"
    },
    {
        "category": "specials",
        "href": "https://www.woolworths.com.au/shop/productdetails/505302/bulla-choc-bar-jelly-ice-cream",
        "imgName": "505302.jpg",
        "imgSrc": "https://cdn0.woolworths.media/content/wowproductimages/medium/505302.jpg",
        "name": "Bulla Choc Bar Jelly Ice Cream 6pk 450ml",
        "price": 6.8,
        "special": 4.5,
        "unitPrice": "$0.99 / 100G"
    },
    {
        "category": "specials",
        "href": "https://www.woolworths.com.au/shop/productdetails/781653/dairylea-cream-cheese-spread-light",
        "imgName": "781653.jpg",
        "imgSrc": "https://cdn0.woolworths.media/content/wowproductimages/medium/781653.jpg",
        "name": "Dairylea Cream Cheese Spread Light 515g",
        "price": 6.5,
        "unitPrice": "$12.62 / 1KG"
    },
    {
        "category": "specials",
        "href": "https://www.woolworths.com.au/shop/productdetails/756813/natural-chip-co-share-pack-honey-soy-chicken",
        "imgName": "756813.jpg",
        "imgSrc": "https://cdn0.woolworths.media/content/wowproductimages/medium/756813.jpg",
        "name": "Natural Chip Co Share Pack Honey Soy Chicken 175g",
        "price": 2,
        "unitPrice": "$1.14 / 100G"
    },
    {
        "category": "specials",
        "href": "https://www.woolworths.com.au/shop/productdetails/749794/moki-drop-headphones-blue",
        "imgName": "749794.jpg",
        "imgSrc": "https://cdn0.woolworths.media/content/wowproductimages/medium/749794.jpg",
        "name": "Moki Drop Headphones Blue each",
        "price": 14.99,
        "special": 11.99
    },
    {
        "category": "specials",
        "href": "https://www.woolworths.com.au/shop/productdetails/769258/harris-signature-blend-ground-coffee",
        "imgName": "769258.jpg",
        "imgSrc": "https://cdn0.woolworths.media/content/wowproductimages/medium/769258.jpg",
        "name": "Harris Signature Blend Ground Coffee 200g",
        "price": 6,
        "unitPrice": "$3.00 / 100G"
    },
    {
        "category": "specials",
        "href": "https://www.woolworths.com.au/shop/productdetails/492142/golden-circle-puree-berry-buzz",
        "imgName": "492142.jpg",
        "imgSrc": "https://cdn0.woolworths.media/content/wowproductimages/medium/492142.jpg",
        "name": "Golden Circle Puree Berry Buzz 120g",
        "price": 1.5,
        "unitPrice": "$12.50 / 1KG"
    },
    {
        "category": "specials",
        "href": "https://www.woolworths.com.au/shop/productdetails/796060/almond-breeze-unsweetened-vanilla-almond-milk",
        "imgName": "796060.jpg",
        "imgSrc": "https://cdn0.woolworths.media/content/wowproductimages/medium/796060.jpg",
        "name": "Almond Breeze Unsweetened Vanilla Almond Milk 1l",
        "price": 2.7,
        "unitPrice": "$2.70 / 1L"
    },
    {
        "category": "specials",
        "href": "https://www.woolworths.com.au/shop/productdetails/744522/woolworths-two-fruits-in-juice",
        "imgName": "744522.jpg",
        "imgSrc": "https://cdn0.woolworths.media/content/wowproductimages/medium/744522.jpg",
        "name": "Woolworths Two Fruits In Juice 4x125g",
        "price": 2.5,
        "unitPrice": "$5.00 / 1KG"
    },
    {
        "category": "specials",
        "href": "https://www.woolworths.com.au/shop/productdetails/696325/woolworths-instant-soup-pea-ham-with-croutons",
        "imgName": "696325.jpg",
        "imgSrc": "https://cdn0.woolworths.media/content/wowproductimages/medium/696325.jpg",
        "name": "Woolworths Instant Soup Pea & Ham With Croutons 52g",
        "price": 1,
        "unitPrice": "$1.92 / 100G"
    },
    {
        "category": "specials",
        "href": "https://www.woolworths.com.au/shop/productdetails/841201/air-wick-home-signature-flower-diffuser-vanilla-bean-white-truffle",
        "imgName": "841201.jpg",
        "imgSrc": "https://cdn0.woolworths.media/content/wowproductimages/medium/841201.jpg",
        "name": "Air Wick Home Signature Flower Diffuser Vanilla Bean & White Truffle each",
        "price": 14.99,
        "special": 12,
        "unitPrice": "$1.33 / 10ML"
    },
    {
        "category": "specials",
        "href": "https://www.woolworths.com.au/shop/productdetails/726372/woolworths-select-figs",
        "imgName": "726372.jpg",
        "imgSrc": "https://cdn0.woolworths.media/content/wowproductimages/medium/726372.jpg",
        "name": "Woolworths Select Figs  375g",
        "price": 4.49,
        "unitPrice": "$11.97 / 1KG"
    },
    {
        "category": "specials",
        "href": "https://www.woolworths.com.au/shop/productdetails/733745/mother-sugar-free-energy-drink",
        "imgName": "733745.jpg",
        "imgSrc": "https://cdn0.woolworths.media/content/wowproductimages/medium/733745.jpg",
        "name": "Mother Sugar Free Energy Drink 4x500ml",
        "price": 11.75,
        "special": 6.05,
        "unitPrice": "$3.03 / 1L"
    },
    {
        "category": "specials",
        "href": "https://www.woolworths.com.au/shop/productdetails/839940/little-one-s-ultra-dry-nappies-walker-13-18kg-boys-girls",
        "imgName": "839940.jpg",
        "imgSrc": "https://cdn0.woolworths.media/content/wowproductimages/medium/839940.jpg",
        "name": "Little One's Ultra Dry Nappies Walker 13-18kg Boys & Girls 44pk bulk",
        "price": 11,
        "unitPrice": "$0.25 / 1EA"
    },
    {
        "category": "specials",
        "href": "https://www.woolworths.com.au/shop/productdetails/923888/obela-sweet-beetroot-garnished-hommus",
        "imgName": "923888.jpg",
        "imgSrc": "https://cdn0.woolworths.media/content/wowproductimages/medium/923888.jpg",
        "name": "Obela Sweet Beetroot Garnished Hommus 220g",
        "price": 4.4,
        "special": 4,
        "unitPrice": "$1.82 / 100G"
    },
    {
        "category": "specials",
        "href": "https://www.woolworths.com.au/shop/productdetails/766205/praise-aioli-mayonnaise-deli-style-intense-garlic",
        "imgName": "766205.jpg",
        "imgSrc": "https://cdn0.woolworths.media/content/wowproductimages/medium/766205.jpg",
        "name": "Praise Aioli Mayonnaise Deli Style Intense Garlic 250ml",
        "price": 4,
        "special": 2.5,
        "unitPrice": "$1.00 / 100ML"
    },
    {
        "category": "specials",
        "href": "https://www.woolworths.com.au/shop/productdetails/784116/goulburn-valley-peach-sliced-in-mango-nectar",
        "imgName": "784116.jpg",
        "imgSrc": "https://cdn0.woolworths.media/content/wowproductimages/medium/784116.jpg",
        "name": "Goulburn Valley Peach Sliced In Mango Nectar 700g",
        "price": 3.7,
        "unitPrice": "$5.29 / 1KG"
    },
    {
        "category": "specials",
        "href": "https://www.woolworths.com.au/shop/productdetails/838695/on-the-menu-roast-pork",
        "imgName": "838695.jpg",
        "imgSrc": "https://cdn0.woolworths.media/content/wowproductimages/medium/838695.jpg",
        "name": "On The Menu Roast Pork 320g",
        "price": 6,
        "unitPrice": "$1.88 / 100G"
    },
    {
        "category": "specials",
        "href": "https://www.woolworths.com.au/shop/productdetails/799524/wolf-blass-original-shiraz",
        "imgName": "799524.jpg",
        "imgSrc": "https://cdn0.woolworths.media/content/wowproductimages/medium/799524.jpg",
        "name": "Wolf Blass Original Shiraz  750ml",
        "price": 29,
        "special": 22
    },
    {
        "category": "specials",
        "href": "https://www.woolworths.com.au/shop/productdetails/829345/gaia-natural-baby-hair-body-wash",
        "imgName": "829345.jpg",
        "imgSrc": "https://cdn0.woolworths.media/content/wowproductimages/medium/829345.jpg",
        "name": "Gaia Natural Baby Hair & Body Wash 500ml",
        "price": 16.99,
        "special": 12.5,
        "unitPrice": "$2.50 / 100ML"
    },
    {
        "category": "specials",
        "href": "https://www.woolworths.com.au/shop/productdetails/841140/band-aid-skinflex-plastic-strips",
        "imgName": "841140.jpg",
        "imgSrc": "https://cdn0.woolworths.media/content/wowproductimages/medium/841140.jpg",
        "name": "Band-aid Skinflex Plastic Strips 20pk",
        "price": 5,
        "special": 4.25,
        "unitPrice": "$0.21 / 1EA"
    },
    {
        "category": "specials",
        "href": "https://www.woolworths.com.au/shop/productdetails/759730/optimum-adult-cat-food-oral-care-with-chicken",
        "imgName": "759730.jpg",
        "imgSrc": "https://cdn0.woolworths.media/content/wowproductimages/medium/759730.jpg",
        "name": "Optimum Adult Cat Food Oral Care With Chicken 1.5kg",
        "price": 15.65,
        "special": 10,
        "unitPrice": "$0.67 / 100G"
    },
    {
        "category": "specials",
        "href": "https://www.woolworths.com.au/shop/productdetails/770798/tic-tac-fruit-adventure-big-box",
        "imgName": "770798.jpg",
        "imgSrc": "https://cdn0.woolworths.media/content/wowproductimages/medium/770798.jpg",
        "name": "Tic Tac Fruit Adventure Big Box 49g big box",
        "price": 3,
        "unitPrice": "$6.12 / 100G"
    },
    {
        "category": "specials",
        "href": "https://www.woolworths.com.au/shop/productdetails/823701/chris-heritage-dips-smoked-gouda-roasted-almond",
        "imgName": "823701.jpg",
        "imgSrc": "https://cdn0.woolworths.media/content/wowproductimages/medium/823701.jpg",
        "name": "Chris' Heritage Dips Smoked Gouda & Roasted Almond 170g",
        "price": 7.99,
        "special": 6,
        "unitPrice": "$3.53 / 100G"
    },
    {
        "category": "specials",
        "href": "https://www.woolworths.com.au/shop/productdetails/751334/whittakers-milk-chocolate-33-cocoa-creamy",
        "imgName": "751334.jpg",
        "imgSrc": "https://cdn0.woolworths.media/content/wowproductimages/medium/751334.jpg",
        "name": "Whittakers Milk Chocolate 33% Cocoa Creamy 200g block",
        "price": 4.8,
        "special": 3.5,
        "unitPrice": "$1.75 / 100G"
    },
    {
        "category": "specials",
        "href": "https://www.woolworths.com.au/shop/productdetails/800026/vittoria-coffee-nespresso-compatible-organic-coffee-capsules",
        "imgName": "800026.jpg",
        "imgSrc": "https://cdn0.woolworths.media/content/wowproductimages/medium/800026.jpg",
        "name": "Vittoria Coffee Nespresso Compatible Organic Coffee Capsules 10pk",
        "price": 5,
        "unitPrice": "$0.50 / 1EA"
    },
    {
        "category": "specials",
        "href": "https://www.woolworths.com.au/shop/productdetails/935027/scholl-velvet-smooth-electronic-nail-care-system",
        "imgName": "935027.jpg",
        "imgSrc": "https://cdn0.woolworths.media/content/wowproductimages/medium/935027.jpg",
        "name": "Scholl Velvet Smooth Electronic Nail Care System  each",
        "price": 40,
        "special": 20,
        "unitPrice": "$20.00 / 1EA"
    },
    {
        "category": "specials",
        "href": "https://www.woolworths.com.au/shop/productdetails/844406/felix-as-good-as-it-looks-country-menus",
        "imgName": "844406.jpg",
        "imgSrc": "https://cdn0.woolworths.media/content/wowproductimages/medium/844406.jpg",
        "name": "Felix As Good As It Looks Country Menus 12x85g",
        "price": 10.69,
        "special": 8.5,
        "unitPrice": "$0.83 / 100G"
    },
    {
        "category": "specials",
        "href": "https://www.woolworths.com.au/shop/productdetails/741134/dr-pepper-cola-drinks",
        "imgName": "741134.jpg",
        "imgSrc": "https://cdn0.woolworths.media/content/wowproductimages/medium/741134.jpg",
        "name": "Dr Pepper Cola Drinks  330ml",
        "price": 2.35,
        "special": 1.75,
        "unitPrice": "$0.53 / 100ML"
    },
    {
        "category": "specials",
        "href": "https://www.woolworths.com.au/shop/productdetails/907192/feeneys-luxurious-irish-cream-liqueur",
        "imgName": "907192.jpg",
        "imgSrc": "https://cdn0.woolworths.media/content/wowproductimages/medium/907192.jpg",
        "name": "Feeneys Luxurious Irish Cream Liqueur  1l",
        "price": 35,
        "special": 30
    },
    {
        "category": "specials",
        "href": "https://www.woolworths.com.au/shop/productdetails/19726/coca-cola-diet-caffeine-free-bottle",
        "imgName": "019726.jpg",
        "imgSrc": "https://cdn0.woolworths.media/content/wowproductimages/medium/019726.jpg",
        "name": "Coca-cola Diet Caffeine Free Bottle 2l",
        "price": 2.85,
        "unitPrice": "$1.43 / 1L"
    },
    {
        "category": "specials",
        "href": "https://www.woolworths.com.au/shop/productdetails/583307/fairy-dishwasher-tablets-all-in-one-original",
        "imgName": "583307.jpg",
        "imgSrc": "https://cdn0.woolworths.media/content/wowproductimages/medium/583307.jpg",
        "name": "Fairy Dishwasher Tablets All In One Original 44pk",
        "price": 19,
        "unitPrice": "$0.43 / 1EA"
    },
    {
        "category": "specials",
        "href": "https://www.woolworths.com.au/shop/productdetails/120737/yumi-s-italian-olive-dip",
        "imgName": "120737.jpg",
        "imgSrc": "https://cdn0.woolworths.media/content/wowproductimages/medium/120737.jpg",
        "name": "Yumi's Italian Olive Dip 200g",
        "price": 4,
        "special": 3,
        "unitPrice": "$1.50 / 100G"
    },
    {
        "category": "specials",
        "href": "https://www.woolworths.com.au/shop/productdetails/147700/patties-party-pack-mini-pies-sausage-rolls",
        "imgName": "147700.jpg",
        "imgSrc": "https://cdn0.woolworths.media/content/wowproductimages/medium/147700.jpg",
        "name": "Patties Party Pack Mini Pies & Sausage Rolls 1kg",
        "price": 13.5,
        "special": 9,
        "unitPrice": "$0.90 / 100G"
    },
    {
        "category": "specials",
        "href": "https://www.woolworths.com.au/shop/productdetails/159798/kirks-pasito-cans",
        "imgName": "159798.jpg",
        "imgSrc": "https://cdn0.woolworths.media/content/wowproductimages/medium/159798.jpg",
        "name": "Kirks Pasito Cans 10x375ml pack",
        "price": 10.55,
        "special": 5.95,
        "unitPrice": "$1.59 / 1L"
    },
    {
        "category": "specials",
        "href": "https://www.woolworths.com.au/shop/productdetails/167559/harris-ground-coffee-premium",
        "imgName": "167559.jpg",
        "imgSrc": "https://cdn0.woolworths.media/content/wowproductimages/medium/167559.jpg",
        "name": "Harris Ground Coffee Premium 1kg",
        "price": 18,
        "unitPrice": "$1.80 / 100G"
    },
    {
        "category": "specials",
        "href": "https://www.woolworths.com.au/shop/productdetails/17605/moccona-freeze-dried-instant-coffee-indulgence",
        "imgName": "017605.jpg",
        "imgSrc": "https://cdn0.woolworths.media/content/wowproductimages/medium/017605.jpg",
        "name": "Moccona Freeze Dried Instant Coffee Indulgence 200g",
        "price": 16,
        "special": 11,
        "unitPrice": "$5.50 / 100G"
    },
    {
        "category": "specials",
        "href": "https://www.woolworths.com.au/shop/productdetails/178774/ingham-s-chicken-portion-pieces-gourmet-roasting",
        "imgName": "178774.jpg",
        "imgSrc": "https://cdn0.woolworths.media/content/wowproductimages/medium/178774.jpg",
        "name": "Ingham's Chicken Portion Pieces Gourmet Roasting min. 1.5kg",
        "price": 11.7,
        "special": 7.5,
        "unitPrice": "$5.00 / 1KG"
    },
    {
        "category": "specials",
        "href": "https://www.woolworths.com.au/shop/productdetails/18322/homebrand-cling-wrap",
        "imgName": "018322.jpg",
        "imgSrc": "https://cdn0.woolworths.media/content/wowproductimages/medium/018322.jpg",
        "name": "Homebrand Cling Wrap  33cmx300m",
        "price": 6.75,
        "unitPrice": "$0.02 / 1M"
    },
    {
        "category": "specials",
        "href": "https://www.woolworths.com.au/shop/productdetails/203397/roast-pork-leg-boneless-small",
        "imgName": "203397.jpg",
        "imgSrc": "https://cdn0.woolworths.media/content/wowproductimages/medium/203397.jpg",
        "name": "Roast Pork Leg Boneless Small min. 1.9kg"
    },
    {
        "category": "specials",
        "href": "https://www.woolworths.com.au/shop/productdetails/209437/pork-rashers",
        "imgName": "209437.jpg",
        "imgSrc": "https://cdn0.woolworths.media/content/wowproductimages/medium/209437.jpg",
        "name": "Pork Rashers  min. 500g",
        "price": 9.5,
        "special": 8,
        "unitPrice": "$16.00 / 1KG"
    },
    {
        "category": "specials",
        "href": "https://www.woolworths.com.au/shop/productdetails/216825/vitasoy-so-milky-soy-milk",
        "imgName": "216825.jpg",
        "imgSrc": "https://cdn0.woolworths.media/content/wowproductimages/medium/216825.jpg",
        "name": "Vitasoy So Milky Soy Milk 1l",
        "price": 2.45,
        "special": 2,
        "unitPrice": "$2.00 / 1L"
    },
    {
        "category": "specials",
        "href": "https://www.woolworths.com.au/shop/productdetails/257531/continental-recipe-base-shepherds-pie",
        "imgName": "257531.jpg",
        "imgSrc": "https://cdn0.woolworths.media/content/wowproductimages/medium/257531.jpg",
        "name": "Continental Recipe Base Shepherds Pie 50g",
        "price": 1.6,
        "unitPrice": "$3.20 / 100G"
    },
    {
        "category": "specials",
        "href": "https://www.woolworths.com.au/shop/productdetails/258653/lean-cuisine-steam-sundried-tomato-chicken-pasta",
        "imgName": "258653.jpg",
        "imgSrc": "https://cdn0.woolworths.media/content/wowproductimages/medium/258653.jpg",
        "name": "Lean Cuisine Steam Sundried Tomato & Chicken Pasta 370g",
        "price": 5,
        "unitPrice": "$1.35 / 100G"
    },
    {
        "category": "specials",
        "href": "https://www.woolworths.com.au/shop/productdetails/259612/bulla-creamy-classics-ice-cream-mint-choc-chip",
        "imgName": "259612.jpg",
        "imgSrc": "https://cdn0.woolworths.media/content/wowproductimages/medium/259612.jpg",
        "name": "Bulla Creamy Classics Ice Cream Mint Choc Chip 2l tub",
        "price": 8,
        "special": 5,
        "unitPrice": "$0.25 / 100ML"
    },
    {
        "category": "specials",
        "href": "https://www.woolworths.com.au/shop/productdetails/262843/powerade-mountain-blast-powder",
        "imgName": "262843.jpg",
        "imgSrc": "https://cdn0.woolworths.media/content/wowproductimages/medium/262843.jpg",
        "name": "Powerade Mountain Blast Powder 500g",
        "price": 11.89,
        "special": 9.99,
        "unitPrice": "$2.00 / 100G"
    },
    {
        "category": "specials",
        "href": "https://www.woolworths.com.au/shop/productdetails/283176/bonds-socks-mens-logo-lowcut-size-11-14",
        "imgName": "283176.jpg",
        "imgSrc": "https://cdn0.woolworths.media/content/wowproductimages/medium/283176.jpg",
        "name": "Bonds Socks Mens Logo Lowcut Size 11-14 3pk",
        "price": 14,
        "special": 7,
        "unitPrice": "$2.33 / 1EA"
    },
    {
        "category": "specials",
        "href": "https://www.woolworths.com.au/shop/productdetails/311534/woolworths-classic-coleslaw",
        "imgName": "311534.jpg",
        "imgSrc": "https://cdn0.woolworths.media/content/wowproductimages/medium/311534.jpg",
        "name": "Woolworths Classic Coleslaw 800g",
        "price": 6.5,
        "unitPrice": "$0.81 / 100G"
    },
    {
        "category": "specials",
        "href": "https://www.woolworths.com.au/shop/productdetails/323314/willow-farm-dip-semi-dried-tomato",
        "imgName": "323314.jpg",
        "imgSrc": "https://cdn0.woolworths.media/content/wowproductimages/medium/323314.jpg",
        "name": "Willow Farm Dip Semi Dried Tomato 200g",
        "price": 2,
        "unitPrice": "$1.00 / 100G"
    },
    {
        "category": "specials",
        "href": "https://www.woolworths.com.au/shop/productdetails/323375/baby-mum-mum-snack-vegetable-rice-rusk",
        "imgName": "323375.jpg",
        "imgSrc": "https://cdn0.woolworths.media/content/wowproductimages/medium/323375.jpg",
        "name": "Baby Mum Mum Snack Vegetable Rice Rusk 36g",
        "price": 3,
        "special": 2.5,
        "unitPrice": "$6.94 / 100G"
    },
    {
        "category": "specials",
        "href": "https://www.woolworths.com.au/shop/productdetails/33557/devondale-100-pure-full-cream-long-life-milk",
        "imgName": "033557.jpg",
        "imgSrc": "https://cdn0.woolworths.media/content/wowproductimages/medium/033557.jpg",
        "name": "Devondale 100% Pure Full Cream Long Life Milk 1l",
        "price": 1.3,
        "unitPrice": "$1.30 / 1L"
    },
    {
        "category": "specials",
        "href": "https://www.woolworths.com.au/shop/productdetails/348781/skittles-fruits-chews",
        "imgName": "348781.jpg",
        "imgSrc": "https://cdn0.woolworths.media/content/wowproductimages/medium/348781.jpg",
        "name": "Skittles Fruits Chews  190g",
        "price": 4.3,
        "special": 3.7,
        "unitPrice": "$1.95 / 100G"
    },
    {
        "category": "specials",
        "href": "https://www.woolworths.com.au/shop/productdetails/34935/peck-s-salmon-lobster-spread",
        "imgName": "034935.jpg",
        "imgSrc": "https://cdn0.woolworths.media/content/wowproductimages/medium/034935.jpg",
        "name": "Peck's Salmon & Lobster Spread 125g",
        "price": 2.7,
        "special": 2,
        "unitPrice": "$1.60 / 100G"
    },
    {
        "category": "specials",
        "href": "https://www.woolworths.com.au/shop/productdetails/360075/optimum-adult-dog-food-chicken-vegetable-rice",
        "imgName": "360075.jpg",
        "imgSrc": "https://cdn0.woolworths.media/content/wowproductimages/medium/360075.jpg",
        "name": "Optimum Adult Dog Food Chicken Vegetable & Rice 7kg",
        "price": 26,
        "unitPrice": "$0.37 / 100G"
    },
    {
        "category": "specials",
        "href": "https://www.woolworths.com.au/shop/productdetails/370079/mars-snickers-sharepack",
        "imgName": "370079.jpg",
        "imgSrc": "https://cdn0.woolworths.media/content/wowproductimages/medium/370079.jpg",
        "name": "Mars Snickers Sharepack 20pk 360g",
        "price": 5,
        "unitPrice": "$1.39 / 100G"
    },
    {
        "category": "specials",
        "href": "https://www.woolworths.com.au/shop/productdetails/372725/pork-belly",
        "imgName": "372725.jpg",
        "imgSrc": "https://cdn0.woolworths.media/content/wowproductimages/medium/372725.jpg",
        "name": "Pork Belly  min. 900g"
    },
    {
        "category": "specials",
        "href": "https://www.woolworths.com.au/shop/productdetails/382739/woolworths-lite-milk",
        "imgName": "382739.jpg",
        "imgSrc": "https://cdn0.woolworths.media/content/wowproductimages/medium/382739.jpg",
        "name": "Woolworths Lite Milk 3l",
        "price": 3,
        "unitPrice": "$1.00 / 1L"
    },
    {
        "category": "specials",
        "href": "https://www.woolworths.com.au/shop/productdetails/38904/gravox-gravy-mix-brown-onion",
        "imgName": "038904.jpg",
        "imgSrc": "https://cdn0.woolworths.media/content/wowproductimages/medium/038904.jpg",
        "name": "Gravox Gravy Mix Brown Onion 120g",
        "price": 3.3,
        "special": 2.5,
        "unitPrice": "$0.21 / 10G"
    },
    {
        "category": "specials",
        "href": "https://www.woolworths.com.au/shop/productdetails/406577/nudie-nothing-but-orange-juice",
        "imgName": "406577.jpg",
        "imgSrc": "https://cdn0.woolworths.media/content/wowproductimages/medium/406577.jpg",
        "name": "Nudie Nothing But Orange Juice  3l",
        "price": 8,
        "unitPrice": "$2.67 / 1L"
    },
    {
        "category": "specials",
        "href": "https://www.woolworths.com.au/shop/productdetails/434557/nature-s-gift-adult-dog-food-strips-gravy-style-chicken-with-carrot-peas",
        "imgName": "434557.jpg",
        "imgSrc": "https://cdn0.woolworths.media/content/wowproductimages/medium/434557.jpg",
        "name": "Nature's Gift Adult Dog Food Strips Gravy Style Chicken With Carrot & Peas 100g",
        "price": 1,
        "special": 0.75,
        "unitPrice": "$0.75 / 100G"
    },
    {
        "category": "specials",
        "href": "https://www.woolworths.com.au/shop/productdetails/435762/woolworths-simply-roast-boneless-chicken-tomato-basil-stuffing",
        "imgName": "435762.jpg",
        "imgSrc": "https://cdn0.woolworths.media/content/wowproductimages/medium/435762.jpg",
        "name": "Woolworths Simply Roast Boneless Chicken Tomato & Basil Stuffing min. 800g",
        "price": 10.8,
        "special": 9.6,
        "unitPrice": "$12.00 / 1KG"
    },
    {
        "category": "specials",
        "href": "https://www.woolworths.com.au/shop/productdetails/44097/reva-super-hold-pegs",
        "imgName": "044097.jpg",
        "imgSrc": "https://cdn0.woolworths.media/content/wowproductimages/medium/044097.jpg",
        "name": "Reva Super Hold Pegs 18pk",
        "price": 4.5,
        "special": 3.75,
        "unitPrice": "$0.21 / 1EA"
    },
    {
        "category": "specials",
        "href": "https://www.woolworths.com.au/shop/productdetails/442185/schweppes-lemonade-cans",
        "imgName": "442185.jpg",
        "imgSrc": "https://cdn0.woolworths.media/content/wowproductimages/medium/442185.jpg",
        "name": "Schweppes Lemonade Cans 10x375ml pack",
        "price": 12.6,
        "special": 7.4,
        "unitPrice": "$1.97 / 1L"
    },
    {
        "category": "specials",
        "href": "https://www.woolworths.com.au/shop/productdetails/460810/mars-pods-mars",
        "imgName": "460810.jpg",
        "imgSrc": "https://cdn0.woolworths.media/content/wowproductimages/medium/460810.jpg",
        "name": "Mars Pods Mars 280g bag",
        "price": 6.7,
        "special": 5,
        "unitPrice": "$1.79 / 100G"
    },
    {
        "category": "specials",
        "href": "https://www.woolworths.com.au/shop/productdetails/466090/omo-active-clean-laundry-detergent-washing-powder-front-top-loader",
        "imgName": "466090.jpg",
        "imgSrc": "https://cdn0.woolworths.media/content/wowproductimages/medium/466090.jpg",
        "name": "Omo Active Clean Laundry Detergent Washing Powder Front & Top Loader 5kg",
        "price": 30,
        "unitPrice": "$6.00 / 1KG"
    },
    {
        "category": "specials",
        "href": "https://www.woolworths.com.au/shop/productdetails/475344/surf-laundry-powder-herbals",
        "imgName": "475344.jpg",
        "imgSrc": "https://cdn0.woolworths.media/content/wowproductimages/medium/475344.jpg",
        "name": "Surf Laundry Powder Herbals 2kg",
        "price": 7,
        "unitPrice": "$3.50 / 1KG"
    },
    {
        "category": "specials",
        "href": "https://www.woolworths.com.au/shop/productdetails/482299/radiant-no-sort-laundry-powder-front-top-loader",
        "imgName": "482299.jpg",
        "imgSrc": "https://cdn0.woolworths.media/content/wowproductimages/medium/482299.jpg",
        "name": "Radiant No Sort Laundry Powder Front & Top Loader 2kg",
        "price": 9.5,
        "unitPrice": "$4.75 / 1KG"
    },
    {
        "category": "specials",
        "href": "https://www.woolworths.com.au/shop/productdetails/48500/chux-robuste-cleaning-cloths",
        "imgName": "048500.jpg",
        "imgSrc": "https://cdn0.woolworths.media/content/wowproductimages/medium/048500.jpg",
        "name": "Chux Robuste Cleaning Cloths 3pk",
        "price": 3.99,
        "special": 2.99,
        "unitPrice": "$1.00 / 1EA"
    },
    {
        "category": "specials",
        "href": "https://www.woolworths.com.au/shop/productdetails/485613/hercules-storage-bag-medium-twin-zip",
        "imgName": "485613.jpg",
        "imgSrc": "https://cdn0.woolworths.media/content/wowproductimages/medium/485613.jpg",
        "name": "Hercules Storage Bag Medium Twin Zip 15 pack",
        "price": 2.99,
        "special": 2.5,
        "unitPrice": "$0.17 / 1EA"
    },
    {
        "category": "specials",
        "href": "https://www.woolworths.com.au/shop/productdetails/487891/steggles-whole-chicken",
        "imgName": "487891.jpg",
        "imgSrc": "https://cdn0.woolworths.media/content/wowproductimages/medium/487891.jpg",
        "name": "Steggles Whole Chicken  min 1.8kg",
        "price": 7.2,
        "unitPrice": "$4.00 / 1KG"
    },
    {
        "category": "specials",
        "href": "https://www.woolworths.com.au/shop/productdetails/493829/macro-free-range-whole-chicken-with-sage-onion-stuffing",
        "imgName": "493829.jpg",
        "imgSrc": "https://cdn0.woolworths.media/content/wowproductimages/medium/493829.jpg",
        "name": "Macro Free Range Whole Chicken With Sage & Onion Stuffing min 1.55kg",
        "price": 11.16,
        "special": 8.53,
        "unitPrice": "$5.50 / 1KG"
    },
    {
        "category": "specials",
        "href": "https://www.woolworths.com.au/shop/productdetails/516940/supercoat-puppy-dog-food-chicken",
        "imgName": "516940.jpg",
        "imgSrc": "https://cdn0.woolworths.media/content/wowproductimages/medium/516940.jpg",
        "name": "Supercoat Puppy Dog Food Chicken 7.5kg",
        "price": 24,
        "special": 18,
        "unitPrice": "$0.24 / 100G"
    },
    {
        "category": "specials",
        "href": "https://www.woolworths.com.au/shop/productdetails/518054/jackson-4-outlet-individually-switched-powerboard-with-1-metre-lead",
        "imgName": "518054.jpg",
        "imgSrc": "https://cdn0.woolworths.media/content/wowproductimages/medium/518054.jpg",
        "name": "Jackson 4 Outlet Individually Switched Powerboard With 1 Metre Lead each",
        "price": 19.99,
        "special": 9.99,
        "unitPrice": "$9.99 / 1EA"
    },
    {
        "category": "specials",
        "href": "https://www.woolworths.com.au/shop/productdetails/54264/latina-fresh-veal-tortellini",
        "imgName": "054264.jpg",
        "imgSrc": "https://cdn0.woolworths.media/content/wowproductimages/medium/054264.jpg",
        "name": "Latina Fresh Veal Tortellini 625g",
        "price": 7,
        "unitPrice": "$1.12 / 100G"
    },
    {
        "category": "specials",
        "href": "https://www.woolworths.com.au/shop/productdetails/546553/schnobs-cold-brewed-coffee-double-latte",
        "imgName": "546553.jpg",
        "imgSrc": "https://cdn0.woolworths.media/content/wowproductimages/medium/546553.jpg",
        "name": "Schnobs Cold Brewed Coffee Double Latte 325ml",
        "price": 3.65,
        "special": 2.5,
        "unitPrice": "$7.69 / 1L"
    },
    {
        "category": "specials",
        "href": "https://www.woolworths.com.au/shop/productdetails/570992/extra-care-sun-repair-shampoo",
        "imgName": "570992.jpg",
        "imgSrc": "https://cdn0.woolworths.media/content/wowproductimages/medium/570992.jpg",
        "name": "Extra Care Sun Repair Shampoo 400ml",
        "price": 6.9,
        "special": 3.44,
        "unitPrice": "$0.86 / 100ML"
    },
    {
        "category": "specials",
        "href": "https://www.woolworths.com.au/shop/productdetails/573291/darrell-lea-bb-s-mint-chocolate",
        "imgName": "573291.jpg",
        "imgSrc": "https://cdn0.woolworths.media/content/wowproductimages/medium/573291.jpg",
        "name": "Darrell Lea Bb's Mint Chocolate 180g",
        "price": 3.9,
        "special": 3.3,
        "unitPrice": "$1.83 / 100G"
    },
    {
        "category": "specials",
        "href": "https://www.woolworths.com.au/shop/productdetails/580912/pepsi-max-vanilla-cans",
        "imgName": "580912.jpg",
        "imgSrc": "https://cdn0.woolworths.media/content/wowproductimages/medium/580912.jpg",
        "name": "Pepsi Max Vanilla Cans 10x375ml",
        "price": 12.6,
        "special": 7.4,
        "unitPrice": "$1.97 / 1L"
    },
    {
        "category": "specials",
        "href": "https://www.woolworths.com.au/shop/productdetails/604065/christmas-premium-wrapping-paper",
        "imgName": "604065.jpg",
        "imgSrc": "https://cdn0.woolworths.media/content/wowproductimages/medium/604065.jpg",
        "name": "Christmas Premium Wrapping Paper 2m",
        "price": 5,
        "special": 4,
        "unitPrice": "$4.00 / 1EA"
    },
    {
        "category": "specials",
        "href": "https://www.woolworths.com.au/shop/productdetails/606058/the-goods-living-fermented-spicy-sauerkraut",
        "imgName": "606058.jpg",
        "imgSrc": "https://cdn0.woolworths.media/content/wowproductimages/medium/606058.jpg",
        "name": "The Goods Living & Fermented Spicy Sauerkraut 500g",
        "price": 7,
        "special": 3.5,
        "unitPrice": "$7.00 / 1KG"
    },
    {
        "category": "specials",
        "href": "https://www.woolworths.com.au/shop/productdetails/612275/woolworths-delicious-nutritious-meals-cauliflower-cheese-chicken",
        "imgName": "612275.jpg",
        "imgSrc": "https://cdn0.woolworths.media/content/wowproductimages/medium/612275.jpg",
        "name": "Woolworths Delicious Nutritious Meals Cauliflower Cheese Chicken 395g",
        "price": 6.5,
        "unitPrice": "$1.65 / 100G"
    },
    {
        "category": "specials",
        "href": "https://www.woolworths.com.au/shop/productdetails/659235/sargents-aussie-angus-premium-chunky-beef-pies",
        "imgName": "659235.jpg",
        "imgSrc": "https://cdn0.woolworths.media/content/wowproductimages/medium/659235.jpg",
        "name": "Sargents Aussie Angus Premium Chunky Beef Pies 4pk 600g",
        "price": 6,
        "unitPrice": "$1.00 / 100G"
    },
    {
        "category": "specials",
        "href": "https://www.woolworths.com.au/shop/productdetails/669498/lynx-body-spray-australia",
        "imgName": "669498.jpg",
        "imgSrc": "https://cdn0.woolworths.media/content/wowproductimages/medium/669498.jpg",
        "name": "Lynx Body Spray Australia 155ml",
        "price": 6,
        "special": 4,
        "unitPrice": "$2.58 / 100ML"
    },
    {
        "category": "specials",
        "href": "https://www.woolworths.com.au/shop/productdetails/700228/macro-chicken-breast-fillets-free-range",
        "imgName": "700228.jpg",
        "imgSrc": "https://cdn0.woolworths.media/content/wowproductimages/medium/700228.jpg",
        "name": "Macro Chicken Breast Fillets Free Range min. 800g",
        "price": 11.2,
        "unitPrice": "$14.00 / 1KG"
    },
    {
        "category": "specials",
        "href": "https://www.woolworths.com.au/shop/productdetails/701064/weight-watchers-creamy-mushroom-pumpkin-risotto",
        "imgName": "701064.jpg",
        "imgSrc": "https://cdn0.woolworths.media/content/wowproductimages/medium/701064.jpg",
        "name": "Weight Watchers Creamy Mushroom & Pumpkin Risotto 225g",
        "price": 3,
        "unitPrice": "$1.33 / 100G"
    },
    {
        "category": "specials",
        "href": "https://www.woolworths.com.au/shop/productdetails/712001/chobani-no-fat-blueberry-yoghurt",
        "imgName": "712001.jpg",
        "imgSrc": "https://cdn0.woolworths.media/content/wowproductimages/medium/712001.jpg",
        "name": "Chobani No Fat Blueberry Yoghurt 170g",
        "price": 2.25,
        "special": 2,
        "unitPrice": "$1.18 / 100G"
    },
    {
        "category": "specials",
        "href": "https://www.woolworths.com.au/shop/productdetails/7282/peters-drumstick-super-chocolate",
        "imgName": "007282.jpg",
        "imgSrc": "https://cdn0.woolworths.media/content/wowproductimages/medium/007282.jpg",
        "name": "Peters Drumstick Super Chocolate  4pk 475ml",
        "price": 8,
        "special": 5,
        "unitPrice": "$1.05 / 100ML"
    },
    {
        "category": "specials",
        "href": "https://www.woolworths.com.au/shop/productdetails/728371/schick-hydro-silk-razor-kit",
        "imgName": "728371.jpg",
        "imgSrc": "https://cdn0.woolworths.media/content/wowproductimages/medium/728371.jpg",
        "name": "Schick Hydro Silk Razor Kit 1pk",
        "price": 14.5,
        "special": 7.25
    },
    {
        "category": "specials",
        "href": "https://www.woolworths.com.au/shop/productdetails/729947/zoosh-onion-smokey-bacon-dip",
        "imgName": "729947.jpg",
        "imgSrc": "https://cdn0.woolworths.media/content/wowproductimages/medium/729947.jpg",
        "name": "Zoosh Onion & Smokey Bacon Dip 185g",
        "price": 2.5,
        "special": 2,
        "unitPrice": "$1.08 / 100G"
    },
    {
        "category": "specials",
        "href": "https://www.woolworths.com.au/shop/productdetails/730629/bulla-icy-pops-lemonade-raspberry-cola",
        "imgName": "730629.jpg",
        "imgSrc": "https://cdn0.woolworths.media/content/wowproductimages/medium/730629.jpg",
        "name": "Bulla Icy Pops Lemonade Raspberry & Cola 10pk 700ml",
        "price": 4.3,
        "special": 3,
        "unitPrice": "$0.43 / 100ML"
    },
    {
        "category": "specials",
        "href": "https://www.woolworths.com.au/shop/productdetails/738592/garnier-fructis-shampoo-nutri-repair-3",
        "imgName": "738592.jpg",
        "imgSrc": "https://cdn0.woolworths.media/content/wowproductimages/medium/738592.jpg",
        "name": "Garnier Fructis Shampoo Nutri Repair 3 700ml",
        "price": 12,
        "special": 6,
        "unitPrice": "$0.86 / 100ML"
    },
    {
        "category": "specials",
        "href": "https://www.woolworths.com.au/shop/productdetails/747424/kr-castlemaine-leg-ham-sliced",
        "imgName": "747424.jpg",
        "imgSrc": "https://cdn0.woolworths.media/content/wowproductimages/medium/747424.jpg",
        "name": "Kr Castlemaine Leg Ham Sliced per kg",
        "price": 14,
        "unitPrice": "$14.00 / 1KG"
    },
    {
        "category": "specials",
        "href": "https://www.woolworths.com.au/shop/productdetails/756711/once-upon-a-time-6-months-banana-custard",
        "imgName": "756711.jpg",
        "imgSrc": "https://cdn0.woolworths.media/content/wowproductimages/medium/756711.jpg",
        "name": "Once Upon A Time 6 Months Banana Custard 120g",
        "price": 1.1,
        "unitPrice": "$0.92 / 100G"
    },
    {
        "category": "specials",
        "href": "https://www.woolworths.com.au/shop/productdetails/758366/mars-variety-mix-funsize-sharepack",
        "imgName": "758366.jpg",
        "imgSrc": "https://cdn0.woolworths.media/content/wowproductimages/medium/758366.jpg",
        "name": "Mars Variety Mix Funsize Sharepack 20pk 307g",
        "price": 5,
        "unitPrice": "$1.63 / 100G"
    },
    {
        "category": "specials",
        "href": "https://www.woolworths.com.au/shop/productdetails/759707/optimum-adult-cat-food-furball-with-real-chicken",
        "imgName": "759707.jpg",
        "imgSrc": "https://cdn0.woolworths.media/content/wowproductimages/medium/759707.jpg",
        "name": "Optimum Adult Cat Food Furball With Real Chicken 1.5kg",
        "price": 15.65,
        "special": 10,
        "unitPrice": "$0.67 / 100G"
    },
    {
        "category": "specials",
        "href": "https://www.woolworths.com.au/shop/productdetails/765118/nestle-nan-comfort-infant-formula-stage-1-0-6-months",
        "imgName": "765118.jpg",
        "imgSrc": "https://cdn0.woolworths.media/content/wowproductimages/medium/765118.jpg",
        "name": "Nestle Nan Comfort Infant Formula Stage 1 0-6 Months 800g",
        "price": 17,
        "unitPrice": "$2.13 / 100G"
    },
    {
        "category": "specials",
        "href": "https://www.woolworths.com.au/shop/productdetails/768845/bonds-men-s-ultimate-comfort-socks-low-cut-size-11-14",
        "imgName": "768845.jpg",
        "imgSrc": "https://cdn0.woolworths.media/content/wowproductimages/medium/768845.jpg",
        "name": "Bonds Men's Ultimate Comfort Socks Low Cut Size 11 - 14 2pk",
        "price": 14,
        "special": 7,
        "unitPrice": "$3.50 / 1EA"
    },
    {
        "category": "specials",
        "href": "https://www.woolworths.com.au/shop/productdetails/769491/sensodyne-toothpaste-complete-care-extra-fresh",
        "imgName": "769491.jpg",
        "imgSrc": "https://cdn0.woolworths.media/content/wowproductimages/medium/769491.jpg",
        "name": "Sensodyne Toothpaste Complete Care Extra Fresh 100g",
        "price": 11,
        "special": 9,
        "unitPrice": "$9.00 / 100G"
    },
    {
        "category": "specials",
        "href": "https://www.woolworths.com.au/shop/productdetails/781765/darrell-lea-raspberry-licorice-twists",
        "imgName": "781765.jpg",
        "imgSrc": "https://cdn0.woolworths.media/content/wowproductimages/medium/781765.jpg",
        "name": "Darrell Lea Raspberry Licorice Twists  300g",
        "price": 3.8,
        "unitPrice": "$1.27 / 100G"
    },
    {
        "category": "specials",
        "href": "https://www.woolworths.com.au/shop/productdetails/782537/inspire-bakeware-slice-tray",
        "imgName": "782537.jpg",
        "imgSrc": "https://cdn0.woolworths.media/content/wowproductimages/medium/782537.jpg",
        "name": "Inspire Bakeware Slice Tray 31.5cm each",
        "price": 6,
        "special": 4.2
    },
    {
        "category": "specials",
        "href": "https://www.woolworths.com.au/shop/productdetails/789357/woolworths-full-cream-milk-powder",
        "imgName": "789357.jpg",
        "imgSrc": "https://cdn0.woolworths.media/content/wowproductimages/medium/789357.jpg",
        "name": "Woolworths Full Cream Milk Powder 1kg",
        "price": 5.7,
        "unitPrice": "$0.57 / 100G"
    },
    {
        "category": "specials",
        "href": "https://www.woolworths.com.au/shop/productdetails/826432/cadbury-dairy-milk-chocolate-black-forest",
        "imgName": "826432.jpg",
        "imgSrc": "https://cdn0.woolworths.media/content/wowproductimages/medium/826432.jpg",
        "name": "Cadbury Dairy Milk Chocolate Black Forest 200g block",
        "price": 5,
        "special": 3.5,
        "unitPrice": "$1.75 / 100G"
    },
    {
        "category": "specials",
        "href": "https://www.woolworths.com.au/shop/productdetails/826675/steggles-family-roast-chicken-whole",
        "imgName": "826675.jpg",
        "imgSrc": "https://cdn0.woolworths.media/content/wowproductimages/medium/826675.jpg",
        "name": "Steggles Family Roast Chicken Whole min. 1.6kg",
        "price": 7.2,
        "unitPrice": "$4.50 / 1KG"
    },
    {
        "category": "specials",
        "href": "https://www.woolworths.com.au/shop/productdetails/829999/essentials-pegs",
        "imgName": "829999.jpg",
        "imgSrc": "https://cdn0.woolworths.media/content/wowproductimages/medium/829999.jpg",
        "name": "Essentials Pegs  60pk",
        "price": 3.5,
        "unitPrice": "$0.06 / 1EA"
    },
    {
        "category": "specials",
        "href": "https://www.woolworths.com.au/shop/productdetails/839937/little-one-s-ultra-dry-nappies-infant-4-8kg-boys-girls",
        "imgName": "839937.jpg",
        "imgSrc": "https://cdn0.woolworths.media/content/wowproductimages/medium/839937.jpg",
        "name": "Little One's Ultra Dry Nappies Infant 4-8kg Boys & Girls 56pk bulk",
        "price": 11,
        "unitPrice": "$0.20 / 1EA"
    },
    {
        "category": "specials",
        "href": "https://www.woolworths.com.au/shop/productdetails/839939/little-one-s-ultra-dry-nappies-toddler-10-15kg-boys-girls",
        "imgName": "839939.jpg",
        "imgSrc": "https://cdn0.woolworths.media/content/wowproductimages/medium/839939.jpg",
        "name": "Little One's Ultra Dry Nappies Toddler 10-15kg Boys & Girls 50pk bulk",
        "price": 11,
        "unitPrice": "$0.22 / 1EA"
    },
    {
        "category": "specials",
        "href": "https://www.woolworths.com.au/shop/productdetails/840466/allen-s-party-mix",
        "imgName": "840466.jpg",
        "imgSrc": "https://cdn0.woolworths.media/content/wowproductimages/medium/840466.jpg",
        "name": "Allen's Party Mix  465g bag",
        "price": 5,
        "special": 4,
        "unitPrice": "$0.86 / 100G"
    },
    {
        "category": "specials",
        "href": "https://www.woolworths.com.au/shop/productdetails/841551/frisp-strawberry-crisps",
        "imgName": "841551.jpg",
        "imgSrc": "https://cdn0.woolworths.media/content/wowproductimages/medium/841551.jpg",
        "name": "Frisp Strawberry Crisps 15g",
        "price": 2.5,
        "special": 2,
        "unitPrice": "$133.33 / 1KG"
    },
    {
        "category": "specials",
        "href": "https://www.woolworths.com.au/shop/productdetails/842807/pantene-pro-v-daily-moisture-renewal-conditioner",
        "imgName": "842807.jpg",
        "imgSrc": "https://cdn0.woolworths.media/content/wowproductimages/medium/842807.jpg",
        "name": "Pantene Pro-v Daily Moisture Renewal Conditioner 900ml",
        "price": 15.7,
        "special": 10,
        "unitPrice": "$1.11 / 100ML"
    },
    {
        "category": "specials",
        "href": "https://www.woolworths.com.au/shop/productdetails/852626/purina-one-urinary-tract-health-cat-formula-with-chicken",
        "imgName": "852626.jpg",
        "imgSrc": "https://cdn0.woolworths.media/content/wowproductimages/medium/852626.jpg",
        "name": "Purina One Urinary Tract Health Cat Formula With Chicken 1.5kg",
        "price": 12,
        "unitPrice": "$0.80 / 100G"
    },
    {
        "category": "specials",
        "href": "https://www.woolworths.com.au/shop/productdetails/8530/devondale-point-one-long-life-milk",
        "imgName": "008530.jpg",
        "imgSrc": "https://cdn0.woolworths.media/content/wowproductimages/medium/008530.jpg",
        "name": "Devondale Point One Long Life Milk 1l",
        "price": 1.7,
        "unitPrice": "$1.70 / 1L"
    },
    {
        "category": "specials",
        "href": "https://www.woolworths.com.au/shop/productdetails/86182/glad-tuff-stuff-forceflex-drawstring-kitchen-bags-large",
        "imgName": "086182.jpg",
        "imgSrc": "https://cdn0.woolworths.media/content/wowproductimages/medium/086182.jpg",
        "name": "Glad Tuff Stuff Forceflex Drawstring Kitchen Bags Large 15pk",
        "price": 4,
        "special": 3.4,
        "unitPrice": "$0.23 / 1EA"
    },
    {
        "category": "specials",
        "href": "https://www.woolworths.com.au/shop/productdetails/865319/pauls-milky-max-chocolate-flavoured-milk",
        "imgName": "865319.jpg",
        "imgSrc": "https://cdn0.woolworths.media/content/wowproductimages/medium/865319.jpg",
        "name": "Pauls Milky Max Chocolate Flavoured Milk 250ml",
        "price": 1.95,
        "unitPrice": "$7.80 / 1L"
    },
    {
        "category": "specials",
        "href": "https://www.woolworths.com.au/shop/productdetails/86538/ice-break-regular-strength",
        "imgName": "086538.jpg",
        "imgSrc": "https://cdn0.woolworths.media/content/wowproductimages/medium/086538.jpg",
        "name": "Ice Break Regular Strength  500ml",
        "price": 3.3,
        "special": 2.5,
        "unitPrice": "$5.00 / 1L"
    },
    {
        "category": "specials",
        "href": "https://www.woolworths.com.au/shop/productdetails/883004/woolworths-select-mini-choc-chip-muffin-8pk",
        "imgName": "883004.jpg",
        "imgSrc": "https://cdn0.woolworths.media/content/wowproductimages/medium/883004.jpg",
        "name": "Woolworths Select Mini Choc Chip Muffin 8pk 320g",
        "price": 3.5,
        "unitPrice": "$1.09 / 100G"
    },
    {
        "category": "specials",
        "href": "https://www.woolworths.com.au/shop/productdetails/888047/cadbury-christmas-stocking",
        "imgName": "888047.jpg",
        "imgSrc": "https://cdn0.woolworths.media/content/wowproductimages/medium/888047.jpg",
        "name": "Cadbury Christmas Stocking  182g",
        "price": 5,
        "special": 4,
        "unitPrice": "$2.20 / 100G"
    },
    {
        "category": "specials",
        "href": "https://www.woolworths.com.au/shop/productdetails/89994/mccain-tuna-mornay",
        "imgName": "089994.jpg",
        "imgSrc": "https://cdn0.woolworths.media/content/wowproductimages/medium/089994.jpg",
        "name": "Mccain Tuna Mornay 400g",
        "price": 4.5,
        "unitPrice": "$1.13 / 100G"
    },
    {
        "category": "specials",
        "href": "https://www.woolworths.com.au/shop/productdetails/902023/absolut-vodka",
        "imgName": "902023.jpg",
        "imgSrc": "https://cdn0.woolworths.media/content/wowproductimages/medium/902023.jpg",
        "name": "Absolut Vodka  1l",
        "price": 66,
        "special": 54
    },
    {
        "category": "specials",
        "href": "https://www.woolworths.com.au/shop/productdetails/91199/midori-melon-liqueur",
        "imgName": "091199.jpg",
        "imgSrc": "https://cdn0.woolworths.media/content/wowproductimages/medium/091199.jpg",
        "name": "Midori Melon Liqueur  700ml",
        "price": 43,
        "special": 32
    },
    {
        "category": "specials",
        "href": "https://www.woolworths.com.au/shop/productdetails/915337/barbadillo-pedro-sherry-ximinez",
        "imgName": "915337.jpg",
        "imgSrc": "https://cdn0.woolworths.media/content/wowproductimages/medium/915337.jpg",
        "name": "Barbadillo Pedro Sherry Ximinez 750ml",
        "price": 25,
        "special": 21
    },
    {
        "category": "specials",
        "href": "https://www.woolworths.com.au/shop/productdetails/91819/lucky-dog-adult-dog-food-mince-beef-veg-marrowbone",
        "imgName": "091819.jpg",
        "imgSrc": "https://cdn0.woolworths.media/content/wowproductimages/medium/091819.jpg",
        "name": "Lucky Dog Adult Dog Food Mince Beef Veg Marrowbone 3kg",
        "price": 6.99,
        "special": 4.5,
        "unitPrice": "$0.15 / 100G"
    },
    {
        "category": "specials",
        "href": "https://www.woolworths.com.au/shop/productdetails/921693/woolworths-select-madeira-cake",
        "imgName": "921693.jpg",
        "imgSrc": "https://cdn0.woolworths.media/content/wowproductimages/medium/921693.jpg",
        "name": "Woolworths Select Madeira Cake  450g",
        "price": 2.5,
        "unitPrice": "$0.56 / 100G"
    },
    {
        "category": "specials",
        "href": "https://www.woolworths.com.au/shop/productdetails/924332/mars-celebrations",
        "imgName": "924332.jpg",
        "imgSrc": "https://cdn0.woolworths.media/content/wowproductimages/medium/924332.jpg",
        "name": "Mars Celebrations  300g gift box",
        "price": 10,
        "special": 5,
        "unitPrice": "$1.67 / 100G"
    },
    {
        "category": "specials",
        "href": "https://www.woolworths.com.au/shop/productdetails/940483/uhu-craft-glue",
        "imgName": "940483.jpg",
        "imgSrc": "https://cdn0.woolworths.media/content/wowproductimages/medium/940483.jpg",
        "name": "Uhu Craft Glue  250ml",
        "price": 6.5,
        "special": 5.2
    },
    {
        "category": "specials",
        "href": "https://www.woolworths.com.au/shop/productdetails/98378/mars-bar",
        "imgName": "098378.jpg",
        "imgSrc": "https://cdn0.woolworths.media/content/wowproductimages/medium/098378.jpg",
        "name": "Mars Bar  53g bar",
        "price": 2,
        "special": 1,
        "unitPrice": "$1.89 / 100G"
    },
    {
        "category": "specials",
        "href": "https://www.woolworths.com.au/shop/productdetails/1140/preen-vanish-stain-remover-original-spray",
        "imgName": "001140.jpg",
        "imgSrc": "https://cdn0.woolworths.media/content/wowproductimages/medium/001140.jpg",
        "name": "Preen Vanish Stain Remover Original Spray 300g",
        "price": 5,
        "unitPrice": "$16.67 / 1KG"
    },
    {
        "category": "specials",
        "href": "https://www.woolworths.com.au/shop/productdetails/13824/my-dog-adult-dog-food-prime-beef-veal",
        "imgName": "013824.jpg",
        "imgSrc": "https://cdn0.woolworths.media/content/wowproductimages/medium/013824.jpg",
        "name": "My Dog Adult Dog Food Prime Beef & Veal 400g",
        "price": 2.1,
        "special": 1.8,
        "unitPrice": "$0.45 / 100G"
    },
    {
        "category": "specials",
        "href": "https://www.woolworths.com.au/shop/productdetails/17621/glenfiddich-single-malt-scotch-whisky-12-years-old",
        "imgName": "017621.jpg",
        "imgSrc": "https://cdn0.woolworths.media/content/wowproductimages/medium/017621.jpg",
        "name": "Glenfiddich Single Malt Scotch Whisky 12 Years Old 700ml",
        "price": 78,
        "special": 60
    },
    {
        "category": "specials",
        "href": "https://www.woolworths.com.au/shop/productdetails/27652/pedigree-adult-dog-food-homestyle-with-beef-pasta-vegies",
        "imgName": "027652.jpg",
        "imgSrc": "https://cdn0.woolworths.media/content/wowproductimages/medium/027652.jpg",
        "name": "Pedigree Adult Dog Food Homestyle With Beef Pasta & Vegies 1.2kg",
        "price": 3.8,
        "special": 2.5,
        "unitPrice": "$0.21 / 100G"
    },
    {
        "category": "specials",
        "href": "https://www.woolworths.com.au/shop/productdetails/29637/tassal-premium-tasmanian-smoked-salmon-slices",
        "imgName": "029637.jpg",
        "imgSrc": "https://cdn0.woolworths.media/content/wowproductimages/medium/029637.jpg",
        "name": "Tassal Premium Tasmanian Smoked Salmon Slices 100g",
        "price": 7,
        "special": 6,
        "unitPrice": "$60.00 / 1KG"
    },
    {
        "category": "specials",
        "href": "https://www.woolworths.com.au/shop/productdetails/33531/just-juice-unsweetened-orange-juice",
        "imgName": "033531.jpg",
        "imgSrc": "https://cdn0.woolworths.media/content/wowproductimages/medium/033531.jpg",
        "name": "Just Juice Unsweetened Orange Juice 1l",
        "price": 2.3,
        "special": 2,
        "unitPrice": "$2.00 / 1L"
    },
    {
        "category": "specials",
        "href": "https://www.woolworths.com.au/shop/productdetails/5306/dilmah-black-tea-bags",
        "imgName": "005306.jpg",
        "imgSrc": "https://cdn0.woolworths.media/content/wowproductimages/medium/005306.jpg",
        "name": "Dilmah Black Tea Bags 50pk 100g",
        "price": 3.1,
        "special": 2,
        "unitPrice": "$2.00 / 100G"
    },
    {
        "category": "specials",
        "href": "https://www.woolworths.com.au/shop/productdetails/6667/home-essentials-utensil-cutting-board-white",
        "imgName": "006667.jpg",
        "imgSrc": "https://cdn0.woolworths.media/content/wowproductimages/medium/006667.jpg",
        "name": "Home Essentials Utensil Cutting Board White 2pk",
        "price": 6
    },
    {
        "category": "specials",
        "href": "https://www.woolworths.com.au/shop/productdetails/10490/spc-spaghetti-cheesy-cheddar-sauce",
        "imgName": "010490.jpg",
        "imgSrc": "https://cdn0.woolworths.media/content/wowproductimages/medium/010490.jpg",
        "name": "Spc Spaghetti Cheesy Cheddar Sauce 420g",
        "price": 1.15,
        "special": 1,
        "unitPrice": "$0.24 / 100G"
    },
    {
        "category": "specials",
        "href": "https://www.woolworths.com.au/shop/productdetails/16307/sanitarium-so-good-soy-long-life-lite-milk",
        "imgName": "016307.jpg",
        "imgSrc": "https://cdn0.woolworths.media/content/wowproductimages/medium/016307.jpg",
        "name": "Sanitarium So Good Soy Long Life Lite Milk 1l",
        "price": 1.79,
        "unitPrice": "$1.79 / 1L"
    },
    {
        "category": "specials",
        "href": "https://www.woolworths.com.au/shop/productdetails/25675/pedigree-adult-dog-food-can-loaf-5-kinds-of-meat",
        "imgName": "025675.jpg",
        "imgSrc": "https://cdn0.woolworths.media/content/wowproductimages/medium/025675.jpg",
        "name": "Pedigree Adult Dog Food Can Loaf 5 Kinds Of Meat 700g",
        "price": 2.1,
        "unitPrice": "$0.30 / 100G"
    },
    {
        "category": "specials",
        "href": "https://www.woolworths.com.au/shop/productdetails/28694/nivea-body-moisturiser-body-nourish-dry",
        "imgName": "028694.jpg",
        "imgSrc": "https://cdn0.woolworths.media/content/wowproductimages/medium/028694.jpg",
        "name": "Nivea Body Moisturiser Body Nourish Dry 400ml",
        "price": 8,
        "special": 5,
        "unitPrice": "$1.25 / 100ML"
    },
    {
        "category": "specials",
        "href": "https://www.woolworths.com.au/shop/productdetails/33565/cottee-s-conserve-strawberry",
        "imgName": "033565.jpg",
        "imgSrc": "https://cdn0.woolworths.media/content/wowproductimages/medium/033565.jpg",
        "name": "Cottee's Conserve Strawberry 500g",
        "price": 2.5,
        "unitPrice": "$0.50 / 100G"
    },
    {
        "category": "specials",
        "href": "https://www.woolworths.com.au/shop/productdetails/33839/bushells-coffee-essence-sweet-chicory",
        "imgName": "033839.jpg",
        "imgSrc": "https://cdn0.woolworths.media/content/wowproductimages/medium/033839.jpg",
        "name": "Bushells Coffee Essence Sweet Chicory 250ml",
        "price": 4.3,
        "special": 3,
        "unitPrice": "$1.20 / 100ML"
    },
    {
        "category": "specials",
        "href": "https://www.woolworths.com.au/shop/productdetails/5084/essentials-dog-food-beef-vegetables",
        "imgName": "005084.jpg",
        "imgSrc": "https://cdn0.woolworths.media/content/wowproductimages/medium/005084.jpg",
        "name": "Essentials Dog Food Beef & Vegetables 8kg",
        "price": 8.99,
        "unitPrice": "$0.11 / 100G"
    },
    {
        "category": "specials",
        "href": "https://www.woolworths.com.au/shop/productdetails/9807/revlon-colour-silk-hair-colour-20-brown-black",
        "imgName": "009807.jpg",
        "imgSrc": "https://cdn0.woolworths.media/content/wowproductimages/medium/009807.jpg",
        "name": "Revlon Colour Silk Hair Colour 20 Brown Black each",
        "price": 9,
        "special": 7
    },
    {
        "category": "specials",
        "href": "https://www.woolworths.com.au/shop/productdetails/24318/sanitarium-so-good-soy-regular-milk",
        "imgName": "024318.jpg",
        "imgSrc": "https://cdn0.woolworths.media/content/wowproductimages/medium/024318.jpg",
        "name": "Sanitarium So Good Soy Regular Milk 1l",
        "price": 1.79,
        "unitPrice": "$1.79 / 1L"
    },
    {
        "category": "specials",
        "href": "https://www.woolworths.com.au/shop/productdetails/34896/l-oreal-excellence-cr-me-9-1-light-ash-blonde",
        "imgName": "034896.jpg",
        "imgSrc": "https://cdn0.woolworths.media/content/wowproductimages/medium/034896.jpg",
        "name": "L'oreal Excellence Cr\u00e8me 9.1 Light Ash Blonde 1pk",
        "price": 17.5,
        "special": 12
    },
    {
        "category": "specials",
        "href": "https://www.woolworths.com.au/shop/productdetails/8109/lanson-black-label-champagne-non-vintage",
        "imgName": "008109.jpg",
        "imgSrc": "https://cdn0.woolworths.media/content/wowproductimages/medium/008109.jpg",
        "name": "Lanson Black Label Champagne Non Vintage 750ml",
        "price": 62,
        "special": 45
    },
    {
        "category": "specials",
        "href": "https://www.woolworths.com.au/shop/productdetails/31266/olay-moisturising-lotion",
        "imgName": "031266.jpg",
        "imgSrc": "https://cdn0.woolworths.media/content/wowproductimages/medium/031266.jpg",
        "name": "Olay Moisturising Lotion  150ml",
        "price": 13,
        "special": 6.5,
        "unitPrice": "$4.33 / 100ML"
    },
    {
        "category": "specials",
        "href": "https://www.woolworths.com.au/shop/productdetails/579/m-m-s-mini-s",
        "imgName": "000579.jpg",
        "imgSrc": "https://cdn0.woolworths.media/content/wowproductimages/medium/000579.jpg",
        "name": "M&m's Mini's  35g tube",
        "price": 2,
        "special": 1,
        "unitPrice": "$2.86 / 100G"
    },
    {
        "category": "specials",
        "href": "https://www.woolworths.com.au/shop/productdetails/34141/chandon-sparkling-non-vintage-brut",
        "imgName": "034141.jpg",
        "imgSrc": "https://cdn0.woolworths.media/content/wowproductimages/medium/034141.jpg",
        "name": "Chandon Sparkling Non Vintage Brut 750ml",
        "price": 29,
        "special": 24
    },
    {
        "category": "specials",
        "href": "https://www.woolworths.com.au/shop/productdetails/3537/yoplait-yoplus-natural-yoghurt",
        "imgName": "003537.jpg",
        "imgSrc": "https://cdn0.woolworths.media/content/wowproductimages/medium/003537.jpg",
        "name": "Yoplait Yoplus Natural Yoghurt 1kg",
        "price": 4,
        "unitPrice": "$0.40 / 100G"
    },
    {
        "category": "specials",
        "href": "https://www.woolworths.com.au/shop/productdetails/25728/essentials-cloth-sponge",
        "imgName": "025728.jpg",
        "imgSrc": "https://cdn0.woolworths.media/content/wowproductimages/medium/025728.jpg",
        "name": "Essentials Cloth Sponge 3pk",
        "price": 0.99,
        "unitPrice": "$0.33 / 1EA"
    },
    {
        "category": "specials",
        "href": "https://www.woolworths.com.au/shop/productdetails/21534/canadian-club-whisky",
        "imgName": "021534.jpg",
        "imgSrc": "https://cdn0.woolworths.media/content/wowproductimages/medium/021534.jpg",
        "name": "Canadian Club Whisky  700ml",
        "price": 43,
        "special": 38
    },
    {
        "category": "specials",
        "href": "https://www.woolworths.com.au/shop/productdetails/24458/bonds-womens-underwear-cottontails-size-14",
        "imgName": "024458.jpg",
        "imgSrc": "https://cdn0.woolworths.media/content/wowproductimages/medium/024458.jpg",
        "name": "Bonds Womens Underwear Cottontails Size 14 2pk",
        "price": 13,
        "special": 6.5
    },
    {
        "category": "specials",
        "href": "https://www.woolworths.com.au/shop/productdetails/33036/uncle-tobys-traditional-oats",
        "imgName": "033036.jpg",
        "imgSrc": "https://cdn0.woolworths.media/content/wowproductimages/medium/033036.jpg",
        "name": "Uncle Tobys Traditional Oats 1kg",
        "price": 5,
        "unitPrice": "$0.50 / 100G"
    },
    {
        "category": "specials",
        "href": "https://www.woolworths.com.au/shop/productdetails/38905/hennessy-vs-cognac",
        "imgName": "038905.jpg",
        "imgSrc": "https://cdn0.woolworths.media/content/wowproductimages/medium/038905.jpg",
        "name": "Hennessy Vs Cognac  700ml",
        "price": 74,
        "special": 58
    },
    {
        "category": "specials",
        "href": "https://www.woolworths.com.au/shop/productdetails/22222/fancy-feast-adult-cat-food-roast-chicken-feast",
        "imgName": "022222.jpg",
        "imgSrc": "https://cdn0.woolworths.media/content/wowproductimages/medium/022222.jpg",
        "name": "Fancy Feast Adult Cat Food Roast Chicken Feast 85g",
        "price": 1.2,
        "special": 0.9,
        "unitPrice": "$1.06 / 100G"
    },
    {
        "category": "specials",
        "href": "https://www.woolworths.com.au/shop/productdetails/40338/libra-hearts-ultra-thins-pads-wings-regular",
        "imgName": "040338.jpg",
        "imgSrc": "https://cdn0.woolworths.media/content/wowproductimages/medium/040338.jpg",
        "name": "Libra Hearts Ultra Thins Pads Wings Regular 12pk",
        "price": 4.65,
        "unitPrice": "$0.39 / 1EA"
    },
    {
        "category": "specials",
        "href": "https://www.woolworths.com.au/shop/productdetails/37845/vittoria-coffee-espresso-coffee-beans-espresso",
        "imgName": "037845.jpg",
        "imgSrc": "https://cdn0.woolworths.media/content/wowproductimages/medium/037845.jpg",
        "name": "Vittoria Coffee Espresso Coffee Beans Espresso 200g",
        "price": 8,
        "special": 6,
        "unitPrice": "$3.00 / 100G"
    },
    {
        "category": "specials",
        "href": "https://www.woolworths.com.au/shop/productdetails/43034/pedigree-adult-dog-food-can-loaf-with-beef-vegies",
        "imgName": "043034.jpg",
        "imgSrc": "https://cdn0.woolworths.media/content/wowproductimages/medium/043034.jpg",
        "name": "Pedigree Adult Dog Food Can Loaf With Beef & Vegies 1.2kg",
        "price": 3.8,
        "special": 2.5,
        "unitPrice": "$0.21 / 100G"
    },
    {
        "category": "specials",
        "href": "https://www.woolworths.com.au/shop/productdetails/54375/continental-recipe-base-chilli-con-carne",
        "imgName": "054375.jpg",
        "imgSrc": "https://cdn0.woolworths.media/content/wowproductimages/medium/054375.jpg",
        "name": "Continental Recipe Base Chilli Con Carne 40g",
        "price": 1.6,
        "unitPrice": "$4.00 / 100G"
    },
    {
        "category": "specials",
        "href": "https://www.woolworths.com.au/shop/productdetails/76286/schweppes-cordial-raspberry",
        "imgName": "076286.jpg",
        "imgSrc": "https://cdn0.woolworths.media/content/wowproductimages/medium/076286.jpg",
        "name": "Schweppes Cordial Raspberry 750ml",
        "price": 4.49,
        "special": 3.5,
        "unitPrice": "$4.67 / 1L"
    },
    {
        "category": "specials",
        "href": "https://www.woolworths.com.au/shop/productdetails/88525/jim-beam-black-label-bourbon",
        "imgName": "088525.jpg",
        "imgSrc": "https://cdn0.woolworths.media/content/wowproductimages/medium/088525.jpg",
        "name": "Jim Beam Black Label Bourbon  700ml",
        "price": 50,
        "special": 43
    },
    {
        "category": "specials",
        "href": "https://www.woolworths.com.au/shop/productdetails/49905/bonne-maman-raspberry-jam",
        "imgName": "049905.jpg",
        "imgSrc": "https://cdn0.woolworths.media/content/wowproductimages/medium/049905.jpg",
        "name": "Bonne Maman Raspberry Jam 370g",
        "price": 5.2,
        "special": 4,
        "unitPrice": "$1.08 / 100G"
    },
    {
        "category": "specials",
        "href": "https://www.woolworths.com.au/shop/productdetails/49949/pura-double-cream",
        "imgName": "049949.jpg",
        "imgSrc": "https://cdn0.woolworths.media/content/wowproductimages/medium/049949.jpg",
        "name": "Pura Double Cream  300ml",
        "price": 5.5,
        "special": 4,
        "unitPrice": "$1.33 / 100ML"
    },
    {
        "category": "specials",
        "href": "https://www.woolworths.com.au/shop/productdetails/63404/st-agnes-vs-brandy",
        "imgName": "063404.jpg",
        "imgSrc": "https://cdn0.woolworths.media/content/wowproductimages/medium/063404.jpg",
        "name": "St Agnes Vs Brandy  700ml",
        "price": 40,
        "special": 31
    },
    {
        "category": "specials",
        "href": "https://www.woolworths.com.au/shop/productdetails/55613/patties-party-pack",
        "imgName": "055613.jpg",
        "imgSrc": "https://cdn0.woolworths.media/content/wowproductimages/medium/055613.jpg",
        "name": "Patties Party Pack  1.25kg",
        "price": 13.5,
        "special": 9,
        "unitPrice": "$0.72 / 100G"
    },
    {
        "category": "specials",
        "href": "https://www.woolworths.com.au/shop/productdetails/55874/bonne-maman-cherry-conserve",
        "imgName": "055874.jpg",
        "imgSrc": "https://cdn0.woolworths.media/content/wowproductimages/medium/055874.jpg",
        "name": "Bonne Maman Cherry Conserve  370g",
        "price": 5.2,
        "special": 4,
        "unitPrice": "$1.08 / 100G"
    },
    {
        "category": "specials",
        "href": "https://www.woolworths.com.au/shop/productdetails/86917/lavazza-ground-coffee-qualita-oro",
        "imgName": "086917.jpg",
        "imgSrc": "https://cdn0.woolworths.media/content/wowproductimages/medium/086917.jpg",
        "name": "Lavazza Ground Coffee Qualita Oro 500g",
        "price": 19,
        "special": 14,
        "unitPrice": "$2.80 / 100G"
    },
    {
        "category": "specials",
        "href": "https://www.woolworths.com.au/shop/productdetails/87465/freshwater-basa-fillets",
        "imgName": "087465.jpg",
        "imgSrc": "https://cdn0.woolworths.media/content/wowproductimages/medium/087465.jpg",
        "name": "Freshwater Basa Fillets per kg",
        "price": 7,
        "unitPrice": "$7.00 / 1KG"
    },
    {
        "category": "specials",
        "href": "https://www.woolworths.com.au/shop/productdetails/82537/snowy-river-sausage-roll",
        "imgName": "082537.jpg",
        "imgSrc": "https://cdn0.woolworths.media/content/wowproductimages/medium/082537.jpg",
        "name": "Snowy River Sausage Roll  100g",
        "price": 1.25,
        "unitPrice": "$1.25 / 100G"
    },
    {
        "category": "specials",
        "href": "https://www.woolworths.com.au/shop/productdetails/95055/homebrand-sultanas",
        "imgName": "095055.jpg",
        "imgSrc": "https://cdn0.woolworths.media/content/wowproductimages/medium/095055.jpg",
        "name": "Homebrand Sultanas  1kg",
        "price": 3.99,
        "unitPrice": "$3.99 / 1KG"
    },
    {
        "category": "specials",
        "href": "https://www.woolworths.com.au/shop/productdetails/46274/head-shoulders-smooth-silky-anti-dandruff-conditioner",
        "imgName": "046274.jpg",
        "imgSrc": "https://cdn0.woolworths.media/content/wowproductimages/medium/046274.jpg",
        "name": "Head & Shoulders Smooth & Silky Anti-dandruff Conditioner 620ml",
        "price": 16,
        "special": 11,
        "unitPrice": "$1.77 / 100ML"
    },
    {
        "category": "specials",
        "href": "https://www.woolworths.com.au/shop/productdetails/33572/just-juice-apple-juice",
        "imgName": "033572.jpg",
        "imgSrc": "https://cdn0.woolworths.media/content/wowproductimages/medium/033572.jpg",
        "name": "Just Juice Apple Juice 1l",
        "price": 2.3,
        "special": 2,
        "unitPrice": "$2.00 / 1L"
    },
    {
        "category": "specials",
        "href": "https://www.woolworths.com.au/shop/productdetails/40445/golden-circle-cordial-orange-crush",
        "imgName": "040445.jpg",
        "imgSrc": "https://cdn0.woolworths.media/content/wowproductimages/medium/040445.jpg",
        "name": "Golden Circle Cordial Orange Crush 2l",
        "price": 3,
        "unitPrice": "$1.50 / 1L"
    },
    {
        "category": "specials",
        "href": "https://www.woolworths.com.au/shop/productdetails/72129/my-dog-adult-dog-food-chicken-turkey-banquet",
        "imgName": "072129.jpg",
        "imgSrc": "https://cdn0.woolworths.media/content/wowproductimages/medium/072129.jpg",
        "name": "My Dog Adult Dog Food Chicken & Turkey Banquet 680g",
        "price": 3.2,
        "special": 2.8,
        "unitPrice": "$0.41 / 100G"
    },
    {
        "category": "specials",
        "href": "https://www.woolworths.com.au/shop/productdetails/78476/vittoria-coffee-italian-coffee-beans-special-italian-blend",
        "imgName": "078476.jpg",
        "imgSrc": "https://cdn0.woolworths.media/content/wowproductimages/medium/078476.jpg",
        "name": "Vittoria Coffee Italian Coffee Beans Special Italian Blend 1kg",
        "price": 19,
        "special": 15,
        "unitPrice": "$1.50 / 100G"
    },
    {
        "category": "specials",
        "href": "https://www.woolworths.com.au/shop/productdetails/37884/heinz-smooth-food-6-months-summer-fruits-gel",
        "imgName": "037884.jpg",
        "imgSrc": "https://cdn0.woolworths.media/content/wowproductimages/medium/037884.jpg",
        "name": "Heinz Smooth Food 6 Months Summer Fruits Gel 110g",
        "price": 1,
        "unitPrice": "$0.91 / 100G"
    },
    {
        "category": "specials",
        "href": "https://www.woolworths.com.au/shop/productdetails/92842/vaalia-low-fat-passionfruit-yoghurt",
        "imgName": "092842.jpg",
        "imgSrc": "https://cdn0.woolworths.media/content/wowproductimages/medium/092842.jpg",
        "name": "Vaalia Low Fat Passionfruit Yoghurt 900g",
        "price": 5.5,
        "special": 3.5,
        "unitPrice": "$0.39 / 100G"
    },
    {
        "category": "specials",
        "href": "https://www.woolworths.com.au/shop/productdetails/91886/thawed-imported-nile-perch-fillets",
        "imgName": "091886.jpg",
        "imgSrc": "https://cdn0.woolworths.media/content/wowproductimages/medium/091886.jpg",
        "name": "Thawed Imported Nile Perch Fillets per kg",
        "price": 14,
        "unitPrice": "$14.00 / 1KG"
    },
    {
        "category": "specials",
        "href": "https://www.woolworths.com.au/shop/productdetails/36763/harris-ground-coffee-black-label",
        "imgName": "036763.jpg",
        "imgSrc": "https://cdn0.woolworths.media/content/wowproductimages/medium/036763.jpg",
        "name": "Harris Ground Coffee Black Label 200g",
        "price": 6,
        "unitPrice": "$3.00 / 100G"
    },
    {
        "category": "specials",
        "href": "https://www.woolworths.com.au/shop/productdetails/73796/baileys-irish-cream-liqueur",
        "imgName": "073796.jpg",
        "imgSrc": "https://cdn0.woolworths.media/content/wowproductimages/medium/073796.jpg",
        "name": "Baileys Irish Cream Liqueur  700ml",
        "price": 34,
        "special": 26
    },
    {
        "category": "specials",
        "href": "https://www.woolworths.com.au/shop/productdetails/40568/blue-ribbon-reduced-fat-ice-cream-vanilla",
        "imgName": "040568.jpg",
        "imgSrc": "https://cdn0.woolworths.media/content/wowproductimages/medium/040568.jpg",
        "name": "Blue Ribbon Reduced Fat Ice Cream Vanilla 2l tub",
        "price": 4.9,
        "unitPrice": "$0.25 / 100ML"
    },
    {
        "category": "specials",
        "href": "https://www.woolworths.com.au/shop/productdetails/48883/fantastic-chicken-noodle-bowl",
        "imgName": "048883.jpg",
        "imgSrc": "https://cdn0.woolworths.media/content/wowproductimages/medium/048883.jpg",
        "name": "Fantastic Chicken Noodle Bowl 85g",
        "price": 1.6,
        "special": 1.4,
        "unitPrice": "$1.65 / 100G"
    },
    {
        "category": "specials",
        "href": "https://www.woolworths.com.au/shop/productdetails/49305/fantastic-oriental-noodle-bowl",
        "imgName": "049305.jpg",
        "imgSrc": "https://cdn0.woolworths.media/content/wowproductimages/medium/049305.jpg",
        "name": "Fantastic Oriental Noodle Bowl 85g",
        "price": 1.6,
        "special": 1.4,
        "unitPrice": "$1.65 / 100G"
    },
    {
        "category": "specials",
        "href": "https://www.woolworths.com.au/shop/productdetails/68619/old-el-paso-burrito-dinner-kit",
        "imgName": "068619.jpg",
        "imgSrc": "https://cdn0.woolworths.media/content/wowproductimages/medium/068619.jpg",
        "name": "Old El Paso Burrito Dinner Kit 485g",
        "price": 4.75,
        "unitPrice": "$0.98 / 100G"
    },
    {
        "category": "specials",
        "href": "https://www.woolworths.com.au/shop/productdetails/72993/cointreau-liqueur",
        "imgName": "072993.jpg",
        "imgSrc": "https://cdn0.woolworths.media/content/wowproductimages/medium/072993.jpg",
        "name": "Cointreau Liqueur  700ml",
        "price": 61,
        "special": 45
    },
    {
        "category": "specials",
        "href": "https://www.woolworths.com.au/shop/productdetails/84804/sanitarium-so-good-fat-free-soy-long-life-milk",
        "imgName": "084804.jpg",
        "imgSrc": "https://cdn0.woolworths.media/content/wowproductimages/medium/084804.jpg",
        "name": "Sanitarium So Good Fat Free Soy Long Life Milk 1l",
        "price": 1.79,
        "unitPrice": "$1.79 / 1L"
    },
    {
        "category": "specials",
        "href": "https://www.woolworths.com.au/shop/productdetails/96821/mccain-spaghetti-bolognese",
        "imgName": "096821.jpg",
        "imgSrc": "https://cdn0.woolworths.media/content/wowproductimages/medium/096821.jpg",
        "name": "Mccain Spaghetti Bolognese 400g",
        "price": 4.5,
        "unitPrice": "$1.13 / 100G"
    },
    {
        "category": "specials",
        "href": "https://www.woolworths.com.au/shop/productdetails/96415/mccain-supreme-pizza",
        "imgName": "096415.jpg",
        "imgSrc": "https://cdn0.woolworths.media/content/wowproductimages/medium/096415.jpg",
        "name": "Mccain Supreme Pizza 500g",
        "price": 6.5,
        "special": 5,
        "unitPrice": "$1.00 / 100G"
    },
    {
        "category": "specials",
        "href": "https://www.woolworths.com.au/shop/productdetails/117522/chicken-tonight-simmer-sauce-honey-mustard-lite",
        "imgName": "117522.jpg",
        "imgSrc": "https://cdn0.woolworths.media/content/wowproductimages/medium/117522.jpg",
        "name": "Chicken Tonight Simmer Sauce Honey Mustard Lite 480g",
        "price": 3.15,
        "unitPrice": "$0.64 / 100G"
    },
    {
        "category": "specials",
        "href": "https://www.woolworths.com.au/shop/productdetails/118746/easiyo-greek-style-unsweetened-yoghurt-base",
        "imgName": "118746.jpg",
        "imgSrc": "https://cdn0.woolworths.media/content/wowproductimages/medium/118746.jpg",
        "name": "Easiyo Greek Style Unsweetened Yoghurt Base 170g",
        "price": 4.2,
        "unitPrice": "$2.47 / 100G"
    },
    {
        "category": "specials",
        "href": "https://www.woolworths.com.au/shop/productdetails/126395/lindt-lindor-chocolate-balls-assorted",
        "imgName": "126395.jpg",
        "imgSrc": "https://cdn0.woolworths.media/content/wowproductimages/medium/126395.jpg",
        "name": "Lindt Lindor Chocolate Balls Assorted 235g box"
    },
    {
        "category": "specials",
        "href": "https://www.woolworths.com.au/shop/productdetails/146547/pauls-zymil-lactose-free-long-life-milk",
        "imgName": "146547.jpg",
        "imgSrc": "https://cdn0.woolworths.media/content/wowproductimages/medium/146547.jpg",
        "name": "Pauls Zymil Lactose Free Long Life Milk 1l",
        "price": 2.5,
        "special": 2,
        "unitPrice": "$2.00 / 1L"
    },
    {
        "category": "specials",
        "href": "https://www.woolworths.com.au/shop/productdetails/115996/bulla-choc-bars-malt-choc-mint-vanilla",
        "imgName": "115996.jpg",
        "imgSrc": "https://cdn0.woolworths.media/content/wowproductimages/medium/115996.jpg",
        "name": "Bulla Choc Bars Malt Choc Mint & Vanilla 10pk 768ml",
        "price": 6.8,
        "special": 4.5,
        "unitPrice": "$0.59 / 100ML"
    },
    {
        "category": "specials",
        "href": "https://www.woolworths.com.au/shop/productdetails/103984/pop-tops-apple-blackcurrant-juice",
        "imgName": "103984.jpg",
        "imgSrc": "https://cdn0.woolworths.media/content/wowproductimages/medium/103984.jpg",
        "name": "Pop Tops Apple Blackcurrant Juice 6x250ml",
        "price": 5.25,
        "special": 4,
        "unitPrice": "$2.67 / 1L"
    },
    {
        "category": "specials",
        "href": "https://www.woolworths.com.au/shop/productdetails/140646/bulla-splits-multipack-raspberry-mango-lemon-lime",
        "imgName": "140646.jpg",
        "imgSrc": "https://cdn0.woolworths.media/content/wowproductimages/medium/140646.jpg",
        "name": "Bulla Splits Multipack Raspberry, Mango & Lemon Lime 10pk 750ml",
        "price": 6.8,
        "special": 4.5,
        "unitPrice": "$0.60 / 100ML"
    },
    {
        "category": "specials",
        "href": "https://www.woolworths.com.au/shop/productdetails/86759/polident-poligrip-denture-care-cream-fresh-mint",
        "imgName": "086759.jpg",
        "imgSrc": "https://cdn0.woolworths.media/content/wowproductimages/medium/086759.jpg",
        "name": "Polident Poligrip Denture Care Cream Fresh Mint 60g",
        "price": 12.5,
        "unitPrice": "$20.83 / 100G"
    },
    {
        "category": "specials",
        "href": "https://www.woolworths.com.au/shop/productdetails/88658/sakata-rice-crackers-chicken",
        "imgName": "088658.jpg",
        "imgSrc": "https://cdn0.woolworths.media/content/wowproductimages/medium/088658.jpg",
        "name": "Sakata Rice Crackers Chicken 100g",
        "price": 2.49,
        "special": 2,
        "unitPrice": "$2.00 / 100G"
    },
    {
        "category": "specials",
        "href": "https://www.woolworths.com.au/shop/productdetails/91029/yellowglen-vintage-sparkling-pinot-noir-chardonnay",
        "imgName": "091029.jpg",
        "imgSrc": "https://cdn0.woolworths.media/content/wowproductimages/medium/091029.jpg",
        "name": "Yellowglen Vintage Sparkling Pinot Noir Chardonnay 750ml",
        "price": 15,
        "special": 13
    },
    {
        "category": "specials",
        "href": "https://www.woolworths.com.au/shop/productdetails/106193/annalisa-beans-butter-lima",
        "imgName": "106193.jpg",
        "imgSrc": "https://cdn0.woolworths.media/content/wowproductimages/medium/106193.jpg",
        "name": "Annalisa Beans Butter Lima 400g",
        "price": 1.5,
        "special": 1,
        "unitPrice": "$2.50 / 1KG"
    },
    {
        "category": "specials",
        "href": "https://www.woolworths.com.au/shop/productdetails/125575/duck-under-the-rim-liquid-toilet-cleaner-lavender",
        "imgName": "125575.jpg",
        "imgSrc": "https://cdn0.woolworths.media/content/wowproductimages/medium/125575.jpg",
        "name": "Duck Under The Rim Liquid Toilet Cleaner Lavender 50ml",
        "price": 3,
        "unitPrice": "$6.00 / 100ML"
    },
    {
        "category": "specials",
        "href": "https://www.woolworths.com.au/shop/productdetails/126399/lindt-lindor-chocolate-balls-assorted",
        "imgName": "126399.jpg",
        "imgSrc": "https://cdn0.woolworths.media/content/wowproductimages/medium/126399.jpg",
        "name": "Lindt Lindor Chocolate Balls Assorted 150g box",
        "price": 12.5,
        "special": 6,
        "unitPrice": "$4.00 / 100G"
    },
    {
        "category": "specials",
        "href": "https://www.woolworths.com.au/shop/productdetails/139881/yumi-s-eggplant-mediterranean-dip",
        "imgName": "139881.jpg",
        "imgSrc": "https://cdn0.woolworths.media/content/wowproductimages/medium/139881.jpg",
        "name": "Yumi's Eggplant Mediterranean Dip 200g",
        "price": 4,
        "special": 3,
        "unitPrice": "$1.50 / 100G"
    },
    {
        "category": "specials",
        "href": "https://www.woolworths.com.au/shop/productdetails/145434/olay-total-effects-7-in-1-day-cream-gentle",
        "imgName": "145434.jpg",
        "imgSrc": "https://cdn0.woolworths.media/content/wowproductimages/medium/145434.jpg",
        "name": "Olay Total Effects 7-in-1 Day Cream Gentle 50g",
        "price": 33.5,
        "special": 16.75,
        "unitPrice": "$33.50 / 100G"
    },
    {
        "category": "specials",
        "href": "https://www.woolworths.com.au/shop/productdetails/196774/mortein-surface-spray-professional-diy-kit",
        "imgName": "196774.jpg",
        "imgSrc": "https://cdn0.woolworths.media/content/wowproductimages/medium/196774.jpg",
        "name": "Mortein Surface Spray Professional Diy Kit 2l",
        "price": 30,
        "special": 15,
        "unitPrice": "$0.75 / 100ML"
    },
    {
        "category": "specials",
        "href": "https://www.woolworths.com.au/shop/productdetails/199136/nescafe-blend-43-instant-coffee-blend-43",
        "imgName": "199136.jpg",
        "imgSrc": "https://cdn0.woolworths.media/content/wowproductimages/medium/199136.jpg",
        "name": "Nescafe Blend 43 Instant Coffee Blend 43 300g",
        "price": 13,
        "unitPrice": "$4.33 / 100G"
    },
    {
        "category": "specials",
        "href": "https://www.woolworths.com.au/shop/productdetails/199671/sakata-rice-crackers-sour-cream-and-chives",
        "imgName": "199671.jpg",
        "imgSrc": "https://cdn0.woolworths.media/content/wowproductimages/medium/199671.jpg",
        "name": "Sakata Rice Crackers Sour Cream And Chives 100g",
        "price": 2.3,
        "special": 2,
        "unitPrice": "$2.00 / 100G"
    },
    {
        "category": "specials",
        "href": "https://www.woolworths.com.au/shop/productdetails/196096/wrigley-s-hubba-bubba-gum-tape-grape",
        "imgName": "196096.jpg",
        "imgSrc": "https://cdn0.woolworths.media/content/wowproductimages/medium/196096.jpg",
        "name": "Wrigley's Hubba Bubba Gum Tape Grape 56g",
        "price": 2.4,
        "special": 2,
        "unitPrice": "$3.57 / 100G"
    },
    {
        "category": "specials",
        "href": "https://www.woolworths.com.au/shop/productdetails/173426/corelle-dinner-set-16-piece",
        "imgName": "173426.jpg",
        "imgSrc": "https://cdn0.woolworths.media/content/wowproductimages/medium/173426.jpg",
        "name": "Corelle Dinner Set 16 Piece  each",
        "price": 59.95,
        "special": 35
    },
    {
        "category": "specials",
        "href": "https://www.woolworths.com.au/shop/productdetails/188385/sellotape-sticky-tape-refill-18mmx25m",
        "imgName": "188385.jpg",
        "imgSrc": "https://cdn0.woolworths.media/content/wowproductimages/medium/188385.jpg",
        "name": "Sellotape Sticky Tape Refill 18mmx25m 2pk",
        "price": 3.5,
        "special": 3
    },
    {
        "category": "specials",
        "href": "https://www.woolworths.com.au/shop/productdetails/195108/nescafe-coffee-sachets-cappuccino",
        "imgName": "195108.jpg",
        "imgSrc": "https://cdn0.woolworths.media/content/wowproductimages/medium/195108.jpg",
        "name": "Nescafe Coffee Sachets Cappuccino 10pk",
        "price": 6.59,
        "special": 3.29,
        "unitPrice": "$2.63 / 100G"
    },
    {
        "category": "specials",
        "href": "https://www.woolworths.com.au/shop/productdetails/193712/nair-hair-removal-wax-easiwax-large-strips",
        "imgName": "193712.jpg",
        "imgSrc": "https://cdn0.woolworths.media/content/wowproductimages/medium/193712.jpg",
        "name": "Nair Hair Removal Wax Easiwax Large Strips 20pk",
        "price": 10,
        "special": 8,
        "unitPrice": "$0.40 / 1EA"
    },
    {
        "category": "specials",
        "href": "https://www.woolworths.com.au/shop/productdetails/209435/pork-midloin-chops",
        "imgName": "209435.jpg",
        "imgSrc": "https://cdn0.woolworths.media/content/wowproductimages/medium/209435.jpg",
        "name": "Pork Midloin Chops  min. 450g",
        "price": 9,
        "special": 7.65,
        "unitPrice": "$17.00 / 1KG"
    },
    {
        "category": "specials",
        "href": "https://www.woolworths.com.au/shop/productdetails/170763/l-oreal-excellence-cr-me-6-3-light-golden-brown",
        "imgName": "170763.jpg",
        "imgSrc": "https://cdn0.woolworths.media/content/wowproductimages/medium/170763.jpg",
        "name": "L'oreal Excellence Cr\u00e8me 6.3 Light Golden Brown 1pk",
        "price": 17.5,
        "special": 12
    },
    {
        "category": "specials",
        "href": "https://www.woolworths.com.au/shop/productdetails/159799/kirks-creaming-soda-cans",
        "imgName": "159799.jpg",
        "imgSrc": "https://cdn0.woolworths.media/content/wowproductimages/medium/159799.jpg",
        "name": "Kirks Creaming Soda Cans 10x375ml pack",
        "price": 10.55,
        "special": 5.95,
        "unitPrice": "$1.59 / 1L"
    },
    {
        "category": "specials",
        "href": "https://www.woolworths.com.au/shop/productdetails/161547/maybelline-shine-free-powder-light",
        "imgName": "161547.jpg",
        "imgSrc": "https://cdn0.woolworths.media/content/wowproductimages/medium/161547.jpg",
        "name": "Maybelline Shine Free Powder Light 19.8g",
        "price": 16.95,
        "special": 11.85,
        "unitPrice": "$5.98 / 10G"
    },
    {
        "category": "specials",
        "href": "https://www.woolworths.com.au/shop/productdetails/220074/vanish-napisan-inwash-soaker-oxiaction-intelligence",
        "imgName": "220074.jpg",
        "imgSrc": "https://cdn0.woolworths.media/content/wowproductimages/medium/220074.jpg",
        "name": "Vanish Napisan Inwash & Soaker Oxiaction Intelligence 3kg",
        "price": 16,
        "unitPrice": "$5.33 / 1KG"
    },
    {
        "category": "specials",
        "href": "https://www.woolworths.com.au/shop/productdetails/204516/trill-bird-food-budgerigar",
        "imgName": "204516.jpg",
        "imgSrc": "https://cdn0.woolworths.media/content/wowproductimages/medium/204516.jpg",
        "name": "Trill Bird Food Budgerigar 2kg",
        "price": 5.5,
        "unitPrice": "$0.28 / 100G"
    },
    {
        "category": "specials",
        "href": "https://www.woolworths.com.au/shop/productdetails/155990/tasmanian-heritage-camembert-cheese",
        "imgName": "155990.jpg",
        "imgSrc": "https://cdn0.woolworths.media/content/wowproductimages/medium/155990.jpg",
        "name": "Tasmanian Heritage Camembert Cheese 250g",
        "price": 11.25,
        "special": 7.5,
        "unitPrice": "$30.00 / 1KG"
    },
    {
        "category": "specials",
        "href": "https://www.woolworths.com.au/shop/productdetails/195091/moro-vinegar-red-wine",
        "imgName": "195091.jpg",
        "imgSrc": "https://cdn0.woolworths.media/content/wowproductimages/medium/195091.jpg",
        "name": "Moro Vinegar Red Wine 500ml",
        "price": 4,
        "special": 3.5,
        "unitPrice": "$0.70 / 100ML"
    },
    {
        "category": "specials",
        "href": "https://www.woolworths.com.au/shop/productdetails/147840/hercules-click-zip-sandwich-bags-resealable-large",
        "imgName": "147840.jpg",
        "imgSrc": "https://cdn0.woolworths.media/content/wowproductimages/medium/147840.jpg",
        "name": "Hercules Click Zip Sandwich Bags Resealable Large 15pk",
        "price": 2.9,
        "special": 2.3,
        "unitPrice": "$0.15 / 1EA"
    },
    {
        "category": "specials",
        "href": "https://www.woolworths.com.au/shop/productdetails/204774/corelle-noodle-bowl-white",
        "imgName": "204774.jpg",
        "imgSrc": "https://cdn0.woolworths.media/content/wowproductimages/medium/204774.jpg",
        "name": "Corelle Noodle Bowl White 827ml",
        "price": 7,
        "special": 4.9
    },
    {
        "category": "specials",
        "href": "https://www.woolworths.com.au/shop/productdetails/246193/woolworths-select-boost-triple-enzyme-power-soaker",
        "imgName": "246193.jpg",
        "imgSrc": "https://cdn0.woolworths.media/content/wowproductimages/medium/246193.jpg",
        "name": "Woolworths Select Boost Triple Enzyme Power Soaker 1kg",
        "price": 3.3,
        "unitPrice": "$3.30 / 1KG"
    },
    {
        "category": "specials",
        "href": "https://www.woolworths.com.au/shop/productdetails/227523/tresemme-professional-hair-shampoo-deep-cleansing",
        "imgName": "227523.jpg",
        "imgSrc": "https://cdn0.woolworths.media/content/wowproductimages/medium/227523.jpg",
        "name": "Tresemme Professional Hair Shampoo Deep Cleansing 900ml",
        "price": 7,
        "unitPrice": "$0.78 / 100ML"
    },
    {
        "category": "specials",
        "href": "https://www.woolworths.com.au/shop/productdetails/249702/lindt-lindor-chocolate-balls-assorted",
        "imgName": "249702.jpg",
        "imgSrc": "https://cdn0.woolworths.media/content/wowproductimages/medium/249702.jpg",
        "name": "Lindt Lindor Chocolate Balls Assorted 125g bag",
        "price": 7,
        "special": 6,
        "unitPrice": "$4.80 / 100G"
    },
    {
        "category": "specials",
        "href": "https://www.woolworths.com.au/shop/productdetails/210049/masterfoods-finishing-sauce-mushroom-white-wine",
        "imgName": "210049.jpg",
        "imgSrc": "https://cdn0.woolworths.media/content/wowproductimages/medium/210049.jpg",
        "name": "Masterfoods Finishing Sauce Mushroom & White Wine 165g",
        "price": 2.65,
        "unitPrice": "$1.61 / 100G"
    },
    {
        "category": "specials",
        "href": "https://www.woolworths.com.au/shop/productdetails/210693/old-el-paso-jumbo-taco-kit",
        "imgName": "210693.jpg",
        "imgSrc": "https://cdn0.woolworths.media/content/wowproductimages/medium/210693.jpg",
        "name": "Old El Paso Jumbo Taco Kit 345g",
        "price": 4.75,
        "unitPrice": "$1.38 / 100G"
    },
    {
        "category": "specials",
        "href": "https://www.woolworths.com.au/shop/productdetails/195254/elastoplast-aqua-protect-plasters-waterproof",
        "imgName": "195254.jpg",
        "imgSrc": "https://cdn0.woolworths.media/content/wowproductimages/medium/195254.jpg",
        "name": "Elastoplast Aqua Protect Plasters Waterproof 40pk",
        "price": 5,
        "special": 4.35,
        "unitPrice": "$0.11 / 1EA"
    },
    {
        "category": "specials",
        "href": "https://www.woolworths.com.au/shop/productdetails/233124/fluffy-fabric-softener-summer-breeze",
        "imgName": "233124.jpg",
        "imgSrc": "https://cdn0.woolworths.media/content/wowproductimages/medium/233124.jpg",
        "name": "Fluffy Fabric Softener Summer Breeze 2l",
        "price": 5,
        "unitPrice": "$2.50 / 1L"
    },
    {
        "category": "specials",
        "href": "https://www.woolworths.com.au/shop/productdetails/259537/ho-mai-spring-rolls-cocktail",
        "imgName": "259537.jpg",
        "imgSrc": "https://cdn0.woolworths.media/content/wowproductimages/medium/259537.jpg",
        "name": "Ho Mai Spring Rolls Cocktail 1kg",
        "price": 14,
        "special": 7,
        "unitPrice": "$0.70 / 100G"
    },
    {
        "category": "specials",
        "href": "https://www.woolworths.com.au/shop/productdetails/268733/napro-palette-5-99-rosewood-violet",
        "imgName": "268733.jpg",
        "imgSrc": "https://cdn0.woolworths.media/content/wowproductimages/medium/268733.jpg",
        "name": "Napro Palette 5-99 Rosewood Violet 1pk",
        "price": 7.95
    },
    {
        "category": "specials",
        "href": "https://www.woolworths.com.au/shop/productdetails/270583/abe-s-bagel-bakery-sesame-seed-bagels",
        "imgName": "270583.jpg",
        "imgSrc": "https://cdn0.woolworths.media/content/wowproductimages/medium/270583.jpg",
        "name": "Abe's Bagel Bakery Sesame Seed Bagels 360g 4pk"
    },
    {
        "category": "specials",
        "href": "https://www.woolworths.com.au/shop/productdetails/305554/lindt-hot-chocolate-flakes-milk",
        "imgName": "305554.jpg",
        "imgSrc": "https://cdn0.woolworths.media/content/wowproductimages/medium/305554.jpg",
        "name": "Lindt Hot Chocolate Flakes Milk 210g tin",
        "price": 7.5,
        "special": 6.5,
        "unitPrice": "$3.10 / 100G"
    },
    {
        "category": "specials",
        "href": "https://www.woolworths.com.au/shop/productdetails/257600/bonds-mens-underwear-hipster-brief-large",
        "imgName": "257600.jpg",
        "imgSrc": "https://cdn0.woolworths.media/content/wowproductimages/medium/257600.jpg",
        "name": "Bonds Mens Underwear Hipster Brief Large 5pk",
        "price": 27,
        "special": 13.5,
        "unitPrice": "$2.70 / 1EA"
    },
    {
        "category": "specials",
        "href": "https://www.woolworths.com.au/shop/productdetails/248082/wet-stuff-lubricants-lubricant-gold",
        "imgName": "248082.jpg",
        "imgSrc": "https://cdn0.woolworths.media/content/wowproductimages/medium/248082.jpg",
        "name": "Wet Stuff Lubricants Lubricant Gold 270g",
        "price": 7.75,
        "special": 6.2,
        "unitPrice": "$2.30 / 100G"
    },
    {
        "category": "specials",
        "href": "https://www.woolworths.com.au/shop/productdetails/298888/wrigley-s-extra-gum-strawberry",
        "imgName": "298888.jpg",
        "imgSrc": "https://cdn0.woolworths.media/content/wowproductimages/medium/298888.jpg",
        "name": "Wrigley's Extra Gum Strawberry 14pce 27g",
        "price": 2,
        "special": 1.6,
        "unitPrice": "$5.93 / 100G"
    },
    {
        "category": "specials",
        "href": "https://www.woolworths.com.au/shop/productdetails/227091/four-n-twenty-pies-beef-cheese",
        "imgName": "227091.jpg",
        "imgSrc": "https://cdn0.woolworths.media/content/wowproductimages/medium/227091.jpg",
        "name": "Four N Twenty Pies Beef & Cheese 700g",
        "price": 8,
        "special": 5.5,
        "unitPrice": "$0.79 / 100G"
    },
    {
        "category": "specials",
        "href": "https://www.woolworths.com.au/shop/productdetails/227495/tresemme-professional-hair-shampoo-moisture-rich",
        "imgName": "227495.jpg",
        "imgSrc": "https://cdn0.woolworths.media/content/wowproductimages/medium/227495.jpg",
        "name": "Tresemme Professional Hair Shampoo Moisture Rich 900ml",
        "price": 7,
        "unitPrice": "$0.78 / 100ML"
    },
    {
        "category": "specials",
        "href": "https://www.woolworths.com.au/shop/productdetails/263279/gillette-venus-shaving-razor",
        "imgName": "263279.jpg",
        "imgSrc": "https://cdn0.woolworths.media/content/wowproductimages/medium/263279.jpg",
        "name": "Gillette Venus Shaving Razor  each",
        "price": 6.5
    },
    {
        "category": "specials",
        "href": "https://www.woolworths.com.au/shop/productdetails/209877/pork-loin-cutlets",
        "imgName": "209877.jpg",
        "imgSrc": "https://cdn0.woolworths.media/content/wowproductimages/medium/209877.jpg",
        "name": "Pork Loin Cutlets  min. 550g",
        "price": 11.54,
        "special": 9.9,
        "unitPrice": "$18.00 / 1KG"
    },
    {
        "category": "specials",
        "href": "https://www.woolworths.com.au/shop/productdetails/210290/tetley-green-tea-bags",
        "imgName": "210290.jpg",
        "imgSrc": "https://cdn0.woolworths.media/content/wowproductimages/medium/210290.jpg",
        "name": "Tetley Green Tea Bags 100pk 120g",
        "price": 7.8,
        "special": 6.3,
        "unitPrice": "$5.25 / 100G"
    },
    {
        "category": "specials",
        "href": "https://www.woolworths.com.au/shop/productdetails/213014/philadelphia-cream-cheese-light-sweet-chilli-pourovers",
        "imgName": "213014.jpg",
        "imgSrc": "https://cdn0.woolworths.media/content/wowproductimages/medium/213014.jpg",
        "name": "Philadelphia Cream Cheese Light Sweet Chilli Pourovers 250g",
        "price": 4,
        "special": 3,
        "unitPrice": "$1.20 / 100G"
    },
    {
        "category": "specials",
        "href": "https://www.woolworths.com.au/shop/productdetails/215061/val-verde-pasta-sauce-traditional",
        "imgName": "215061.jpg",
        "imgSrc": "https://cdn0.woolworths.media/content/wowproductimages/medium/215061.jpg",
        "name": "Val Verde Pasta Sauce Traditional 690g",
        "price": 3.3,
        "unitPrice": "$0.48 / 100G"
    },
    {
        "category": "specials",
        "href": "https://www.woolworths.com.au/shop/productdetails/226664/nescafe-coffee-sachets-cappucino-sweet",
        "imgName": "226664.jpg",
        "imgSrc": "https://cdn0.woolworths.media/content/wowproductimages/medium/226664.jpg",
        "name": "Nescafe Coffee Sachets Cappucino Sweet 10pk",
        "price": 6.59,
        "special": 3.29,
        "unitPrice": "$2.35 / 100G"
    },
    {
        "category": "specials",
        "href": "https://www.woolworths.com.au/shop/productdetails/220933/maped-sharpener-1-hole-shaker",
        "imgName": "220933.jpg",
        "imgSrc": "https://cdn0.woolworths.media/content/wowproductimages/medium/220933.jpg",
        "name": "Maped Sharpener 1 Hole Shaker each",
        "price": 2.5,
        "special": 1.75
    },
    {
        "category": "specials",
        "href": "https://www.woolworths.com.au/shop/productdetails/254052/olay-regenerist-advanced-antiageing-fragrance-free-eye-serum",
        "imgName": "254052.jpg",
        "imgSrc": "https://cdn0.woolworths.media/content/wowproductimages/medium/254052.jpg",
        "name": "Olay Regenerist Advanced Antiageing Fragrance Free Eye Serum 15ml",
        "price": 35.99,
        "special": 17.99,
        "unitPrice": "$119.93 / 100ML"
    },
    {
        "category": "specials",
        "href": "https://www.woolworths.com.au/shop/productdetails/253583/olay-complete-uv-protection-sensitive-sp15-",
        "imgName": "253583.jpg",
        "imgSrc": "https://cdn0.woolworths.media/content/wowproductimages/medium/253583.jpg",
        "name": "Olay Complete Uv Protection Sensitive Sp15+ 150ml",
        "price": 15.4,
        "special": 7.7,
        "unitPrice": "$5.13 / 100ML"
    },
    {
        "category": "specials",
        "href": "https://www.woolworths.com.au/shop/productdetails/279741/woolworths-select-aero-disinfectant-spray-zest-burst",
        "imgName": "279741.jpg",
        "imgSrc": "https://cdn0.woolworths.media/content/wowproductimages/medium/279741.jpg",
        "name": "Woolworths Select Aero Disinfectant Spray Zest Burst 300g",
        "price": 4,
        "unitPrice": "$1.33 / 100G"
    },
    {
        "category": "specials",
        "href": "https://www.woolworths.com.au/shop/productdetails/262302/don-chicken-breast-thinly-sliced",
        "imgName": "262302.jpg",
        "imgSrc": "https://cdn0.woolworths.media/content/wowproductimages/medium/262302.jpg",
        "name": "Don Chicken Breast Thinly Sliced 250g",
        "price": 4.8,
        "unitPrice": "$19.20 / 1KG"
    },
    {
        "category": "specials",
        "href": "https://www.woolworths.com.au/shop/productdetails/279736/woolworths-select-automatic-spray-air-freshener-cotton-refill",
        "imgName": "279736.jpg",
        "imgSrc": "https://cdn0.woolworths.media/content/wowproductimages/medium/279736.jpg",
        "name": "Woolworths Select Automatic Spray Air Freshener Cotton Refill 180g",
        "price": 3.99,
        "unitPrice": "$0.22 / 10G"
    },
    {
        "category": "specials",
        "href": "https://www.woolworths.com.au/shop/productdetails/312204/farmers-union-light-greek-yoghurt",
        "imgName": "312204.jpg",
        "imgSrc": "https://cdn0.woolworths.media/content/wowproductimages/medium/312204.jpg",
        "name": "Farmers Union Light Greek Yoghurt 1kg",
        "price": 5,
        "unitPrice": "$0.50 / 100G"
    },
    {
        "category": "specials",
        "href": "https://www.woolworths.com.au/shop/productdetails/260123/always-fresh-crustini-crispbread-olive-sea-salt",
        "imgName": "260123.jpg",
        "imgSrc": "https://cdn0.woolworths.media/content/wowproductimages/medium/260123.jpg",
        "name": "Always Fresh Crustini Crispbread Olive & Sea Salt 120g",
        "price": 3.45,
        "special": 2.5,
        "unitPrice": "$2.08 / 100G"
    },
    {
        "category": "specials",
        "href": "https://www.woolworths.com.au/shop/productdetails/309127/glad-cling-wrap",
        "imgName": "309127.jpg",
        "imgSrc": "https://cdn0.woolworths.media/content/wowproductimages/medium/309127.jpg",
        "name": "Glad Cling Wrap  90m",
        "price": 5.5,
        "special": 5,
        "unitPrice": "$0.06 / 1M"
    },
    {
        "category": "specials",
        "href": "https://www.woolworths.com.au/shop/productdetails/318992/woolworths-select-zinc-clear",
        "imgName": "318992.jpg",
        "imgSrc": "https://cdn0.woolworths.media/content/wowproductimages/medium/318992.jpg",
        "name": "Woolworths Select Zinc Clear 100ml",
        "price": 9.5,
        "unitPrice": "$9.50 / 100G"
    },
    {
        "category": "specials",
        "href": "https://www.woolworths.com.au/shop/productdetails/312195/yoplait-petit-miam-banana",
        "imgName": "312195.jpg",
        "imgSrc": "https://cdn0.woolworths.media/content/wowproductimages/medium/312195.jpg",
        "name": "Yoplait Petit Miam Banana 70g",
        "price": 1,
        "unitPrice": "$1.43 / 100G"
    },
    {
        "category": "specials",
        "href": "https://www.woolworths.com.au/shop/productdetails/323175/essentials-plastic-bowls-white",
        "imgName": "323175.jpg",
        "imgSrc": "https://cdn0.woolworths.media/content/wowproductimages/medium/323175.jpg",
        "name": "Essentials Plastic Bowls White 50pk",
        "price": 5,
        "unitPrice": "$0.10 / 1EA"
    },
    {
        "category": "specials",
        "href": "https://www.woolworths.com.au/shop/productdetails/329923/woolworths-select-toilet-tissue-white-3ply-190ss",
        "imgName": "329923.jpg",
        "imgSrc": "https://cdn0.woolworths.media/content/wowproductimages/medium/329923.jpg",
        "name": "Woolworths Select Toilet Tissue White 3ply 190ss 24pk",
        "price": 8.5,
        "unitPrice": "$0.19 / 100SS"
    },
    {
        "category": "specials",
        "href": "https://www.woolworths.com.au/shop/productdetails/330829/peters-lifesavers-icy-poles-lifesavers",
        "imgName": "330829.jpg",
        "imgSrc": "https://cdn0.woolworths.media/content/wowproductimages/medium/330829.jpg",
        "name": "Peters Lifesavers Icy Poles Lifesavers 8pk 530ml",
        "price": 7,
        "special": 4,
        "unitPrice": "$0.75 / 100ML"
    },
    {
        "category": "specials",
        "href": "https://www.woolworths.com.au/shop/productdetails/370382/all-smiles-total-care-mint-mouthwash",
        "imgName": "370382.jpg",
        "imgSrc": "https://cdn0.woolworths.media/content/wowproductimages/medium/370382.jpg",
        "name": "All Smiles Total Care Mint Mouthwash 500ml",
        "price": 2.2,
        "unitPrice": "$0.44 / 100ML"
    },
    {
        "category": "specials",
        "href": "https://www.woolworths.com.au/shop/productdetails/341144/lifestyles-condoms-assorted",
        "imgName": "341144.jpg",
        "imgSrc": "https://cdn0.woolworths.media/content/wowproductimages/medium/341144.jpg",
        "name": "Lifestyles Condoms Assorted 24pk",
        "price": 12,
        "special": 11,
        "unitPrice": "$0.46 / 1EA"
    },
    {
        "category": "specials",
        "href": "https://www.woolworths.com.au/shop/productdetails/291193/rafferty-s-garden-food-4-months-spinach-apple-broccoli-pea",
        "imgName": "291193.jpg",
        "imgSrc": "https://cdn0.woolworths.media/content/wowproductimages/medium/291193.jpg",
        "name": "Rafferty's Garden Food 4 Months+ Spinach, Apple, Broccoli & Pea 120g",
        "price": 1.65,
        "unitPrice": "$1.38 / 100G"
    },
    {
        "category": "specials",
        "href": "https://www.woolworths.com.au/shop/productdetails/310242/carefree-flexia-tampons-regular",
        "imgName": "310242.jpg",
        "imgSrc": "https://cdn0.woolworths.media/content/wowproductimages/medium/310242.jpg",
        "name": "Carefree Flexia Tampons Regular 16pk",
        "price": 5.19,
        "special": 4,
        "unitPrice": "$0.25 / 1EA"
    },
    {
        "category": "specials",
        "href": "https://www.woolworths.com.au/shop/productdetails/324515/woolworths-select-greek-yoghurt",
        "imgName": "324515.jpg",
        "imgSrc": "https://cdn0.woolworths.media/content/wowproductimages/medium/324515.jpg",
        "name": "Woolworths Select Greek Yoghurt  500g",
        "price": 3,
        "unitPrice": "$0.60 / 100G"
    },
    {
        "category": "specials",
        "href": "https://www.woolworths.com.au/shop/productdetails/360904/perfect-italiano-shaved-parmesan",
        "imgName": "360904.jpg",
        "imgSrc": "https://cdn0.woolworths.media/content/wowproductimages/medium/360904.jpg",
        "name": "Perfect Italiano Shaved Parmesan 125g",
        "price": 3.25,
        "unitPrice": "$26.00 / 1KG"
    },
    {
        "category": "specials",
        "href": "https://www.woolworths.com.au/shop/productdetails/291327/my-dog-adult-dog-food-chicken-supreme",
        "imgName": "291327.jpg",
        "imgSrc": "https://cdn0.woolworths.media/content/wowproductimages/medium/291327.jpg",
        "name": "My Dog Adult Dog Food Chicken Supreme 6pk 100g",
        "price": 7.3,
        "special": 5.5,
        "unitPrice": "$0.92 / 100G"
    },
    {
        "category": "specials",
        "href": "https://www.woolworths.com.au/shop/productdetails/261945/loacker-wafers-dark-chocolate-tortina",
        "imgName": "261945.jpg",
        "imgSrc": "https://cdn0.woolworths.media/content/wowproductimages/medium/261945.jpg",
        "name": "Loacker Wafers Dark Chocolate Tortina 125g",
        "price": 4,
        "special": 2.5,
        "unitPrice": "$2.00 / 100G"
    },
    {
        "category": "specials",
        "href": "https://www.woolworths.com.au/shop/productdetails/305695/home-essentials-utensil-wok-stirrer-beech-wood",
        "imgName": "305695.jpg",
        "imgSrc": "https://cdn0.woolworths.media/content/wowproductimages/medium/305695.jpg",
        "name": "Home Essentials Utensil Wok Stirrer Beech Wood each",
        "price": 3
    },
    {
        "category": "specials",
        "href": "https://www.woolworths.com.au/shop/productdetails/254548/colgate-toothbrush-360-medium",
        "imgName": "254548.jpg",
        "imgSrc": "https://cdn0.woolworths.media/content/wowproductimages/medium/254548.jpg",
        "name": "Colgate Toothbrush 360 Medium 2pk",
        "price": 8,
        "special": 7,
        "unitPrice": "$3.50 / 1EA"
    },
    {
        "category": "specials",
        "href": "https://www.woolworths.com.au/shop/productdetails/273888/hersheys-chocolate-shell-topping",
        "imgName": "273888.jpg",
        "imgSrc": "https://cdn0.woolworths.media/content/wowproductimages/medium/273888.jpg",
        "name": "Hersheys Chocolate Shell Topping 205g",
        "price": 5,
        "special": 2.5,
        "unitPrice": "$1.22 / 100G"
    },
    {
        "category": "specials",
        "href": "https://www.woolworths.com.au/shop/productdetails/312191/yoplait-petit-miam-strawberry",
        "imgName": "312191.jpg",
        "imgSrc": "https://cdn0.woolworths.media/content/wowproductimages/medium/312191.jpg",
        "name": "Yoplait Petit Miam Strawberry 70g",
        "price": 1,
        "unitPrice": "$1.43 / 100G"
    },
    {
        "category": "specials",
        "href": "https://www.woolworths.com.au/shop/productdetails/297376/maybelline-define-a-lash-mascara-very-black",
        "imgName": "297376.jpg",
        "imgSrc": "https://cdn0.woolworths.media/content/wowproductimages/medium/297376.jpg",
        "name": "Maybelline Define A Lash Mascara Very Black 6.5ml",
        "price": 19.25,
        "special": 13.45,
        "unitPrice": "$20.69 / 10ML"
    },
    {
        "category": "specials",
        "href": "https://www.woolworths.com.au/shop/productdetails/317387/kirks-creaming-soda-sugar-free-cans",
        "imgName": "317387.jpg",
        "imgSrc": "https://cdn0.woolworths.media/content/wowproductimages/medium/317387.jpg",
        "name": "Kirks Creaming Soda Sugar Free Cans 10x375ml pack",
        "price": 10.55,
        "special": 5.95,
        "unitPrice": "$1.59 / 1L"
    },
    {
        "category": "specials",
        "href": "https://www.woolworths.com.au/shop/productdetails/321881/listerine-total-care-mouthwash-clean-mint",
        "imgName": "321881.jpg",
        "imgSrc": "https://cdn0.woolworths.media/content/wowproductimages/medium/321881.jpg",
        "name": "Listerine Total Care Mouthwash Clean Mint 1l",
        "price": 12.5,
        "unitPrice": "$1.25 / 100ML"
    },
    {
        "category": "specials",
        "href": "https://www.woolworths.com.au/shop/productdetails/322266/only-organic-4-months-apple-peach-apricot",
        "imgName": "322266.jpg",
        "imgSrc": "https://cdn0.woolworths.media/content/wowproductimages/medium/322266.jpg",
        "name": "Only Organic 4 Months+ Apple Peach & Apricot 120g",
        "price": 2,
        "special": 1.5,
        "unitPrice": "$1.25 / 100G"
    },
    {
        "category": "specials",
        "href": "https://www.woolworths.com.au/shop/productdetails/336417/dine-desire-adult-cat-food-pure-tuna-whitemeat-multipack",
        "imgName": "336417.jpg",
        "imgSrc": "https://cdn0.woolworths.media/content/wowproductimages/medium/336417.jpg",
        "name": "Dine Desire Adult Cat Food Pure Tuna Whitemeat Multipack 6pk",
        "price": 8,
        "unitPrice": "$1.57 / 100G"
    },
    {
        "category": "specials",
        "href": "https://www.woolworths.com.au/shop/productdetails/353084/cadbury-roses",
        "imgName": "353084.jpg",
        "imgSrc": "https://cdn0.woolworths.media/content/wowproductimages/medium/353084.jpg",
        "name": "Cadbury Roses  450g gift box",
        "price": 15.5,
        "special": 7.75,
        "unitPrice": "$1.72 / 100G"
    },
    {
        "category": "specials",
        "href": "https://www.woolworths.com.au/shop/productdetails/334804/primo-choice-prosciutto",
        "imgName": "334804.jpg",
        "imgSrc": "https://cdn0.woolworths.media/content/wowproductimages/medium/334804.jpg",
        "name": "Primo Choice Prosciutto  100g",
        "price": 7,
        "special": 6,
        "unitPrice": "$60.00 / 1KG"
    },
    {
        "category": "specials",
        "href": "https://www.woolworths.com.au/shop/productdetails/344656/gippsland-dairy-twist-passionfruit-yoghurt",
        "imgName": "344656.jpg",
        "imgSrc": "https://cdn0.woolworths.media/content/wowproductimages/medium/344656.jpg",
        "name": "Gippsland Dairy Twist Passionfruit Yoghurt 720g",
        "price": 7,
        "special": 5,
        "unitPrice": "$0.69 / 100G"
    },
    {
        "category": "specials",
        "href": "https://www.woolworths.com.au/shop/productdetails/345350/ocean-blue-smoked-salmon",
        "imgName": "345350.jpg",
        "imgSrc": "https://cdn0.woolworths.media/content/wowproductimages/medium/345350.jpg",
        "name": "Ocean Blue Smoked Salmon  100g",
        "price": 5.8,
        "unitPrice": "$58.00 / 1KG"
    },
    {
        "category": "specials",
        "href": "https://www.woolworths.com.au/shop/productdetails/345870/schwarzkopf-live-colour-red-embers",
        "imgName": "345870.jpg",
        "imgSrc": "https://cdn0.woolworths.media/content/wowproductimages/medium/345870.jpg",
        "name": "Schwarzkopf Live Colour Red Embers 1pk",
        "price": 5,
        "special": 4
    },
    {
        "category": "specials",
        "href": "https://www.woolworths.com.au/shop/productdetails/380316/tena-pads-fresh-odour-control-extra",
        "imgName": "380316.jpg",
        "imgSrc": "https://cdn0.woolworths.media/content/wowproductimages/medium/380316.jpg",
        "name": "Tena Pads Fresh Odour Control Extra 20pk",
        "price": 9,
        "unitPrice": "$0.45 / 1EA"
    },
    {
        "category": "specials",
        "href": "https://www.woolworths.com.au/shop/productdetails/380412/maybelline-master-liner-eye-liner-black",
        "imgName": "380412.jpg",
        "imgSrc": "https://cdn0.woolworths.media/content/wowproductimages/medium/380412.jpg",
        "name": "Maybelline Master Liner Eye Liner Black 1pk",
        "price": 13.2,
        "special": 9.2
    },
    {
        "category": "specials",
        "href": "https://www.woolworths.com.au/shop/productdetails/380596/lindt-lindor-chocolate-balls-cornet-milk",
        "imgName": "380596.jpg",
        "imgSrc": "https://cdn0.woolworths.media/content/wowproductimages/medium/380596.jpg",
        "name": "Lindt Lindor Chocolate Balls Cornet Milk 337g box",
        "price": 20,
        "special": 12,
        "unitPrice": "$3.56 / 100G"
    },
    {
        "category": "specials",
        "href": "https://www.woolworths.com.au/shop/productdetails/352043/sunrice-quick-cups-microwave-fragrant-brown-rice",
        "imgName": "352043.jpg",
        "imgSrc": "https://cdn0.woolworths.media/content/wowproductimages/medium/352043.jpg",
        "name": "Sunrice Quick Cups Microwave Fragrant Brown Rice 250g",
        "price": 2.5,
        "unitPrice": "$1.00 / 100G"
    },
    {
        "category": "specials",
        "href": "https://www.woolworths.com.au/shop/productdetails/376233/tasti-nut-bar-value-pack-choc-apricot-coconut-cashew",
        "imgName": "376233.jpg",
        "imgSrc": "https://cdn0.woolworths.media/content/wowproductimages/medium/376233.jpg",
        "name": "Tasti Nut Bar Value Pack Choc Apricot Coconut & Cashew 420g",
        "price": 5,
        "unitPrice": "$1.19 / 100G"
    },
    {
        "category": "specials",
        "href": "https://www.woolworths.com.au/shop/productdetails/377187/vanish-preen-floor-carpet-cleaner-power-powder",
        "imgName": "377187.jpg",
        "imgSrc": "https://cdn0.woolworths.media/content/wowproductimages/medium/377187.jpg",
        "name": "Vanish Preen Floor Carpet Cleaner Power Powder 510g",
        "price": 13,
        "unitPrice": "$2.55 / 100G"
    },
    {
        "category": "specials",
        "href": "https://www.woolworths.com.au/shop/productdetails/451723/vanish-gold-stain-remover-oxi-action-crystal-white",
        "imgName": "451723.jpg",
        "imgSrc": "https://cdn0.woolworths.media/content/wowproductimages/medium/451723.jpg",
        "name": "Vanish Gold Stain Remover Oxi Action Crystal White 1kg",
        "price": 10.99,
        "special": 8.8,
        "unitPrice": "$8.80 / 1KG"
    },
    {
        "category": "specials",
        "href": "https://www.woolworths.com.au/shop/productdetails/454113/colgate-total-proof-toothpaste",
        "imgName": "454113.jpg",
        "imgSrc": "https://cdn0.woolworths.media/content/wowproductimages/medium/454113.jpg",
        "name": "Colgate Total Proof Toothpaste 100g",
        "price": 5,
        "special": 3,
        "unitPrice": "$3.00 / 100G"
    },
    {
        "category": "specials",
        "href": "https://www.woolworths.com.au/shop/productdetails/357383/gillette-sensor-3-disposable-shaving-razor-sensitive",
        "imgName": "357383.jpg",
        "imgSrc": "https://cdn0.woolworths.media/content/wowproductimages/medium/357383.jpg",
        "name": "Gillette Sensor 3 Disposable Shaving Razor Sensitive 4pk",
        "price": 5,
        "unitPrice": "$1.25 / 1EA"
    },
    {
        "category": "specials",
        "href": "https://www.woolworths.com.au/shop/productdetails/369479/lynx-for-men-body-spray-aerosol-deodorant-excite",
        "imgName": "369479.jpg",
        "imgSrc": "https://cdn0.woolworths.media/content/wowproductimages/medium/369479.jpg",
        "name": "Lynx For Men Body Spray Aerosol Deodorant Excite 155ml",
        "price": 6,
        "special": 4,
        "unitPrice": "$2.58 / 100ML"
    },
    {
        "category": "specials",
        "href": "https://www.woolworths.com.au/shop/productdetails/348705/woolworths-swiss-cheese-slices",
        "imgName": "348705.jpg",
        "imgSrc": "https://cdn0.woolworths.media/content/wowproductimages/medium/348705.jpg",
        "name": "Woolworths Swiss Cheese Slices 200g",
        "price": 4.5,
        "unitPrice": "$22.50 / 1KG"
    },
    {
        "category": "specials",
        "href": "https://www.woolworths.com.au/shop/productdetails/366093/gotzinger-continental-black-pudding",
        "imgName": "366093.jpg",
        "imgSrc": "https://cdn0.woolworths.media/content/wowproductimages/medium/366093.jpg",
        "name": "Gotzinger Continental Black Pudding  400g",
        "price": 6.9,
        "special": 6,
        "unitPrice": "$15.00 / 1KG"
    },
    {
        "category": "specials",
        "href": "https://www.woolworths.com.au/shop/productdetails/434120/woolworths-deli-style-chips-sea-salt",
        "imgName": "434120.jpg",
        "imgSrc": "https://cdn0.woolworths.media/content/wowproductimages/medium/434120.jpg",
        "name": "Woolworths Deli Style Chips Sea Salt 200g",
        "price": 2.5,
        "unitPrice": "$1.25 / 100G"
    },
    {
        "category": "specials",
        "href": "https://www.woolworths.com.au/shop/productdetails/435090/woolworths-fairtrade-nespresso-compatible-coffee-capsules-decaffeinated",
        "imgName": "435090.jpg",
        "imgSrc": "https://cdn0.woolworths.media/content/wowproductimages/medium/435090.jpg",
        "name": "Woolworths Fairtrade Nespresso\u00ae* Compatible Coffee Capsules Decaffeinated 10pk",
        "price": 3.7,
        "unitPrice": "$6.61 / 100G"
    },
    {
        "category": "specials",
        "href": "https://www.woolworths.com.au/shop/productdetails/362454/cottee-s-cordial-lime-coola-no-added-sugar",
        "imgName": "362454.jpg",
        "imgSrc": "https://cdn0.woolworths.media/content/wowproductimages/medium/362454.jpg",
        "name": "Cottee's Cordial Lime Coola No Added Sugar 1l",
        "price": 4.2,
        "special": 3.5,
        "unitPrice": "$3.50 / 1L"
    },
    {
        "category": "specials",
        "href": "https://www.woolworths.com.au/shop/productdetails/441084/thawed-imported-lobster-tails",
        "imgName": "441084.jpg",
        "imgSrc": "https://cdn0.woolworths.media/content/wowproductimages/medium/441084.jpg",
        "name": "Thawed Imported Lobster Tails  each",
        "price": 9,
        "special": 8,
        "unitPrice": "$8.00 / 1EA"
    },
    {
        "category": "specials",
        "href": "https://www.woolworths.com.au/shop/productdetails/442190/pepsi-max-cans",
        "imgName": "442190.jpg",
        "imgSrc": "https://cdn0.woolworths.media/content/wowproductimages/medium/442190.jpg",
        "name": "Pepsi Max Cans 10x375ml",
        "price": 12.6,
        "special": 7.4,
        "unitPrice": "$1.97 / 1L"
    },
    {
        "category": "specials",
        "href": "https://www.woolworths.com.au/shop/productdetails/340710/bic-razor-hybrid-advance-6-blades",
        "imgName": "340710.jpg",
        "imgSrc": "https://cdn0.woolworths.media/content/wowproductimages/medium/340710.jpg",
        "name": "Bic Razor Hybrid Advance +6 Blades each",
        "price": 8,
        "special": 6,
        "unitPrice": "$6.00 / 1EA"
    },
    {
        "category": "specials",
        "href": "https://www.woolworths.com.au/shop/productdetails/329560/l-oreal-men-expert-shave-gel-hydra-sensitive",
        "imgName": "329560.jpg",
        "imgSrc": "https://cdn0.woolworths.media/content/wowproductimages/medium/329560.jpg",
        "name": "L'oreal Men Expert Shave Gel Hydra Sensitive 200ml",
        "price": 7,
        "special": 5,
        "unitPrice": "$2.50 / 100ML"
    },
    {
        "category": "specials",
        "href": "https://www.woolworths.com.au/shop/productdetails/356187/bonds-explorer-socks-mens-navy-size-6-10",
        "imgName": "356187.jpg",
        "imgSrc": "https://cdn0.woolworths.media/content/wowproductimages/medium/356187.jpg",
        "name": "Bonds Explorer Socks Mens Navy Size 6-10 each",
        "price": 14,
        "special": 7,
        "unitPrice": "$7.00 / 1EA"
    },
    {
        "category": "specials",
        "href": "https://www.woolworths.com.au/shop/productdetails/357765/bonds-explorer-socks-mens-navy-size-11-14",
        "imgName": "357765.jpg",
        "imgSrc": "https://cdn0.woolworths.media/content/wowproductimages/medium/357765.jpg",
        "name": "Bonds Explorer Socks Mens Navy Size 11-14 each",
        "price": 14,
        "special": 7
    },
    {
        "category": "specials",
        "href": "https://www.woolworths.com.au/shop/productdetails/328707/old-el-paso-buritto-healthy-fiesta-dinner-kit",
        "imgName": "328707.jpg",
        "imgSrc": "https://cdn0.woolworths.media/content/wowproductimages/medium/328707.jpg",
        "name": "Old El Paso Buritto Healthy Fiesta Dinner Kit 470g",
        "price": 4.75,
        "unitPrice": "$1.01 / 100G"
    },
    {
        "category": "specials",
        "href": "https://www.woolworths.com.au/shop/productdetails/322121/samboy-single-pack-bbq",
        "imgName": "322121.jpg",
        "imgSrc": "https://cdn0.woolworths.media/content/wowproductimages/medium/322121.jpg",
        "name": "Samboy Single Pack Bbq 45g",
        "price": 1.5,
        "special": 1,
        "unitPrice": "$2.22 / 100G"
    },
    {
        "category": "specials",
        "href": "https://www.woolworths.com.au/shop/productdetails/323320/willow-farm-dip-hommus",
        "imgName": "323320.jpg",
        "imgSrc": "https://cdn0.woolworths.media/content/wowproductimages/medium/323320.jpg",
        "name": "Willow Farm Dip Hommus 200g",
        "price": 2,
        "unitPrice": "$1.00 / 100G"
    },
    {
        "category": "specials",
        "href": "https://www.woolworths.com.au/shop/productdetails/345351/ocean-blue-ocean-trout-smoked",
        "imgName": "345351.jpg",
        "imgSrc": "https://cdn0.woolworths.media/content/wowproductimages/medium/345351.jpg",
        "name": "Ocean Blue Ocean Trout Smoked 100g",
        "price": 5.8,
        "unitPrice": "$58.00 / 1KG"
    },
    {
        "category": "specials",
        "href": "https://www.woolworths.com.au/shop/productdetails/347456/john-frieda-shampoo-frizz-ease-dream-curls",
        "imgName": "347456.jpg",
        "imgSrc": "https://cdn0.woolworths.media/content/wowproductimages/medium/347456.jpg",
        "name": "John Frieda Shampoo Frizz Ease Dream Curls 250ml",
        "price": 16,
        "special": 9.6,
        "unitPrice": "$3.84 / 100ML"
    },
    {
        "category": "specials",
        "href": "https://www.woolworths.com.au/shop/productdetails/336211/moosehead-putty-hard-wearing-fibre-medium-hold",
        "imgName": "336211.jpg",
        "imgSrc": "https://cdn0.woolworths.media/content/wowproductimages/medium/336211.jpg",
        "name": "Moosehead Putty Hard Wearing Fibre Medium Hold 100g",
        "price": 9,
        "unitPrice": "$9.00 / 100G"
    },
    {
        "category": "specials",
        "href": "https://www.woolworths.com.au/shop/productdetails/335176/essentials-plastic-plates-white",
        "imgName": "335176.jpg",
        "imgSrc": "https://cdn0.woolworths.media/content/wowproductimages/medium/335176.jpg",
        "name": "Essentials Plastic Plates White 100pk",
        "price": 10,
        "unitPrice": "$0.10 / 1EA"
    },
    {
        "category": "specials",
        "href": "https://www.woolworths.com.au/shop/productdetails/376687/oral-b-vitality-plus-powered-toothbrush-floss-action",
        "imgName": "376687.jpg",
        "imgSrc": "https://cdn0.woolworths.media/content/wowproductimages/medium/376687.jpg",
        "name": "Oral-b Vitality Plus Powered Toothbrush Floss Action each",
        "price": 47,
        "special": 32.9,
        "unitPrice": "$32.90 / 1EA"
    },
    {
        "category": "specials",
        "href": "https://www.woolworths.com.au/shop/productdetails/380779/maybelline-fit-me-foundation-pure-beige",
        "imgName": "380779.jpg",
        "imgSrc": "https://cdn0.woolworths.media/content/wowproductimages/medium/380779.jpg",
        "name": "Maybelline Fit Me Foundation Pure Beige 30ml",
        "price": 19.95,
        "special": 13.95,
        "unitPrice": "$4.65 / 10ML"
    },
    {
        "category": "specials",
        "href": "https://www.woolworths.com.au/shop/productdetails/365268/original-source-body-wash-lime",
        "imgName": "365268.jpg",
        "imgSrc": "https://cdn0.woolworths.media/content/wowproductimages/medium/365268.jpg",
        "name": "Original Source Body Wash Lime 250ml",
        "price": 4,
        "special": 3.5,
        "unitPrice": "$1.40 / 100ML"
    },
    {
        "category": "specials",
        "href": "https://www.woolworths.com.au/shop/productdetails/462523/schick-extreme-3-womens-sensitive-disposable-razor",
        "imgName": "462523.jpg",
        "imgSrc": "https://cdn0.woolworths.media/content/wowproductimages/medium/462523.jpg",
        "name": "Schick Extreme 3 Womens Sensitive Disposable Razor 4pk",
        "price": 5,
        "special": 4,
        "unitPrice": "$1.00 / 1EA"
    },
    {
        "category": "specials",
        "href": "https://www.woolworths.com.au/shop/productdetails/463666/chobani-greek-yoghurt-plain-whole-milk",
        "imgName": "463666.jpg",
        "imgSrc": "https://cdn0.woolworths.media/content/wowproductimages/medium/463666.jpg",
        "name": "Chobani Greek Yoghurt Plain Whole Milk 907g",
        "price": 6.3,
        "special": 5,
        "unitPrice": "$0.55 / 100G"
    },
    {
        "category": "specials",
        "href": "https://www.woolworths.com.au/shop/productdetails/453309/woolworths-cherry-bocconcini",
        "imgName": "453309.jpg",
        "imgSrc": "https://cdn0.woolworths.media/content/wowproductimages/medium/453309.jpg",
        "name": "Woolworths Cherry Bocconcini  200g",
        "price": 4,
        "unitPrice": "$20.00 / 1KG"
    },
    {
        "category": "specials",
        "href": "https://www.woolworths.com.au/shop/productdetails/456617/natural-chips-cheddar-caramelised-onion",
        "imgName": "456617.jpg",
        "imgSrc": "https://cdn0.woolworths.media/content/wowproductimages/medium/456617.jpg",
        "name": "Natural Chips Cheddar Caramelised Onion 175g",
        "price": 2,
        "unitPrice": "$1.14 / 100G"
    },
    {
        "category": "specials",
        "href": "https://www.woolworths.com.au/shop/productdetails/451926/leggo-s-pasta-sauce-bolognese-mushroom",
        "imgName": "451926.jpg",
        "imgSrc": "https://cdn0.woolworths.media/content/wowproductimages/medium/451926.jpg",
        "name": "Leggo's Pasta Sauce Bolognese Mushroom 500g",
        "price": 3,
        "special": 2.7,
        "unitPrice": "$0.54 / 100G"
    },
    {
        "category": "specials",
        "href": "https://www.woolworths.com.au/shop/productdetails/425948/dilmah-green-tea",
        "imgName": "425948.jpg",
        "imgSrc": "https://cdn0.woolworths.media/content/wowproductimages/medium/425948.jpg",
        "name": "Dilmah Green Tea  20pk",
        "price": 3.7,
        "special": 2,
        "unitPrice": "$0.10 / 1EA"
    },
    {
        "category": "specials",
        "href": "https://www.woolworths.com.au/shop/productdetails/494145/praise-potato-salad-dressing",
        "imgName": "494145.jpg",
        "imgSrc": "https://cdn0.woolworths.media/content/wowproductimages/medium/494145.jpg",
        "name": "Praise Potato Salad Dressing  330ml",
        "price": 3,
        "special": 1.75,
        "unitPrice": "$0.53 / 100ML"
    },
    {
        "category": "specials",
        "href": "https://www.woolworths.com.au/shop/productdetails/519070/farmers-market-dog-food-chicken-vegetable",
        "imgName": "519070.jpg",
        "imgSrc": "https://cdn0.woolworths.media/content/wowproductimages/medium/519070.jpg",
        "name": "Farmers Market Dog Food Chicken & Vegetable 6.8kg",
        "price": 35,
        "special": 21,
        "unitPrice": "$0.31 / 100G"
    },
    {
        "category": "specials",
        "href": "https://www.woolworths.com.au/shop/productdetails/481068/smitten-cat-food-sardine-tuna-prawn",
        "imgName": "481068.jpg",
        "imgSrc": "https://cdn0.woolworths.media/content/wowproductimages/medium/481068.jpg",
        "name": "Smitten Cat Food Sardine Tuna & Prawn 1kg",
        "price": 2.8,
        "unitPrice": "$0.28 / 100G"
    },
    {
        "category": "specials",
        "href": "https://www.woolworths.com.au/shop/productdetails/481178/smitten-cat-food-mince-beef",
        "imgName": "481178.jpg",
        "imgSrc": "https://cdn0.woolworths.media/content/wowproductimages/medium/481178.jpg",
        "name": "Smitten Cat Food Mince Beef 400g",
        "price": 0.85,
        "unitPrice": "$0.21 / 100G"
    },
    {
        "category": "specials",
        "href": "https://www.woolworths.com.au/shop/productdetails/498300/organix-goodies-12-months-cheese-herb-puffs",
        "imgName": "498300.jpg",
        "imgSrc": "https://cdn0.woolworths.media/content/wowproductimages/medium/498300.jpg",
        "name": "Organix Goodies 12 Months+ Cheese & Herb Puffs 15g bag",
        "price": 2,
        "special": 1.5,
        "unitPrice": "$10.00 / 100G"
    },
    {
        "category": "specials",
        "href": "https://www.woolworths.com.au/shop/productdetails/513258/nature-s-gift-adult-dog-roll-beef-and-vegetable",
        "imgName": "513258.jpg",
        "imgSrc": "https://cdn0.woolworths.media/content/wowproductimages/medium/513258.jpg",
        "name": "Nature's Gift Adult Dog Roll Beef And Vegetable 200g",
        "price": 1.5,
        "special": 1.2,
        "unitPrice": "$0.60 / 100G"
    },
    {
        "category": "specials",
        "href": "https://www.woolworths.com.au/shop/productdetails/516954/lucky-dog-meaty-chew-mini-beef",
        "imgName": "516954.jpg",
        "imgSrc": "https://cdn0.woolworths.media/content/wowproductimages/medium/516954.jpg",
        "name": "Lucky Dog Meaty Chew Mini Beef 5pk 70g",
        "price": 5.5,
        "special": 4,
        "unitPrice": "$5.71 / 100G"
    },
    {
        "category": "specials",
        "href": "https://www.woolworths.com.au/shop/productdetails/551750/rokeby-farms-swedish-style-quark-vanilla-yoghurt",
        "imgName": "551750.jpg",
        "imgSrc": "https://cdn0.woolworths.media/content/wowproductimages/medium/551750.jpg",
        "name": "Rokeby Farms Swedish Style Quark Vanilla Yoghurt 170g",
        "price": 2.8,
        "special": 1.8,
        "unitPrice": "$1.06 / 100G"
    },
    {
        "category": "specials",
        "href": "https://www.woolworths.com.au/shop/productdetails/605571/dal-colle-panettone",
        "imgName": "605571.jpg",
        "imgSrc": "https://cdn0.woolworths.media/content/wowproductimages/medium/605571.jpg",
        "name": "Dal Colle Panettone  1kg",
        "price": 12,
        "special": 10,
        "unitPrice": "$1.00 / 100G"
    },
    {
        "category": "specials",
        "href": "https://www.woolworths.com.au/shop/productdetails/380979/jack-daniels-1907-tennessee-whiskey",
        "imgName": "380979.jpg",
        "imgSrc": "https://cdn0.woolworths.media/content/wowproductimages/medium/380979.jpg",
        "name": "Jack Daniels 1907 Tennessee Whiskey  700ml",
        "price": 42,
        "special": 36
    },
    {
        "category": "specials",
        "href": "https://www.woolworths.com.au/shop/productdetails/381076/mills-wares-muffin-bars-choc-chip",
        "imgName": "381076.jpg",
        "imgSrc": "https://cdn0.woolworths.media/content/wowproductimages/medium/381076.jpg",
        "name": "Mills & Wares Muffin Bars Choc Chip 420g",
        "price": 5.99,
        "unitPrice": "$1.43 / 100G"
    },
    {
        "category": "specials",
        "href": "https://www.woolworths.com.au/shop/productdetails/479503/pringles-chips-salt-vinegar",
        "imgName": "479503.jpg",
        "imgSrc": "https://cdn0.woolworths.media/content/wowproductimages/medium/479503.jpg",
        "name": "Pringles Chips Salt & Vinegar 134g tube",
        "price": 4,
        "special": 2,
        "unitPrice": "$1.49 / 100G"
    },
    {
        "category": "specials",
        "href": "https://www.woolworths.com.au/shop/productdetails/480280/baxter-s-dog-food-loaf-five-meats",
        "imgName": "480280.jpg",
        "imgSrc": "https://cdn0.woolworths.media/content/wowproductimages/medium/480280.jpg",
        "name": "Baxter's Dog Food Loaf Five Meats 700g",
        "price": 1.5,
        "unitPrice": "$0.21 / 100G"
    },
    {
        "category": "specials",
        "href": "https://www.woolworths.com.au/shop/productdetails/481075/baxter-s-straps-kangaroo",
        "imgName": "481075.jpg",
        "imgSrc": "https://cdn0.woolworths.media/content/wowproductimages/medium/481075.jpg",
        "name": "Baxter's Straps Kangaroo 500g",
        "price": 7,
        "unitPrice": "$1.40 / 100G"
    },
    {
        "category": "specials",
        "href": "https://www.woolworths.com.au/shop/productdetails/476792/so-good-unsweetened-almond-coconut-milk",
        "imgName": "476792.jpg",
        "imgSrc": "https://cdn0.woolworths.media/content/wowproductimages/medium/476792.jpg",
        "name": "So Good Unsweetened Almond & Coconut Milk 1l",
        "price": 3.7,
        "special": 2.8,
        "unitPrice": "$2.80 / 1L"
    },
    {
        "category": "specials",
        "href": "https://www.woolworths.com.au/shop/productdetails/481139/apollo-dog-food-puppy-delicate-chicken",
        "imgName": "481139.jpg",
        "imgSrc": "https://cdn0.woolworths.media/content/wowproductimages/medium/481139.jpg",
        "name": "Apollo Dog Food Puppy Delicate Chicken 100g",
        "price": 0.8,
        "unitPrice": "$0.80 / 100G"
    },
    {
        "category": "specials",
        "href": "https://www.woolworths.com.au/shop/productdetails/374274/woolworths-australian-corn-cobs",
        "imgName": "374274.jpg",
        "imgSrc": "https://cdn0.woolworths.media/content/wowproductimages/medium/374274.jpg",
        "name": "Woolworths Australian Corn Cobs 1kg",
        "price": 2.5,
        "unitPrice": "$2.50 / 1KG"
    },
    {
        "category": "specials",
        "href": "https://www.woolworths.com.au/shop/productdetails/374587/yoplait-petit-miam-blueberry",
        "imgName": "374587.jpg",
        "imgSrc": "https://cdn0.woolworths.media/content/wowproductimages/medium/374587.jpg",
        "name": "Yoplait Petit Miam Blueberry 70g",
        "price": 1,
        "unitPrice": "$1.43 / 100G"
    },
    {
        "category": "specials",
        "href": "https://www.woolworths.com.au/shop/productdetails/453873/majans-infuzions-veggie-straws",
        "imgName": "453873.jpg",
        "imgSrc": "https://cdn0.woolworths.media/content/wowproductimages/medium/453873.jpg",
        "name": "Majans Infuzions Veggie Straws 5pk",
        "price": 3.19,
        "unitPrice": "$4.25 / 100G"
    },
    {
        "category": "specials",
        "href": "https://www.woolworths.com.au/shop/productdetails/480253/baxter-s-dog-food-casserole-beef-pasta-veg",
        "imgName": "480253.jpg",
        "imgSrc": "https://cdn0.woolworths.media/content/wowproductimages/medium/480253.jpg",
        "name": "Baxter's Dog Food Casserole Beef, Pasta & Veg 700g",
        "price": 1.5,
        "unitPrice": "$0.21 / 100G"
    },
    {
        "category": "specials",
        "href": "https://www.woolworths.com.au/shop/productdetails/433953/bulla-ice-cream-fairy-bread",
        "imgName": "433953.jpg",
        "imgSrc": "https://cdn0.woolworths.media/content/wowproductimages/medium/433953.jpg",
        "name": "Bulla Ice Cream Fairy Bread 6pk 510ml",
        "price": 6.8,
        "special": 4.5,
        "unitPrice": "$0.88 / 100ML"
    },
    {
        "category": "specials",
        "href": "https://www.woolworths.com.au/shop/productdetails/460812/mars-pods-snickers",
        "imgName": "460812.jpg",
        "imgSrc": "https://cdn0.woolworths.media/content/wowproductimages/medium/460812.jpg",
        "name": "Mars Pods Snickers 280g bag",
        "price": 6.7,
        "special": 5,
        "unitPrice": "$1.79 / 100G"
    },
    {
        "category": "specials",
        "href": "https://www.woolworths.com.au/shop/productdetails/433965/cadbury-dairy-milk-ice-cream-caramello",
        "imgName": "433965.jpg",
        "imgSrc": "https://cdn0.woolworths.media/content/wowproductimages/medium/433965.jpg",
        "name": "Cadbury Dairy Milk Ice Cream Caramello 4pk 360ml",
        "price": 5,
        "unitPrice": "$1.25 / 1EA"
    },
    {
        "category": "specials",
        "href": "https://www.woolworths.com.au/shop/productdetails/512298/decor-cook-seal-store-glass-bowl-with-lid",
        "imgName": "512298.jpg",
        "imgSrc": "https://cdn0.woolworths.media/content/wowproductimages/medium/512298.jpg",
        "name": "Decor Cook Seal & Store Glass Bowl With Lid 3l",
        "price": 22.99,
        "special": 11.49
    },
    {
        "category": "specials",
        "href": "https://www.woolworths.com.au/shop/productdetails/532675/kellogg-s-corn-flakes",
        "imgName": "532675.jpg",
        "imgSrc": "https://cdn0.woolworths.media/content/wowproductimages/medium/532675.jpg",
        "name": "Kellogg's Corn Flakes  920g",
        "price": 5,
        "unitPrice": "$0.54 / 100G"
    },
    {
        "category": "specials",
        "href": "https://www.woolworths.com.au/shop/productdetails/432375/hot-topic-mug-mickey-and-minnie",
        "imgName": "432375.jpg",
        "imgSrc": "https://cdn0.woolworths.media/content/wowproductimages/medium/432375.jpg",
        "name": "Hot Topic Mug Mickey And Minnie each",
        "price": 5,
        "special": 3
    },
    {
        "category": "specials",
        "href": "https://www.woolworths.com.au/shop/productdetails/545291/dynamo-ultra-eucalyptus-front-top-laundry-liquid",
        "imgName": "545291.jpg",
        "imgSrc": "https://cdn0.woolworths.media/content/wowproductimages/medium/545291.jpg",
        "name": "Dynamo Ultra Eucalyptus Front & Top Laundry Liquid 2l",
        "price": 17.5,
        "special": 8.75,
        "unitPrice": "$4.38 / 1L"
    },
    {
        "category": "specials",
        "href": "https://www.woolworths.com.au/shop/productdetails/622605/mr-kipling-elf-slices",
        "imgName": "622605.jpg",
        "imgSrc": "https://cdn0.woolworths.media/content/wowproductimages/medium/622605.jpg",
        "name": "Mr Kipling Elf Slices  6pk",
        "price": 4,
        "special": 3,
        "unitPrice": "$0.50 / 1EA"
    },
    {
        "category": "specials",
        "href": "https://www.woolworths.com.au/shop/productdetails/519542/schmackos-meaty-tenderz-chicken",
        "imgName": "519542.jpg",
        "imgSrc": "https://cdn0.woolworths.media/content/wowproductimages/medium/519542.jpg",
        "name": "Schmackos Meaty Tenderz Chicken 100g",
        "price": 6.5,
        "special": 5,
        "unitPrice": "$5.00 / 100G"
    },
    {
        "category": "specials",
        "href": "https://www.woolworths.com.au/shop/productdetails/642820/ready-to-roast-turkey-breast-with-lemon-herb-stuffing",
        "imgName": "642820.jpg",
        "imgSrc": "https://cdn0.woolworths.media/content/wowproductimages/medium/642820.jpg",
        "name": "Ready To Roast Turkey Breast With Lemon & Herb Stuffing 1kg",
        "price": 23.99,
        "special": 15,
        "unitPrice": "$15.00 / 1KG"
    },
    {
        "category": "specials",
        "href": "https://www.woolworths.com.au/shop/productdetails/643199/werther-s-original-golden-mix",
        "imgName": "643199.jpg",
        "imgSrc": "https://cdn0.woolworths.media/content/wowproductimages/medium/643199.jpg",
        "name": "Werther's Original Golden Mix  380g",
        "price": 10,
        "special": 7,
        "unitPrice": "$1.84 / 100G"
    },
    {
        "category": "specials",
        "href": "https://www.woolworths.com.au/shop/productdetails/647226/gold-decadent-brandy-cream",
        "imgName": "647226.jpg",
        "imgSrc": "https://cdn0.woolworths.media/content/wowproductimages/medium/647226.jpg",
        "name": "Gold Decadent Brandy Cream 250g",
        "price": 5,
        "special": 4,
        "unitPrice": "$1.60 / 100G"
    },
    {
        "category": "specials",
        "href": "https://www.woolworths.com.au/shop/productdetails/569377/listerine-total-care-zero-alcohol",
        "imgName": "569377.jpg",
        "imgSrc": "https://cdn0.woolworths.media/content/wowproductimages/medium/569377.jpg",
        "name": "Listerine Total Care Zero Alcohol 1l",
        "price": 12.5,
        "unitPrice": "$1.25 / 100ML"
    },
    {
        "category": "specials",
        "href": "https://www.woolworths.com.au/shop/productdetails/636547/cadbury-santa-caramello-chocolate-sharepack",
        "imgName": "636547.jpg",
        "imgSrc": "https://cdn0.woolworths.media/content/wowproductimages/medium/636547.jpg",
        "name": "Cadbury Santa Caramello Chocolate Sharepack 144g",
        "price": 5,
        "special": 3,
        "unitPrice": "$2.08 / 100G"
    },
    {
        "category": "specials",
        "href": "https://www.woolworths.com.au/shop/productdetails/638778/tom-clark-s-chocolate-cookie-crush-popcorn",
        "imgName": "638778.jpg",
        "imgSrc": "https://cdn0.woolworths.media/content/wowproductimages/medium/638778.jpg",
        "name": "Tom Clark's Chocolate Cookie Crush Popcorn 340g",
        "price": 10,
        "special": 5,
        "unitPrice": "$1.47 / 100G"
    },
    {
        "category": "specials",
        "href": "https://www.woolworths.com.au/shop/productdetails/648681/v-pure",
        "imgName": "648681.jpg",
        "imgSrc": "https://cdn0.woolworths.media/content/wowproductimages/medium/648681.jpg",
        "name": "V Pure  275ml",
        "price": 4.15,
        "special": 3.15,
        "unitPrice": "$11.45 / 1L"
    },
    {
        "category": "specials",
        "href": "https://www.woolworths.com.au/shop/productdetails/659825/only-organic-cacao-berry-custard",
        "imgName": "659825.jpg",
        "imgSrc": "https://cdn0.woolworths.media/content/wowproductimages/medium/659825.jpg",
        "name": "Only Organic Cacao & Berry Custard 120g",
        "price": 2,
        "special": 1.5,
        "unitPrice": "$1.25 / 100G"
    },
    {
        "category": "specials",
        "href": "https://www.woolworths.com.au/shop/productdetails/633638/ob-finest-quince-paste",
        "imgName": "633638.jpg",
        "imgSrc": "https://cdn0.woolworths.media/content/wowproductimages/medium/633638.jpg",
        "name": "Ob Finest Quince Paste  100g",
        "price": 5,
        "special": 4.5,
        "unitPrice": "$45.00 / 1KG"
    },
    {
        "category": "specials",
        "href": "https://www.woolworths.com.au/shop/productdetails/634865/mars-merryteaser-christmas-stocking",
        "imgName": "634865.jpg",
        "imgSrc": "https://cdn0.woolworths.media/content/wowproductimages/medium/634865.jpg",
        "name": "Mars Merryteaser Christmas Stocking 157g",
        "price": 5,
        "special": 4,
        "unitPrice": "$2.55 / 100G"
    },
    {
        "category": "specials",
        "href": "https://www.woolworths.com.au/shop/productdetails/723733/woolworths-select-electric-diffuser-refill-frangipani",
        "imgName": "723733.jpg",
        "imgSrc": "https://cdn0.woolworths.media/content/wowproductimages/medium/723733.jpg",
        "name": "Woolworths Select Electric Diffuser Refill Frangipani 180g",
        "price": 3.99,
        "unitPrice": "$3.99 / 1EA"
    },
    {
        "category": "specials",
        "href": "https://www.woolworths.com.au/shop/productdetails/481176/smitten-cat-food-seafood-basket",
        "imgName": "481176.jpg",
        "imgSrc": "https://cdn0.woolworths.media/content/wowproductimages/medium/481176.jpg",
        "name": "Smitten Cat Food Seafood Basket 400g",
        "price": 0.85,
        "unitPrice": "$0.21 / 100G"
    },
    {
        "category": "specials",
        "href": "https://www.woolworths.com.au/shop/productdetails/587294/kettle-sea-salt-chips",
        "imgName": "587294.jpg",
        "imgSrc": "https://cdn0.woolworths.media/content/wowproductimages/medium/587294.jpg",
        "name": "Kettle Sea Salt Chips  175g",
        "price": 4.39,
        "special": 2.5,
        "unitPrice": "$1.43 / 100G"
    },
    {
        "category": "specials",
        "href": "https://www.woolworths.com.au/shop/productdetails/629583/olay-regenerist-night-cream",
        "imgName": "629583.jpg",
        "imgSrc": "https://cdn0.woolworths.media/content/wowproductimages/medium/629583.jpg",
        "name": "Olay Regenerist Night Cream 50g",
        "price": 33.5,
        "special": 16.75,
        "unitPrice": "$33.50 / 100G"
    },
    {
        "category": "specials",
        "href": "https://www.woolworths.com.au/shop/productdetails/702170/nudie-nothing-but-oranges-pulp-free-juice",
        "imgName": "702170.jpg",
        "imgSrc": "https://cdn0.woolworths.media/content/wowproductimages/medium/702170.jpg",
        "name": "Nudie Nothing But Oranges Pulp Free Juice 2l",
        "price": 6.6,
        "special": 5.5,
        "unitPrice": "$2.75 / 1L"
    },
    {
        "category": "specials",
        "href": "https://www.woolworths.com.au/shop/productdetails/702661/hello-kitty-body-spray-bubblegum",
        "imgName": "702661.jpg",
        "imgSrc": "https://cdn0.woolworths.media/content/wowproductimages/medium/702661.jpg",
        "name": "Hello Kitty Body Spray Bubblegum 75g",
        "price": 5,
        "special": 4,
        "unitPrice": "$5.33 / 100G"
    },
    {
        "category": "specials",
        "href": "https://www.woolworths.com.au/shop/productdetails/712386/lynx-men-body-spray-aerosol-deodorant-anarchy",
        "imgName": "712386.jpg",
        "imgSrc": "https://cdn0.woolworths.media/content/wowproductimages/medium/712386.jpg",
        "name": "Lynx Men Body Spray Aerosol Deodorant Anarchy 155ml",
        "price": 6,
        "special": 4,
        "unitPrice": "$2.58 / 100ML"
    },
    {
        "category": "specials",
        "href": "https://www.woolworths.com.au/shop/productdetails/465116/always-fresh-artisan-collection-mixed-olives-feta",
        "imgName": "465116.jpg",
        "imgSrc": "https://cdn0.woolworths.media/content/wowproductimages/medium/465116.jpg",
        "name": "Always Fresh Artisan Collection Mixed Olives & Feta 280g",
        "price": 6,
        "special": 5,
        "unitPrice": "$17.86 / 1KG"
    },
    {
        "category": "specials",
        "href": "https://www.woolworths.com.au/shop/productdetails/569375/listerine-total-care-zero-alcohol",
        "imgName": "569375.jpg",
        "imgSrc": "https://cdn0.woolworths.media/content/wowproductimages/medium/569375.jpg",
        "name": "Listerine Total Care Zero Alcohol 250ml",
        "price": 6,
        "special": 5,
        "unitPrice": "$2.00 / 100ML"
    },
    {
        "category": "specials",
        "href": "https://www.woolworths.com.au/shop/productdetails/480931/baxter-s-dog-food-casserole-chicken-rice-veg",
        "imgName": "480931.jpg",
        "imgSrc": "https://cdn0.woolworths.media/content/wowproductimages/medium/480931.jpg",
        "name": "Baxter's Dog Food Casserole Chicken. Rice & Veg 1.2kg",
        "price": 2.4,
        "unitPrice": "$0.20 / 100G"
    },
    {
        "category": "specials",
        "href": "https://www.woolworths.com.au/shop/productdetails/481171/smitten-cat-food-chicken-variety",
        "imgName": "481171.jpg",
        "imgSrc": "https://cdn0.woolworths.media/content/wowproductimages/medium/481171.jpg",
        "name": "Smitten Cat Food Chicken Variety 100g 12pk",
        "price": 6,
        "unitPrice": "$0.50 / 100G"
    },
    {
        "category": "specials",
        "href": "https://www.woolworths.com.au/shop/productdetails/559281/mud-gel-nail-colour-peachy-keen",
        "imgName": "559281.jpg",
        "imgSrc": "https://cdn0.woolworths.media/content/wowproductimages/medium/559281.jpg",
        "name": "Mud Gel Nail Colour Peachy Keen 13ml",
        "price": 3,
        "unitPrice": "$2.31 / 10ML"
    },
    {
        "category": "specials",
        "href": "https://www.woolworths.com.au/shop/productdetails/555217/primo-thin-franks",
        "imgName": "555217.jpg",
        "imgSrc": "https://cdn0.woolworths.media/content/wowproductimages/medium/555217.jpg",
        "name": "Primo Thin Franks  per kg",
        "price": 7.5,
        "special": 6,
        "unitPrice": "$6.00 / 1KG"
    },
    {
        "category": "specials",
        "href": "https://www.woolworths.com.au/shop/productdetails/657016/natures-goodness-grain-free-dental-sticks-medium-to-large",
        "imgName": "657016.jpg",
        "imgSrc": "https://cdn0.woolworths.media/content/wowproductimages/medium/657016.jpg",
        "name": "Natures Goodness Grain Free Dental Sticks Medium To Large 5pk 145g",
        "price": 5,
        "special": 3.5,
        "unitPrice": "$0.70 / 1EA"
    },
    {
        "category": "specials",
        "href": "https://www.woolworths.com.au/shop/productdetails/574469/peters-drumstick-salted-caramel-white-chocolate",
        "imgName": "574469.jpg",
        "imgSrc": "https://cdn0.woolworths.media/content/wowproductimages/medium/574469.jpg",
        "name": "Peters Drumstick Salted Caramel & White Chocolate 4pk 475ml",
        "price": 8,
        "special": 5,
        "unitPrice": "$1.05 / 100ML"
    },
    {
        "category": "specials",
        "href": "https://www.woolworths.com.au/shop/productdetails/706925/fuji-super-alkaline-aaa-batteries",
        "imgName": "706925.jpg",
        "imgSrc": "https://cdn0.woolworths.media/content/wowproductimages/medium/706925.jpg",
        "name": "Fuji Super Alkaline Aaa Batteries  4pk",
        "price": 4,
        "special": 2,
        "unitPrice": "$0.50 / 1EA"
    },
    {
        "category": "specials",
        "href": "https://www.woolworths.com.au/shop/productdetails/706110/air-wick-freshmatic-automatic-spray-lavender-refill",
        "imgName": "706110.jpg",
        "imgSrc": "https://cdn0.woolworths.media/content/wowproductimages/medium/706110.jpg",
        "name": "Air Wick Freshmatic Automatic Spray Lavender Refill 174g",
        "price": 6.69,
        "unitPrice": "$3.84 / 100G"
    },
    {
        "category": "specials",
        "href": "https://www.woolworths.com.au/shop/productdetails/654791/s26-gold-alula-toddler-1-year-",
        "imgName": "654791.jpg",
        "imgSrc": "https://cdn0.woolworths.media/content/wowproductimages/medium/654791.jpg",
        "name": "S26 Gold Alula Toddler 1 Year + 900g",
        "price": 20,
        "special": 16,
        "unitPrice": "$1.78 / 100G"
    },
    {
        "category": "specials",
        "href": "https://www.woolworths.com.au/shop/productdetails/656285/smokehouse-republic-original-bratwurst-sausages",
        "imgName": "656285.jpg",
        "imgSrc": "https://cdn0.woolworths.media/content/wowproductimages/medium/656285.jpg",
        "name": "Smokehouse Republic Original Bratwurst Sausages 400g",
        "price": 7,
        "special": 6.5,
        "unitPrice": "$16.25 / 1KG"
    },
    {
        "category": "specials",
        "href": "https://www.woolworths.com.au/shop/productdetails/661640/dove-restoring-ritual-conditioner",
        "imgName": "661640.jpg",
        "imgSrc": "https://cdn0.woolworths.media/content/wowproductimages/medium/661640.jpg",
        "name": "Dove Restoring Ritual Conditioner 320ml",
        "price": 7,
        "special": 3.5,
        "unitPrice": "$1.09 / 100ML"
    },
    {
        "category": "specials",
        "href": "https://www.woolworths.com.au/shop/productdetails/701951/woolworths-mixed-berries-in-syrup",
        "imgName": "701951.jpg",
        "imgSrc": "https://cdn0.woolworths.media/content/wowproductimages/medium/701951.jpg",
        "name": "Woolworths Mixed Berries In Syrup 415g",
        "price": 3.8,
        "unitPrice": "$9.16 / 1KG"
    },
    {
        "category": "specials",
        "href": "https://www.woolworths.com.au/shop/productdetails/713265/bic-disposable-razor-flex-3",
        "imgName": "713265.jpg",
        "imgSrc": "https://cdn0.woolworths.media/content/wowproductimages/medium/713265.jpg",
        "name": "Bic Disposable Razor Flex 3 4pk",
        "price": 6,
        "special": 4,
        "unitPrice": "$1.00 / 1EA"
    },
    {
        "category": "specials",
        "href": "https://www.woolworths.com.au/shop/productdetails/738555/garnier-fructis-conditioner-normal",
        "imgName": "738555.jpg",
        "imgSrc": "https://cdn0.woolworths.media/content/wowproductimages/medium/738555.jpg",
        "name": "Garnier Fructis Conditioner Normal 700ml",
        "price": 12,
        "special": 6,
        "unitPrice": "$0.86 / 100ML"
    },
    {
        "category": "specials",
        "href": "https://www.woolworths.com.au/shop/productdetails/726360/woolworths-select-walnuts-californian",
        "imgName": "726360.jpg",
        "imgSrc": "https://cdn0.woolworths.media/content/wowproductimages/medium/726360.jpg",
        "name": "Woolworths Select Walnuts Californian 450g",
        "price": 10,
        "unitPrice": "$22.22 / 1KG"
    },
    {
        "category": "specials",
        "href": "https://www.woolworths.com.au/shop/productdetails/720343/homebrand-caster-sugar",
        "imgName": "720343.jpg",
        "imgSrc": "https://cdn0.woolworths.media/content/wowproductimages/medium/720343.jpg",
        "name": "Homebrand Caster Sugar  1kg",
        "price": 1.99,
        "unitPrice": "$0.20 / 100G"
    },
    {
        "category": "specials",
        "href": "https://www.woolworths.com.au/shop/productdetails/750056/colgate-mouthwash-plax-fresh-tea",
        "imgName": "750056.jpg",
        "imgSrc": "https://cdn0.woolworths.media/content/wowproductimages/medium/750056.jpg",
        "name": "Colgate Mouthwash Plax Fresh Tea 500ml",
        "price": 6.3,
        "special": 3.15,
        "unitPrice": "$0.63 / 100ML"
    },
    {
        "category": "specials",
        "href": "https://www.woolworths.com.au/shop/productdetails/756122/purity-top-loader-laundry-liquid",
        "imgName": "756122.jpg",
        "imgSrc": "https://cdn0.woolworths.media/content/wowproductimages/medium/756122.jpg",
        "name": "Purity Top Loader Laundry Liquid 4l",
        "price": 13,
        "unitPrice": "$3.25 / 1L"
    },
    {
        "category": "specials",
        "href": "https://www.woolworths.com.au/shop/productdetails/643083/energizer-car-kit-lightning-vent-holder",
        "imgName": "643083.jpg",
        "imgSrc": "https://cdn0.woolworths.media/content/wowproductimages/medium/643083.jpg",
        "name": "Energizer Car Kit Lightning + Vent Holder each",
        "price": 40,
        "special": 32
    },
    {
        "category": "specials",
        "href": "https://www.woolworths.com.au/shop/productdetails/705139/scharzkopf-live-salon-hair-colour-10-2-extra-light-pearl-blonde",
        "imgName": "705139.jpg",
        "imgSrc": "https://cdn0.woolworths.media/content/wowproductimages/medium/705139.jpg",
        "name": "Scharzkopf Live Salon Hair Colour 10.2 Extra Light Pearl Blonde each",
        "price": 14,
        "special": 8.4
    },
    {
        "category": "specials",
        "href": "https://www.woolworths.com.au/shop/productdetails/629972/thankyou-jumbo-nappies-walker-13-18kg",
        "imgName": "629972.jpg",
        "imgSrc": "https://cdn0.woolworths.media/content/wowproductimages/medium/629972.jpg",
        "name": "Thankyou Jumbo Nappies Walker 13-18kg 64ea",
        "price": 33,
        "special": 25,
        "unitPrice": "$0.39 / 1EA"
    },
    {
        "category": "specials",
        "href": "https://www.woolworths.com.au/shop/productdetails/700541/woolworths-fish-fillets-crumbed",
        "imgName": "700541.jpg",
        "imgSrc": "https://cdn0.woolworths.media/content/wowproductimages/medium/700541.jpg",
        "name": "Woolworths Fish Fillets Crumbed 400g",
        "price": 4.2,
        "unitPrice": "$9.88 / 1KG"
    },
    {
        "category": "specials",
        "href": "https://www.woolworths.com.au/shop/productdetails/717631/macro-organic-quinoa-tri-colour",
        "imgName": "717631.jpg",
        "imgSrc": "https://cdn0.woolworths.media/content/wowproductimages/medium/717631.jpg",
        "name": "Macro Organic Quinoa Tri Colour 500g",
        "price": 7,
        "unitPrice": "$1.40 / 100G"
    },
    {
        "category": "specials",
        "href": "https://www.woolworths.com.au/shop/productdetails/726016/dine-desire-adult-cat-food-virgin-flaked-tuna-multipack",
        "imgName": "726016.jpg",
        "imgSrc": "https://cdn0.woolworths.media/content/wowproductimages/medium/726016.jpg",
        "name": "Dine Desire Adult Cat Food Virgin Flaked Tuna Multipack 6pk",
        "price": 8,
        "unitPrice": "$1.57 / 100G"
    },
    {
        "category": "specials",
        "href": "https://www.woolworths.com.au/shop/productdetails/717518/chobani-no-fat-plain-yoghurt",
        "imgName": "717518.jpg",
        "imgSrc": "https://cdn0.woolworths.media/content/wowproductimages/medium/717518.jpg",
        "name": "Chobani No Fat Plain Yoghurt 907g",
        "price": 6.3,
        "special": 5,
        "unitPrice": "$0.55 / 100G"
    },
    {
        "category": "specials",
        "href": "https://www.woolworths.com.au/shop/productdetails/715628/neutrogena-deep-clean-shine-control-scrub",
        "imgName": "715628.jpg",
        "imgSrc": "https://cdn0.woolworths.media/content/wowproductimages/medium/715628.jpg",
        "name": "Neutrogena Deep Clean Shine Control Scrub 125ml",
        "price": 15,
        "special": 9,
        "unitPrice": "$7.20 / 100ML"
    },
    {
        "category": "specials",
        "href": "https://www.woolworths.com.au/shop/productdetails/748533/u-by-kotex-ultrathin-pads-super-with-wings",
        "imgName": "748533.jpg",
        "imgSrc": "https://cdn0.woolworths.media/content/wowproductimages/medium/748533.jpg",
        "name": "U By Kotex Ultrathin Pads Super With Wings 12pk",
        "price": 4.5,
        "special": 4,
        "unitPrice": "$0.33 / 1EA"
    },
    {
        "category": "specials",
        "href": "https://www.woolworths.com.au/shop/productdetails/748595/woolworths-uht-full-cream-milk",
        "imgName": "748595.jpg",
        "imgSrc": "https://cdn0.woolworths.media/content/wowproductimages/medium/748595.jpg",
        "name": "Woolworths Uht Full Cream Milk 1l",
        "price": 0.9,
        "unitPrice": "$0.90 / 1L"
    },
    {
        "category": "specials",
        "href": "https://www.woolworths.com.au/shop/productdetails/747133/sistema-bottle-gripper-to-go",
        "imgName": "747133.jpg",
        "imgSrc": "https://cdn0.woolworths.media/content/wowproductimages/medium/747133.jpg",
        "name": "Sistema Bottle Gripper To Go 800ml each",
        "price": 11,
        "special": 5.5
    },
    {
        "category": "specials",
        "href": "https://www.woolworths.com.au/shop/productdetails/587117/woolworths-hundreds-thousands-white-choc-minis",
        "imgName": "587117.jpg",
        "imgSrc": "https://cdn0.woolworths.media/content/wowproductimages/medium/587117.jpg",
        "name": "Woolworths Hundreds & Thousands White Choc Minis 8pk 180g",
        "price": 2.5,
        "unitPrice": "$1.39 / 100G"
    },
    {
        "category": "specials",
        "href": "https://www.woolworths.com.au/shop/productdetails/713568/baby-macro-organic-4-months-apple-pear",
        "imgName": "713568.jpg",
        "imgSrc": "https://cdn0.woolworths.media/content/wowproductimages/medium/713568.jpg",
        "name": "Baby Macro Organic 4 Months+ Apple & Pear 120g",
        "price": 1.5,
        "unitPrice": "$1.25 / 100G"
    },
    {
        "category": "specials",
        "href": "https://www.woolworths.com.au/shop/productdetails/714844/moccona-freeze-dried-instant-coffee-exotic",
        "imgName": "714844.jpg",
        "imgSrc": "https://cdn0.woolworths.media/content/wowproductimages/medium/714844.jpg",
        "name": "Moccona Freeze Dried Instant Coffee Exotic 200g",
        "price": 16,
        "special": 11,
        "unitPrice": "$5.50 / 100G"
    },
    {
        "category": "specials",
        "href": "https://www.woolworths.com.au/shop/productdetails/608981/cleavers-organic-beef-hot-dogs",
        "imgName": "608981.jpg",
        "imgSrc": "https://cdn0.woolworths.media/content/wowproductimages/medium/608981.jpg",
        "name": "Cleavers Organic Beef Hot Dogs 275g",
        "price": 8,
        "special": 7.5,
        "unitPrice": "$27.27 / 1KG"
    },
    {
        "category": "specials",
        "href": "https://www.woolworths.com.au/shop/productdetails/690094/woolworths-camomile-tea",
        "imgName": "690094.jpg",
        "imgSrc": "https://cdn0.woolworths.media/content/wowproductimages/medium/690094.jpg",
        "name": "Woolworths Camomile Tea 40pk",
        "price": 2,
        "unitPrice": "$3.33 / 100G"
    },
    {
        "category": "specials",
        "href": "https://www.woolworths.com.au/shop/productdetails/698956/woolworths-select-extra-virgin-olive-oil",
        "imgName": "698956.jpg",
        "imgSrc": "https://cdn0.woolworths.media/content/wowproductimages/medium/698956.jpg",
        "name": "Woolworths Select Extra Virgin Olive Oil 500ml",
        "price": 4,
        "unitPrice": "$0.80 / 100ML"
    },
    {
        "category": "specials",
        "href": "https://www.woolworths.com.au/shop/productdetails/707317/woolworths-select-dishwashing-liquid-antibacterial",
        "imgName": "707317.jpg",
        "imgSrc": "https://cdn0.woolworths.media/content/wowproductimages/medium/707317.jpg",
        "name": "Woolworths Select Dishwashing Liquid Antibacterial 900ml",
        "price": 2.69,
        "unitPrice": "$0.30 / 100ML"
    },
    {
        "category": "specials",
        "href": "https://www.woolworths.com.au/shop/productdetails/715897/true-foods-bread-naan-traditional",
        "imgName": "715897.jpg",
        "imgSrc": "https://cdn0.woolworths.media/content/wowproductimages/medium/715897.jpg",
        "name": "True Foods Bread Naan Traditional 2pk 250g",
        "price": 3,
        "unitPrice": "$1.20 / 100G"
    },
    {
        "category": "specials",
        "href": "https://www.woolworths.com.au/shop/productdetails/743252/quick-cook-chicken-crumbed-schnitzel-gluten-free",
        "imgName": "743252.jpg",
        "imgSrc": "https://cdn0.woolworths.media/content/wowproductimages/medium/743252.jpg",
        "name": "Quick Cook Chicken Crumbed Schnitzel Gluten Free 440g",
        "price": 7,
        "special": 6.5,
        "unitPrice": "$14.77 / 1KG"
    },
    {
        "category": "specials",
        "href": "https://www.woolworths.com.au/shop/productdetails/729455/redheads-charcoal-bbq-accessory-box",
        "imgName": "729455.jpg",
        "imgSrc": "https://cdn0.woolworths.media/content/wowproductimages/medium/729455.jpg",
        "name": "Redheads Charcoal Bbq Accessory Box 3kg",
        "price": 10.9,
        "special": 8.7,
        "unitPrice": "$0.29 / 100G"
    },
    {
        "category": "specials",
        "href": "https://www.woolworths.com.au/shop/productdetails/741970/golden-circle-pineapple-fruit-drink",
        "imgName": "741970.jpg",
        "imgSrc": "https://cdn0.woolworths.media/content/wowproductimages/medium/741970.jpg",
        "name": "Golden Circle Pineapple Fruit Drink 8x250ml",
        "price": 5,
        "special": 4.5,
        "unitPrice": "$2.25 / 1L"
    },
    {
        "category": "specials",
        "href": "https://www.woolworths.com.au/shop/productdetails/771810/naturally-good-cookies-munchy-muesli-brownie",
        "imgName": "771810.jpg",
        "imgSrc": "https://cdn0.woolworths.media/content/wowproductimages/medium/771810.jpg",
        "name": "Naturally Good Cookies Munchy Muesli Brownie 160g",
        "price": 4.95,
        "special": 4,
        "unitPrice": "$2.50 / 100G"
    },
    {
        "category": "specials",
        "href": "https://www.woolworths.com.au/shop/productdetails/768557/woolworths-australian-diced-onions",
        "imgName": "768557.jpg",
        "imgSrc": "https://cdn0.woolworths.media/content/wowproductimages/medium/768557.jpg",
        "name": "Woolworths Australian Diced Onions 500g",
        "price": 2.1,
        "unitPrice": "$4.20 / 1KG"
    },
    {
        "category": "specials",
        "href": "https://www.woolworths.com.au/shop/productdetails/768569/woolworths-australian-carrots-peas-corn",
        "imgName": "768569.jpg",
        "imgSrc": "https://cdn0.woolworths.media/content/wowproductimages/medium/768569.jpg",
        "name": "Woolworths Australian Carrots, Peas & Corn 1kg",
        "price": 3,
        "unitPrice": "$3.00 / 1KG"
    },
    {
        "category": "specials",
        "href": "https://www.woolworths.com.au/shop/productdetails/765508/m-m-s-peanut",
        "imgName": "765508.jpg",
        "imgSrc": "https://cdn0.woolworths.media/content/wowproductimages/medium/765508.jpg",
        "name": "M&m's Peanut  440g gift box",
        "price": 10,
        "special": 5,
        "unitPrice": "$1.14 / 100G"
    },
    {
        "category": "specials",
        "href": "https://www.woolworths.com.au/shop/productdetails/800225/vittoria-coffee-nespresso-compatible-italian-coffee-capsules",
        "imgName": "800225.jpg",
        "imgSrc": "https://cdn0.woolworths.media/content/wowproductimages/medium/800225.jpg",
        "name": "Vittoria Coffee Nespresso Compatible Italian Coffee Capsules 10pk",
        "price": 4,
        "unitPrice": "$0.40 / 1EA"
    },
    {
        "category": "specials",
        "href": "https://www.woolworths.com.au/shop/productdetails/729641/mortein-insect-spray-naturguard-eucalyptus",
        "imgName": "729641.jpg",
        "imgSrc": "https://cdn0.woolworths.media/content/wowproductimages/medium/729641.jpg",
        "name": "Mortein Insect Spray Naturguard Eucalyptus 320g",
        "price": 7.79,
        "special": 6.2,
        "unitPrice": "$1.94 / 100G"
    },
    {
        "category": "specials",
        "href": "https://www.woolworths.com.au/shop/productdetails/733664/gravox-gravy-liquid-our-best-ever-schnitzel",
        "imgName": "733664.jpg",
        "imgSrc": "https://cdn0.woolworths.media/content/wowproductimages/medium/733664.jpg",
        "name": "Gravox Gravy Liquid Our Best Ever Schnitzel 165g",
        "price": 2,
        "unitPrice": "$1.21 / 100G"
    },
    {
        "category": "specials",
        "href": "https://www.woolworths.com.au/shop/productdetails/742132/golden-circle-orange-fruit-drink",
        "imgName": "742132.jpg",
        "imgSrc": "https://cdn0.woolworths.media/content/wowproductimages/medium/742132.jpg",
        "name": "Golden Circle Orange Fruit Drink 8x250ml",
        "price": 5,
        "special": 4.5,
        "unitPrice": "$2.25 / 1L"
    },
    {
        "category": "specials",
        "href": "https://www.woolworths.com.au/shop/productdetails/748553/u-by-kotex-designer-series-ultrathin-with-wings-regular",
        "imgName": "748553.jpg",
        "imgSrc": "https://cdn0.woolworths.media/content/wowproductimages/medium/748553.jpg",
        "name": "U By Kotex Designer Series Ultrathin With Wings Regular 12ea",
        "price": 5,
        "special": 4,
        "unitPrice": "$0.33 / 1EA"
    },
    {
        "category": "specials",
        "href": "https://www.woolworths.com.au/shop/productdetails/760825/lindt-excellence-white-chocolate-extra-silky",
        "imgName": "760825.jpg",
        "imgSrc": "https://cdn0.woolworths.media/content/wowproductimages/medium/760825.jpg",
        "name": "Lindt Excellence White Chocolate Extra Silky 100g block",
        "price": 4.25,
        "special": 2.12,
        "unitPrice": "$2.12 / 100G"
    },
    {
        "category": "specials",
        "href": "https://www.woolworths.com.au/shop/productdetails/763714/total-care-dog-toy-mini-squawking-duck",
        "imgName": "763714.jpg",
        "imgSrc": "https://cdn0.woolworths.media/content/wowproductimages/medium/763714.jpg",
        "name": "Total Care Dog Toy Mini Squawking Duck each",
        "price": 7.34,
        "special": 6,
        "unitPrice": "$6.00 / 1EA"
    },
    {
        "category": "specials",
        "href": "https://www.woolworths.com.au/shop/productdetails/785554/tasti-nut-bar-yoghurt-fruit-nut",
        "imgName": "785554.jpg",
        "imgSrc": "https://cdn0.woolworths.media/content/wowproductimages/medium/785554.jpg",
        "name": "Tasti Nut Bar Yoghurt Fruit & Nut 420g",
        "price": 5,
        "unitPrice": "$1.19 / 100G"
    },
    {
        "category": "specials",
        "href": "https://www.woolworths.com.au/shop/productdetails/786158/lux-exfoliating-body-wash-tahitian-escape",
        "imgName": "786158.jpg",
        "imgSrc": "https://cdn0.woolworths.media/content/wowproductimages/medium/786158.jpg",
        "name": "Lux Exfoliating Body Wash Tahitian Escape 400ml",
        "price": 4.5,
        "special": 3.5,
        "unitPrice": "$0.88 / 100ML"
    },
    {
        "category": "specials",
        "href": "https://www.woolworths.com.au/shop/productdetails/787429/woolworths-extra-tasty-cheese-crackers",
        "imgName": "787429.jpg",
        "imgSrc": "https://cdn0.woolworths.media/content/wowproductimages/medium/787429.jpg",
        "name": "Woolworths Extra Tasty Cheese & Crackers 4pk 120g",
        "price": 4,
        "unitPrice": "$33.33 / 1KG"
    },
    {
        "category": "specials",
        "href": "https://www.woolworths.com.au/shop/productdetails/710014/sanitarium-so-good-almond-milk",
        "imgName": "710014.jpg",
        "imgSrc": "https://cdn0.woolworths.media/content/wowproductimages/medium/710014.jpg",
        "name": "Sanitarium So Good Almond Milk 1l",
        "price": 3,
        "unitPrice": "$3.00 / 1L"
    },
    {
        "category": "specials",
        "href": "https://www.woolworths.com.au/shop/productdetails/752048/chobani-no-fat-black-cherry-yoghurt",
        "imgName": "752048.jpg",
        "imgSrc": "https://cdn0.woolworths.media/content/wowproductimages/medium/752048.jpg",
        "name": "Chobani No Fat Black Cherry Yoghurt 170g",
        "price": 2.25,
        "special": 2,
        "unitPrice": "$1.18 / 100G"
    },
    {
        "category": "specials",
        "href": "https://www.woolworths.com.au/shop/productdetails/740479/philips-cfl-tornado-cool-daylight-12w-bc-base",
        "imgName": "740479.jpg",
        "imgSrc": "https://cdn0.woolworths.media/content/wowproductimages/medium/740479.jpg",
        "name": "Philips Cfl Tornado Cool Daylight 12w Bc Base each",
        "price": 6.5,
        "special": 5.2,
        "unitPrice": "$5.20 / 1EA"
    },
    {
        "category": "specials",
        "href": "https://www.woolworths.com.au/shop/productdetails/701102/linda-mccartney-veg-mozzarella-burger",
        "imgName": "701102.jpg",
        "imgSrc": "https://cdn0.woolworths.media/content/wowproductimages/medium/701102.jpg",
        "name": "Linda Mccartney Veg Mozzarella Burger  2pk 227g",
        "price": 5,
        "unitPrice": "$2.20 / 100G"
    },
    {
        "category": "specials",
        "href": "https://www.woolworths.com.au/shop/productdetails/748807/banana-boat-spf-50-sunscreen-sport",
        "imgName": "748807.jpg",
        "imgSrc": "https://cdn0.woolworths.media/content/wowproductimages/medium/748807.jpg",
        "name": "Banana Boat Spf 50+ Sunscreen Sport 200g",
        "price": 16,
        "special": 12.8,
        "unitPrice": "$6.40 / 100G"
    },
    {
        "category": "specials",
        "href": "https://www.woolworths.com.au/shop/productdetails/760341/old-el-paso-chili-garlic-mexican-rice-kit",
        "imgName": "760341.jpg",
        "imgSrc": "https://cdn0.woolworths.media/content/wowproductimages/medium/760341.jpg",
        "name": "Old El Paso Chili & Garlic Mexican Rice Kit 355g",
        "price": 4.75,
        "unitPrice": "$1.34 / 100G"
    },
    {
        "category": "specials",
        "href": "https://www.woolworths.com.au/shop/productdetails/761036/on-the-menu-potato-bake",
        "imgName": "761036.jpg",
        "imgSrc": "https://cdn0.woolworths.media/content/wowproductimages/medium/761036.jpg",
        "name": "On The Menu Potato Bake  1kg",
        "price": 7,
        "unitPrice": "$0.70 / 100G"
    },
    {
        "category": "specials",
        "href": "https://www.woolworths.com.au/shop/productdetails/789358/woolworths-select-skim-milk-powder",
        "imgName": "789358.jpg",
        "imgSrc": "https://cdn0.woolworths.media/content/wowproductimages/medium/789358.jpg",
        "name": "Woolworths Select Skim Milk Powder 1kg",
        "price": 5.7,
        "unitPrice": "$0.57 / 100G"
    },
    {
        "category": "specials",
        "href": "https://www.woolworths.com.au/shop/productdetails/766938/optimum-adult-dog-food-beef-veg-rice",
        "imgName": "766938.jpg",
        "imgSrc": "https://cdn0.woolworths.media/content/wowproductimages/medium/766938.jpg",
        "name": "Optimum Adult Dog Food Beef Veg & Rice 7kg",
        "price": 26,
        "unitPrice": "$0.37 / 100G"
    },
    {
        "category": "specials",
        "href": "https://www.woolworths.com.au/shop/productdetails/823695/chris-heritage-dips-blue-cheese-fig-pistachio",
        "imgName": "823695.jpg",
        "imgSrc": "https://cdn0.woolworths.media/content/wowproductimages/medium/823695.jpg",
        "name": "Chris' Heritage Dips Blue Cheese, Fig & Pistachio 170g",
        "price": 7.99,
        "special": 6,
        "unitPrice": "$3.53 / 100G"
    },
    {
        "category": "specials",
        "href": "https://www.woolworths.com.au/shop/productdetails/823983/the-chia-co-chia-pod-dark-cacao",
        "imgName": "823983.jpg",
        "imgSrc": "https://cdn0.woolworths.media/content/wowproductimages/medium/823983.jpg",
        "name": "The Chia Co Chia Pod Dark Cacao 170g",
        "price": 3,
        "unitPrice": "$1.76 / 100G"
    },
    {
        "category": "specials",
        "href": "https://www.woolworths.com.au/shop/productdetails/827576/uncle-tobys-honey-macadamia-oat-crisp",
        "imgName": "827576.jpg",
        "imgSrc": "https://cdn0.woolworths.media/content/wowproductimages/medium/827576.jpg",
        "name": "Uncle Tobys Honey & Macadamia Oat Crisp 475g",
        "price": 5,
        "unitPrice": "$1.05 / 100G"
    },
    {
        "category": "specials",
        "href": "https://www.woolworths.com.au/shop/productdetails/854119/essentials-nylon-utensils",
        "imgName": "854119.jpg",
        "imgSrc": "https://cdn0.woolworths.media/content/wowproductimages/medium/854119.jpg",
        "name": "Essentials Nylon Utensils  6pk",
        "price": 6
    },
    {
        "category": "specials",
        "href": "https://www.woolworths.com.au/shop/productdetails/855179/woolworths-festive-snack-selection",
        "imgName": "855179.jpg",
        "imgSrc": "https://cdn0.woolworths.media/content/wowproductimages/medium/855179.jpg",
        "name": "Woolworths Festive Snack Selection 390g",
        "price": 10,
        "special": 4,
        "unitPrice": "$1.03 / 100G"
    },
    {
        "category": "specials",
        "href": "https://www.woolworths.com.au/shop/productdetails/796476/rockstar-energy-drink-tropical-fruit-zero-sugar",
        "imgName": "796476.jpg",
        "imgSrc": "https://cdn0.woolworths.media/content/wowproductimages/medium/796476.jpg",
        "name": "Rockstar Energy Drink Tropical Fruit Zero Sugar 500ml",
        "price": 2.7,
        "special": 2.15,
        "unitPrice": "$4.30 / 1L"
    },
    {
        "category": "specials",
        "href": "https://www.woolworths.com.au/shop/productdetails/795500/cadbury-favourites",
        "imgName": "795500.jpg",
        "imgSrc": "https://cdn0.woolworths.media/content/wowproductimages/medium/795500.jpg",
        "name": "Cadbury Favourites  320g gift box",
        "price": 12,
        "special": 6,
        "unitPrice": "$1.88 / 100G"
    },
    {
        "category": "specials",
        "href": "https://www.woolworths.com.au/shop/productdetails/838692/on-the-menu-cottage-pie",
        "imgName": "838692.jpg",
        "imgSrc": "https://cdn0.woolworths.media/content/wowproductimages/medium/838692.jpg",
        "name": "On The Menu Cottage Pie 260g",
        "price": 3,
        "special": 2.7,
        "unitPrice": "$1.04 / 100G"
    },
    {
        "category": "specials",
        "href": "https://www.woolworths.com.au/shop/productdetails/838796/sunrice-thick-rice-cakes",
        "imgName": "838796.jpg",
        "imgSrc": "https://cdn0.woolworths.media/content/wowproductimages/medium/838796.jpg",
        "name": "Sunrice Thick Rice Cakes 150g",
        "price": 2,
        "special": 1.9,
        "unitPrice": "$1.27 / 100G"
    },
    {
        "category": "specials",
        "href": "https://www.woolworths.com.au/shop/productdetails/800809/depend-real-fit-for-women-underwear-large",
        "imgName": "800809.jpg",
        "imgSrc": "https://cdn0.woolworths.media/content/wowproductimages/medium/800809.jpg",
        "name": "Depend Real Fit For Women Underwear Large 8pk",
        "price": 12,
        "unitPrice": "$1.50 / 1EA"
    },
    {
        "category": "specials",
        "href": "https://www.woolworths.com.au/shop/productdetails/783502/fancy-feast-adult-cat-food-cheddar-tuna",
        "imgName": "783502.jpg",
        "imgSrc": "https://cdn0.woolworths.media/content/wowproductimages/medium/783502.jpg",
        "name": "Fancy Feast Adult Cat Food Cheddar Tuna 85g",
        "price": 1.2,
        "special": 0.9,
        "unitPrice": "$1.06 / 100G"
    },
    {
        "category": "specials",
        "href": "https://www.woolworths.com.au/shop/productdetails/771756/woolworths-free-from-gluten-share-pack-cheese-rings",
        "imgName": "771756.jpg",
        "imgSrc": "https://cdn0.woolworths.media/content/wowproductimages/medium/771756.jpg",
        "name": "Woolworths Free From Gluten Share Pack Cheese Rings 90g",
        "price": 2,
        "unitPrice": "$2.22 / 100G"
    },
    {
        "category": "specials",
        "href": "https://www.woolworths.com.au/shop/productdetails/733774/woolworths-frozen-chicken-breast-garlic-herb-kiev",
        "imgName": "733774.jpg",
        "imgSrc": "https://cdn0.woolworths.media/content/wowproductimages/medium/733774.jpg",
        "name": "Woolworths Frozen Chicken Breast Garlic & Herb Kiev 350g",
        "price": 5.5,
        "unitPrice": "$15.71 / 1KG"
    },
    {
        "category": "specials",
        "href": "https://www.woolworths.com.au/shop/productdetails/733775/woolworths-chicken-breast-crumbed-nuggets",
        "imgName": "733775.jpg",
        "imgSrc": "https://cdn0.woolworths.media/content/wowproductimages/medium/733775.jpg",
        "name": "Woolworths Chicken Breast Crumbed Nuggets 400g",
        "price": 3.59,
        "unitPrice": "$8.98 / 1KG"
    },
    {
        "category": "specials",
        "href": "https://www.woolworths.com.au/shop/productdetails/782014/golden-circle-apple-raspberry-juice",
        "imgName": "782014.jpg",
        "imgSrc": "https://cdn0.woolworths.media/content/wowproductimages/medium/782014.jpg",
        "name": "Golden Circle Apple & Raspberry Juice 8x250ml",
        "price": 5,
        "special": 4.5,
        "unitPrice": "$2.25 / 1L"
    },
    {
        "category": "specials",
        "href": "https://www.woolworths.com.au/shop/productdetails/783483/fancy-feast-adult-cat-food-chicken-surimi-veg-broth",
        "imgName": "783483.jpg",
        "imgSrc": "https://cdn0.woolworths.media/content/wowproductimages/medium/783483.jpg",
        "name": "Fancy Feast Adult Cat Food Chicken Surimi Veg Broth 4x40g",
        "price": 4.45,
        "special": 4,
        "unitPrice": "$2.50 / 100G"
    },
    {
        "category": "specials",
        "href": "https://www.woolworths.com.au/shop/productdetails/782524/inspire-cookware-pizza-tray",
        "imgName": "782524.jpg",
        "imgSrc": "https://cdn0.woolworths.media/content/wowproductimages/medium/782524.jpg",
        "name": "Inspire Cookware Pizza Tray 29cm each",
        "price": 6,
        "special": 4.2
    },
    {
        "category": "specials",
        "href": "https://www.woolworths.com.au/shop/productdetails/799320/dove-nutritive-solutions-conditioner-intensive-repair",
        "imgName": "799320.jpg",
        "imgSrc": "https://cdn0.woolworths.media/content/wowproductimages/medium/799320.jpg",
        "name": "Dove Nutritive Solutions Conditioner Intensive Repair 320ml",
        "price": 7,
        "special": 3.5,
        "unitPrice": "$1.09 / 100ML"
    },
    {
        "category": "specials",
        "href": "https://www.woolworths.com.au/shop/productdetails/784323/whiskas-adult-cat-food-with-beef",
        "imgName": "784323.jpg",
        "imgSrc": "https://cdn0.woolworths.media/content/wowproductimages/medium/784323.jpg",
        "name": "Whiskas Adult Cat Food With Beef 12pk",
        "price": 7,
        "unitPrice": "$0.69 / 100G"
    },
    {
        "category": "specials",
        "href": "https://www.woolworths.com.au/shop/productdetails/828800/continental-value-pack-pasta-sauce-stroganoff",
        "imgName": "828800.jpg",
        "imgSrc": "https://cdn0.woolworths.media/content/wowproductimages/medium/828800.jpg",
        "name": "Continental Value Pack Pasta & Sauce Stroganoff 150g",
        "price": 2.99,
        "unitPrice": "$1.99 / 100G"
    },
    {
        "category": "specials",
        "href": "https://www.woolworths.com.au/shop/productdetails/847918/whiskas-chicken-flavour-in-gravy",
        "imgName": "847918.jpg",
        "imgSrc": "https://cdn0.woolworths.media/content/wowproductimages/medium/847918.jpg",
        "name": "Whiskas Chicken Flavour In Gravy  3x85g",
        "price": 2,
        "unitPrice": "$0.78 / 100G"
    },
    {
        "category": "specials",
        "href": "https://www.woolworths.com.au/shop/productdetails/868715/mud-pressed-powder-002-beige",
        "imgName": "868715.jpg",
        "imgSrc": "https://cdn0.woolworths.media/content/wowproductimages/medium/868715.jpg",
        "name": "Mud Pressed Powder 002 Beige 5g",
        "price": 4.5,
        "unitPrice": "$9.00 / 10G"
    },
    {
        "category": "specials",
        "href": "https://www.woolworths.com.au/shop/productdetails/954527/tuckers-natural-gourmet-bites-rosemary-rock-salt",
        "imgName": "954527.jpg",
        "imgSrc": "https://cdn0.woolworths.media/content/wowproductimages/medium/954527.jpg",
        "name": "Tuckers Natural Gourmet Bites Rosemary Rock Salt 115g",
        "price": 4,
        "special": 2.5,
        "unitPrice": "$2.17 / 100G"
    },
    {
        "category": "specials",
        "href": "https://www.woolworths.com.au/shop/productdetails/955270/yoplait-petit-miam-vanilla",
        "imgName": "955270.jpg",
        "imgSrc": "https://cdn0.woolworths.media/content/wowproductimages/medium/955270.jpg",
        "name": "Yoplait Petit Miam Vanilla 70g",
        "price": 1,
        "unitPrice": "$1.43 / 100G"
    },
    {
        "category": "specials",
        "href": "https://www.woolworths.com.au/shop/productdetails/957612/select-lamingtons-6pk",
        "imgName": "957612.jpg",
        "imgSrc": "https://cdn0.woolworths.media/content/wowproductimages/medium/957612.jpg",
        "name": "Select Lamingtons 6pk 300g",
        "price": 2.5,
        "unitPrice": "$0.83 / 100G"
    },
    {
        "category": "specials",
        "href": "https://www.woolworths.com.au/shop/productdetails/829318/espressotoria-vittoria-coffee-espresso-coffee-capsules",
        "imgName": "829318.jpg",
        "imgSrc": "https://cdn0.woolworths.media/content/wowproductimages/medium/829318.jpg",
        "name": "Espressotoria Vittoria Coffee Espresso Coffee Capsules 12pk",
        "price": 8.4,
        "special": 4.2,
        "unitPrice": "$0.35 / 1EA"
    },
    {
        "category": "specials",
        "href": "https://www.woolworths.com.au/shop/productdetails/790809/maybelline-matte-maker-powder-30-natural-beige",
        "imgName": "790809.jpg",
        "imgSrc": "https://cdn0.woolworths.media/content/wowproductimages/medium/790809.jpg",
        "name": "Maybelline Matte Maker Powder 30 Natural Beige 16g",
        "price": 11.95,
        "special": 8.35
    },
    {
        "category": "specials",
        "href": "https://www.woolworths.com.au/shop/productdetails/841751/birch-waite-seafood-sauce-creamy-cocktail",
        "imgName": "841751.jpg",
        "imgSrc": "https://cdn0.woolworths.media/content/wowproductimages/medium/841751.jpg",
        "name": "Birch & Waite Seafood Sauce Creamy Cocktail 250ml"
    },
    {
        "category": "specials",
        "href": "https://www.woolworths.com.au/shop/productdetails/797884/applaws-cat-food-tuna-fillet-tins",
        "imgName": "797884.jpg",
        "imgSrc": "https://cdn0.woolworths.media/content/wowproductimages/medium/797884.jpg",
        "name": "Applaws Cat Food Tuna Fillet Tins 70g",
        "price": 1.85,
        "special": 1.5,
        "unitPrice": "$2.14 / 100G"
    },
    {
        "category": "specials",
        "href": "https://www.woolworths.com.au/shop/productdetails/826700/doritos-share-pack-nacho-cheese",
        "imgName": "826700.jpg",
        "imgSrc": "https://cdn0.woolworths.media/content/wowproductimages/medium/826700.jpg",
        "name": "Doritos Share Pack Nacho Cheese 170g",
        "price": 3.29,
        "special": 2.5,
        "unitPrice": "$1.47 / 100G"
    },
    {
        "category": "specials",
        "href": "https://www.woolworths.com.au/shop/productdetails/939282/smooze-mango-coconut",
        "imgName": "939282.jpg",
        "imgSrc": "https://cdn0.woolworths.media/content/wowproductimages/medium/939282.jpg",
        "name": "Smooze Mango & Coconut  8x65ml",
        "price": 6,
        "unitPrice": "$1.15 / 100ML"
    },
    {
        "category": "specials",
        "href": "https://www.woolworths.com.au/shop/productdetails/915831/jose-cuervo-especial-silver-tequila",
        "imgName": "915831.jpg",
        "imgSrc": "https://cdn0.woolworths.media/content/wowproductimages/medium/915831.jpg",
        "name": "Jose Cuervo Especial Silver Tequila 700ml",
        "price": 50,
        "special": 40
    },
    {
        "category": "specials",
        "href": "https://www.woolworths.com.au/shop/productdetails/792010/woolworths-essentials-cup-paper",
        "imgName": "792010.jpg",
        "imgSrc": "https://cdn0.woolworths.media/content/wowproductimages/medium/792010.jpg",
        "name": "Woolworths Essentials Cup Paper 25pk",
        "price": 3,
        "unitPrice": "$0.12 / 1EA"
    },
    {
        "category": "specials",
        "href": "https://www.woolworths.com.au/shop/productdetails/893149/nivea-men-active-clean-shower-gel",
        "imgName": "893149.jpg",
        "imgSrc": "https://cdn0.woolworths.media/content/wowproductimages/medium/893149.jpg",
        "name": "Nivea Men Active Clean Shower Gel 500ml",
        "price": 6,
        "unitPrice": "$1.20 / 100ML"
    },
    {
        "category": "specials",
        "href": "https://www.woolworths.com.au/shop/productdetails/886762/woolworths-delicious-nutritious-meals-chicken-pesto-pasta",
        "imgName": "886762.jpg",
        "imgSrc": "https://cdn0.woolworths.media/content/wowproductimages/medium/886762.jpg",
        "name": "Woolworths Delicious Nutritious Meals Chicken Pesto Pasta 390g",
        "price": 6.5,
        "unitPrice": "$1.67 / 100G"
    },
    {
        "category": "specials",
        "href": "https://www.woolworths.com.au/shop/productdetails/841512/rexona-women-antiperspirant-roll-on-deodorant-hypoallergenic",
        "imgName": "841512.jpg",
        "imgSrc": "https://cdn0.woolworths.media/content/wowproductimages/medium/841512.jpg",
        "name": "Rexona Women Antiperspirant Roll On Deodorant Hypoallergenic 50ml",
        "price": 4,
        "special": 3,
        "unitPrice": "$6.00 / 100ML"
    },
    {
        "category": "specials",
        "href": "https://www.woolworths.com.au/shop/productdetails/881352/bonds-mens-work-crew-socks-size-6-",
        "imgName": "881352.jpg",
        "imgSrc": "https://cdn0.woolworths.media/content/wowproductimages/medium/881352.jpg",
        "name": "Bonds Mens Work Crew Socks Size 6+ 3pk",
        "price": 16,
        "special": 8
    },
    {
        "category": "specials",
        "href": "https://www.woolworths.com.au/shop/productdetails/828718/bonds-comfy-tops-sheer-tights-nude-lge",
        "imgName": "828718.jpg",
        "imgSrc": "https://cdn0.woolworths.media/content/wowproductimages/medium/828718.jpg",
        "name": "Bonds Comfy Tops Sheer Tights Nude Lge each",
        "price": 8,
        "special": 4
    },
    {
        "category": "specials",
        "href": "https://www.woolworths.com.au/shop/productdetails/961134/little-one-s-baby-wipes-unscented",
        "imgName": "961134.jpg",
        "imgSrc": "https://cdn0.woolworths.media/content/wowproductimages/medium/961134.jpg",
        "name": "Little One's Baby Wipes Unscented 480pk",
        "price": 10,
        "unitPrice": "$2.08 / 100EA"
    },
    {
        "category": "specials",
        "href": "https://www.woolworths.com.au/shop/productdetails/830183/cadbury-breakaway-milk-chocolate-biscuit",
        "imgName": "830183.jpg",
        "imgSrc": "https://cdn0.woolworths.media/content/wowproductimages/medium/830183.jpg",
        "name": "Cadbury Breakaway Milk Chocolate Biscuit 180g",
        "price": 4,
        "special": 3,
        "unitPrice": "$1.67 / 100G"
    },
    {
        "category": "specials",
        "href": "https://www.woolworths.com.au/shop/productdetails/921670/woolworths-selet-choc-chip-banana-loaf",
        "imgName": "921670.jpg",
        "imgSrc": "https://cdn0.woolworths.media/content/wowproductimages/medium/921670.jpg",
        "name": "Woolworths Selet Choc Chip Banana Loaf  550g",
        "price": 4.5,
        "unitPrice": "$0.82 / 100G"
    },
    {
        "category": "specials",
        "href": "https://www.woolworths.com.au/shop/productdetails/944105/somerdale-truffle-cheddar",
        "imgName": "944105.jpg",
        "imgSrc": "https://cdn0.woolworths.media/content/wowproductimages/medium/944105.jpg",
        "name": "Somerdale Truffle Cheddar  190g",
        "price": 9.99,
        "special": 8,
        "unitPrice": "$42.11 / 1KG"
    },
    {
        "category": "specials",
        "href": "https://www.woolworths.com.au/shop/productdetails/923929/my-dog-adult-dog-food-tender-chicken-fillet-in-gravy",
        "imgName": "923929.jpg",
        "imgSrc": "https://cdn0.woolworths.media/content/wowproductimages/medium/923929.jpg",
        "name": "My Dog Adult Dog Food Tender Chicken Fillet In Gravy 6x100g",
        "price": 7.3,
        "special": 5.5,
        "unitPrice": "$0.92 / 100G"
    },
    {
        "category": "specials",
        "href": "https://www.woolworths.com.au/shop/productdetails/64737/coopers-sparkling-ale-stubbies",
        "imgName": "064737.jpg",
        "imgSrc": "https://cdn0.woolworths.media/content/wowproductimages/medium/064737.jpg",
        "name": "Coopers Sparkling Ale Stubbies 6x375ml pack",
        "price": 22.3,
        "special": 21
    },
    {
        "category": "specials",
        "href": "https://www.woolworths.com.au/shop/productdetails/642918/somersby-pear-cider-bottles",
        "imgName": "642918.jpg",
        "imgSrc": "https://cdn0.woolworths.media/content/wowproductimages/medium/642918.jpg",
        "name": "Somersby Pear Cider Bottles 24x330ml case",
        "price": 50,
        "special": 50
    },
    {
        "category": "specials",
        "href": "https://www.woolworths.com.au/shop/productdetails/730996/twisted-frozen-yoghurt-original-tart",
        "imgName": "730996.jpg",
        "imgSrc": "https://cdn0.woolworths.media/content/wowproductimages/medium/730996.jpg",
        "name": "Twisted Frozen Yoghurt Original Tart 450ml tub",
        "price": 6.99,
        "unitPrice": "$1.46 / 100ML"
    },
    {
        "category": "specials",
        "href": "https://www.woolworths.com.au/shop/productdetails/269417/woolworths-bbq-foil-tray-large",
        "imgName": "269417.jpg",
        "imgSrc": "https://cdn0.woolworths.media/content/wowproductimages/medium/269417.jpg",
        "name": "Woolworths Bbq Foil Tray Large 2pk",
        "price": 5,
        "special": 4,
        "unitPrice": "$2.00 / 1EA"
    },
    {
        "category": "specials",
        "href": "https://www.woolworths.com.au/shop/productdetails/333679/chapoutier-imported-cote-du-rhone",
        "imgName": "333679.jpg",
        "imgSrc": "https://cdn0.woolworths.media/content/wowproductimages/medium/333679.jpg",
        "name": "Chapoutier Imported Cote Du Rhone 750ml",
        "price": 21,
        "special": 16
    },
    {
        "category": "specials",
        "href": "https://www.woolworths.com.au/shop/productdetails/575574/woolworths-cheese-ham-croquettes",
        "imgName": "575574.jpg",
        "imgSrc": "https://cdn0.woolworths.media/content/wowproductimages/medium/575574.jpg",
        "name": "Woolworths Cheese & Ham Croquettes 8pk 300g",
        "price": 5,
        "special": 4,
        "unitPrice": "$1.33 / 100G"
    },
    {
        "category": "specials",
        "href": "https://www.woolworths.com.au/shop/productdetails/662936/buderim-ginger-beer-apple",
        "imgName": "662936.jpg",
        "imgSrc": "https://cdn0.woolworths.media/content/wowproductimages/medium/662936.jpg",
        "name": "Buderim Ginger Beer Apple 4x330ml",
        "price": 5.9,
        "special": 4.6,
        "unitPrice": "$3.48 / 1L"
    },
    {
        "category": "specials",
        "href": "https://www.woolworths.com.au/shop/productdetails/777769/forester-estate-sauvignon-blanc",
        "imgName": "777769.jpg",
        "imgSrc": "https://cdn0.woolworths.media/content/wowproductimages/medium/777769.jpg",
        "name": "Forester Estate Sauvignon Blanc  750ml",
        "price": 28,
        "special": 25
    },
    {
        "category": "specials",
        "href": "https://www.woolworths.com.au/shop/productdetails/179840/twinings-traditional-afternoon-tea-bags",
        "imgName": "179840.jpg",
        "imgSrc": "https://cdn0.woolworths.media/content/wowproductimages/medium/179840.jpg",
        "name": "Twinings Traditional Afternoon Tea Bags 100pk 200g",
        "price": 11,
        "special": 7,
        "unitPrice": "$3.50 / 100G"
    },
    {
        "category": "specials",
        "href": "https://www.woolworths.com.au/shop/productdetails/347683/heinz-big-eat-peppered-steak-onion",
        "imgName": "347683.jpg",
        "imgSrc": "https://cdn0.woolworths.media/content/wowproductimages/medium/347683.jpg",
        "name": "Heinz Big Eat Peppered Steak & Onion 410g",
        "price": 2.5,
        "unitPrice": "$6.10 / 1KG"
    },
    {
        "category": "specials",
        "href": "https://www.woolworths.com.au/shop/productdetails/522639/heinz-american-mustard",
        "imgName": "522639.jpg",
        "imgSrc": "https://cdn0.woolworths.media/content/wowproductimages/medium/522639.jpg",
        "name": "Heinz American Mustard  220ml",
        "price": 2.75,
        "special": 2,
        "unitPrice": "$0.91 / 100ML"
    },
    {
        "category": "specials",
        "href": "https://www.woolworths.com.au/shop/productdetails/96995/woolworths-australian-green-banana-prawns-large-frozen",
        "imgName": "096995.jpg",
        "imgSrc": "https://cdn0.woolworths.media/content/wowproductimages/medium/096995.jpg",
        "name": "Woolworths Australian Green Banana Prawns Large Frozen per kg",
        "price": 23,
        "special": 20,
        "unitPrice": "$20.00 / 1KG"
    },
    {
        "category": "specials",
        "href": "https://www.woolworths.com.au/shop/productdetails/48070/cracker-barrel-extra-sharp-cheese",
        "imgName": "048070.jpg",
        "imgSrc": "https://cdn0.woolworths.media/content/wowproductimages/medium/048070.jpg",
        "name": "Cracker Barrel Extra Sharp Cheese 250g",
        "price": 6.5,
        "special": 4.5,
        "unitPrice": "$18.00 / 1KG"
    },
    {
        "category": "specials",
        "href": "https://www.woolworths.com.au/shop/productdetails/612815/greens-cookies-thins-choc",
        "imgName": "612815.jpg",
        "imgSrc": "https://cdn0.woolworths.media/content/wowproductimages/medium/612815.jpg",
        "name": "Greens Cookies Thins Choc  190g",
        "price": 3,
        "unitPrice": "$1.58 / 100G"
    },
    {
        "category": "specials",
        "href": "https://www.woolworths.com.au/shop/productdetails/741717/lemnos-reduced-fat-fetta-cheese",
        "imgName": "741717.jpg",
        "imgSrc": "https://cdn0.woolworths.media/content/wowproductimages/medium/741717.jpg",
        "name": "Lemnos Reduced Fat Fetta Cheese 200g",
        "price": 4.75,
        "special": 4.2,
        "unitPrice": "$21.00 / 1KG"
    },
    {
        "category": "specials",
        "href": "https://www.woolworths.com.au/shop/productdetails/662885/buderim-ginger-beer",
        "imgName": "662885.jpg",
        "imgSrc": "https://cdn0.woolworths.media/content/wowproductimages/medium/662885.jpg",
        "name": "Buderim Ginger Beer  4x330ml",
        "price": 5.9,
        "special": 4.6,
        "unitPrice": "$3.48 / 1L"
    },
    {
        "category": "specials",
        "href": "https://www.woolworths.com.au/shop/productdetails/642035/blackmores-multivit-essentials-tabs",
        "imgName": "642035.jpg",
        "imgSrc": "https://cdn0.woolworths.media/content/wowproductimages/medium/642035.jpg",
        "name": "Blackmores Multivit Essentials Tabs 50pk",
        "price": 10,
        "unitPrice": "$20.00 / 100EA"
    },
    {
        "category": "specials",
        "href": "https://www.woolworths.com.au/shop/productdetails/860761/heinz-creationz-spanish-style-beanz",
        "imgName": "860761.jpg",
        "imgSrc": "https://cdn0.woolworths.media/content/wowproductimages/medium/860761.jpg",
        "name": "Heinz Creationz Spanish Style Beanz 420g",
        "price": 2.5,
        "special": 2,
        "unitPrice": "$0.48 / 100G"
    },
    {
        "category": "specials",
        "href": "https://www.woolworths.com.au/shop/productdetails/235198/ardmona-tomatoes-whole-peeled",
        "imgName": "235198.jpg",
        "imgSrc": "https://cdn0.woolworths.media/content/wowproductimages/medium/235198.jpg",
        "name": "Ardmona Tomatoes Whole Peeled 400g",
        "price": 1.4,
        "unitPrice": "$3.50 / 1KG"
    },
    {
        "category": "specials",
        "href": "https://www.woolworths.com.au/shop/productdetails/331588/macro-organic-corn-chips-cheese",
        "imgName": "331588.jpg",
        "imgSrc": "https://cdn0.woolworths.media/content/wowproductimages/medium/331588.jpg",
        "name": "Macro Organic Corn Chips Cheese 200g",
        "price": 2.5,
        "unitPrice": "$1.25 / 100G"
    },
    {
        "category": "specials",
        "href": "https://www.woolworths.com.au/shop/productdetails/758434/marcalan-nipple-cream",
        "imgName": "758434.jpg",
        "imgSrc": "https://cdn0.woolworths.media/content/wowproductimages/medium/758434.jpg",
        "name": "Marcalan Nipple Cream  50g",
        "price": 11.99,
        "unitPrice": "$23.98 / 100G"
    },
    {
        "category": "specials",
        "href": "https://www.woolworths.com.au/shop/productdetails/34967/stonier-chardonnay",
        "imgName": "034967.jpg",
        "imgSrc": "https://cdn0.woolworths.media/content/wowproductimages/medium/034967.jpg",
        "name": "Stonier Chardonnay  750ml",
        "price": 29,
        "special": 24
    },
    {
        "category": "specials",
        "href": "https://www.woolworths.com.au/shop/productdetails/251036/mckenzie-s-coconut-moist-flakes",
        "imgName": "251036.jpg",
        "imgSrc": "https://cdn0.woolworths.media/content/wowproductimages/medium/251036.jpg",
        "name": "Mckenzie's Coconut Moist Flakes 225g",
        "price": 3.3,
        "special": 3,
        "unitPrice": "$13.33 / 1KG"
    },
    {
        "category": "specials",
        "href": "https://www.woolworths.com.au/shop/productdetails/608605/nudie-nothing-but-mixed-berry-coconut-water",
        "imgName": "608605.jpg",
        "imgSrc": "https://cdn0.woolworths.media/content/wowproductimages/medium/608605.jpg",
        "name": "Nudie Nothing But Mixed Berry & Coconut Water 1.5l",
        "price": 7,
        "special": 6,
        "unitPrice": "$4.00 / 1L"
    },
    {
        "category": "specials",
        "href": "https://www.woolworths.com.au/shop/productdetails/505609/woolworths-semi-dried-tomatoes-herbs-prepacked",
        "imgName": "505609.jpg",
        "imgSrc": "https://cdn0.woolworths.media/content/wowproductimages/medium/505609.jpg",
        "name": "Woolworths Semi Dried Tomatoes & Herbs Prepacked 180g",
        "price": 3.5,
        "special": 3,
        "unitPrice": "$1.67 / 100G"
    },
    {
        "category": "specials",
        "href": "https://www.woolworths.com.au/shop/productdetails/32901/masterfoods-mustard-australian",
        "imgName": "032901.jpg",
        "imgSrc": "https://cdn0.woolworths.media/content/wowproductimages/medium/032901.jpg",
        "name": "Masterfoods Mustard Australian 175g",
        "price": 3,
        "special": 2.5,
        "unitPrice": "$1.43 / 100G"
    },
    {
        "category": "specials",
        "href": "https://www.woolworths.com.au/shop/productdetails/145667/anzac-biscuit-family",
        "imgName": "145667.jpg",
        "imgSrc": "https://cdn0.woolworths.media/content/wowproductimages/medium/145667.jpg",
        "name": "Anzac Biscuit Family 24pk 575g",
        "price": 5,
        "unitPrice": "$0.21 / 1EA"
    },
    {
        "category": "specials",
        "href": "https://www.woolworths.com.au/shop/productdetails/784123/goulburn-valley-peach-sliced-in-juice",
        "imgName": "784123.jpg",
        "imgSrc": "https://cdn0.woolworths.media/content/wowproductimages/medium/784123.jpg",
        "name": "Goulburn Valley Peach Sliced In Juice 700g",
        "price": 3.7,
        "unitPrice": "$5.29 / 1KG"
    },
    {
        "category": "specials",
        "href": "https://www.woolworths.com.au/shop/productdetails/257569/schick-mens-razor-exacta-2-disposable-sensitive",
        "imgName": "257569.jpg",
        "imgSrc": "https://cdn0.woolworths.media/content/wowproductimages/medium/257569.jpg",
        "name": "Schick Mens Razor Exacta 2 Disposable Sensitive 18pk",
        "price": 11.5,
        "special": 9,
        "unitPrice": "$0.50 / 1EA"
    },
    {
        "category": "specials",
        "href": "https://www.woolworths.com.au/shop/productdetails/49709/masterfoods-mustard-dijon-original",
        "imgName": "049709.jpg",
        "imgSrc": "https://cdn0.woolworths.media/content/wowproductimages/medium/049709.jpg",
        "name": "Masterfoods Mustard Dijon Original 170g",
        "price": 3,
        "special": 2.5,
        "unitPrice": "$1.47 / 100G"
    },
    {
        "category": "specials",
        "href": "https://www.woolworths.com.au/shop/productdetails/526840/frey-dark-chocolate-block-69-",
        "imgName": "526840.jpg",
        "imgSrc": "https://cdn0.woolworths.media/content/wowproductimages/medium/526840.jpg",
        "name": "Frey Dark Chocolate Block 69% 100g",
        "price": 2.5,
        "unitPrice": "$2.50 / 100G"
    },
    {
        "category": "specials",
        "href": "https://www.woolworths.com.au/shop/productdetails/748932/woolworths-mild-american-mustard",
        "imgName": "748932.jpg",
        "imgSrc": "https://cdn0.woolworths.media/content/wowproductimages/medium/748932.jpg",
        "name": "Woolworths Mild American Mustard 250g",
        "price": 2,
        "unitPrice": "$0.80 / 100G"
    },
    {
        "category": "specials",
        "href": "https://www.woolworths.com.au/shop/productdetails/92953/pace-farm-free-range-eggs-natural-living",
        "imgName": "092953.jpg",
        "imgSrc": "https://cdn0.woolworths.media/content/wowproductimages/medium/092953.jpg",
        "name": "Pace Farm Free Range Eggs Natural Living 12pk 700g",
        "price": 6.5,
        "special": 6,
        "unitPrice": "$0.86 / 100G"
    },
    {
        "category": "specials",
        "href": "https://www.woolworths.com.au/shop/productdetails/371258/john-boston-pale-ale-bottles",
        "imgName": "371258.jpg",
        "imgSrc": "https://cdn0.woolworths.media/content/wowproductimages/medium/371258.jpg",
        "name": "John Boston Pale Ale Bottles 24x330ml case",
        "price": 55,
        "special": 51
    },
    {
        "category": "specials",
        "href": "https://www.woolworths.com.au/shop/productdetails/140784/captains-table-water-cracker",
        "imgName": "140784.jpg",
        "imgSrc": "https://cdn0.woolworths.media/content/wowproductimages/medium/140784.jpg",
        "name": "Captains Table Water Cracker  125g",
        "price": 1.8,
        "special": 1.5,
        "unitPrice": "$1.20 / 100G"
    },
    {
        "category": "specials",
        "href": "https://www.woolworths.com.au/shop/productdetails/67824/ocean-spray-fruit-sauce-cranberry-jellied",
        "imgName": "067824.jpg",
        "imgSrc": "https://cdn0.woolworths.media/content/wowproductimages/medium/067824.jpg",
        "name": "Ocean Spray Fruit Sauce Cranberry Jellied 275g",
        "price": 3.6,
        "special": 2.8,
        "unitPrice": "$1.02 / 100G"
    },
    {
        "category": "specials",
        "href": "https://www.woolworths.com.au/shop/productdetails/599739/inspire-white-cereal-bowl",
        "imgName": "599739.jpg",
        "imgSrc": "https://cdn0.woolworths.media/content/wowproductimages/medium/599739.jpg",
        "name": "Inspire White Cereal Bowl  1ea",
        "price": 4,
        "special": 3
    },
    {
        "category": "specials",
        "href": "https://www.woolworths.com.au/shop/productdetails/599430/inspire-white-dinner-plate",
        "imgName": "599430.jpg",
        "imgSrc": "https://cdn0.woolworths.media/content/wowproductimages/medium/599430.jpg",
        "name": "Inspire White Dinner Plate  1ea",
        "price": 6.5,
        "special": 5
    },
    {
        "category": "specials",
        "href": "https://www.woolworths.com.au/shop/productdetails/96162/sol-lager-beer-stubbies",
        "imgName": "096162.jpg",
        "imgSrc": "https://cdn0.woolworths.media/content/wowproductimages/medium/096162.jpg",
        "name": "Sol Lager Beer Stubbies 24x330ml case",
        "price": 50,
        "special": 43
    },
    {
        "category": "specials",
        "href": "https://www.woolworths.com.au/shop/productdetails/90248/jim-beam-white-label-bourbon",
        "imgName": "090248.jpg",
        "imgSrc": "https://cdn0.woolworths.media/content/wowproductimages/medium/090248.jpg",
        "name": "Jim Beam White Label Bourbon  700ml",
        "price": 43,
        "special": 38
    },
    {
        "category": "specials",
        "href": "https://www.woolworths.com.au/shop/productdetails/892843/jergens-skin-firming-moisturiser",
        "imgName": "892843.jpg",
        "imgSrc": "https://cdn0.woolworths.media/content/wowproductimages/medium/892843.jpg",
        "name": "Jergens Skin Firming Moisturiser  400ml",
        "price": 8.99,
        "special": 6.29,
        "unitPrice": "$1.57 / 100ML"
    },
    {
        "category": "specials",
        "href": "https://www.woolworths.com.au/shop/productdetails/876694/franklin-tate-traditional-chardonnay",
        "imgName": "876694.jpg",
        "imgSrc": "https://cdn0.woolworths.media/content/wowproductimages/medium/876694.jpg",
        "name": "Franklin Tate Traditional Chardonnay  750ml",
        "price": 24,
        "special": 19
    },
    {
        "category": "specials",
        "href": "https://www.woolworths.com.au/shop/productdetails/248982/colgate-total-toothpaste-mint-stripe",
        "imgName": "248982.jpg",
        "imgSrc": "https://cdn0.woolworths.media/content/wowproductimages/medium/248982.jpg",
        "name": "Colgate Total Toothpaste Mint Stripe 110g",
        "price": 3.5,
        "special": 3,
        "unitPrice": "$2.73 / 100G"
    },
    {
        "category": "specials",
        "href": "https://www.woolworths.com.au/shop/productdetails/77980/tiger-asian-lager-bottles",
        "imgName": "077980.jpg",
        "imgSrc": "https://cdn0.woolworths.media/content/wowproductimages/medium/077980.jpg",
        "name": "Tiger Asian Lager Bottles 6x330ml pack",
        "price": 20.8,
        "special": 16
    },
    {
        "category": "specials",
        "href": "https://www.woolworths.com.au/shop/productdetails/36056/arnott-s-country-cheese",
        "imgName": "036056.jpg",
        "imgSrc": "https://cdn0.woolworths.media/content/wowproductimages/medium/036056.jpg",
        "name": "Arnott's Country Cheese  250g",
        "price": 3.8,
        "special": 3,
        "unitPrice": "$1.20 / 100G"
    },
    {
        "category": "specials",
        "href": "https://www.woolworths.com.au/shop/productdetails/312799/south-cape-onion-chives-cream-cheese",
        "imgName": "312799.jpg",
        "imgSrc": "https://cdn0.woolworths.media/content/wowproductimages/medium/312799.jpg",
        "name": "South Cape Onion & Chives Cream Cheese 200g",
        "price": 4.29,
        "special": 3.5,
        "unitPrice": "$17.50 / 1KG"
    },
    {
        "category": "specials",
        "href": "https://www.woolworths.com.au/shop/productdetails/35462/three-threes-gherkins-sweet-spiced",
        "imgName": "035462.jpg",
        "imgSrc": "https://cdn0.woolworths.media/content/wowproductimages/medium/035462.jpg",
        "name": "Three Threes Gherkins Sweet Spiced 540g",
        "price": 2.9,
        "special": 2.6,
        "unitPrice": "$4.81 / 1KG"
    },
    {
        "category": "specials",
        "href": "https://www.woolworths.com.au/shop/productdetails/518186/easiyo-greek-style-yogurt-base-raspberry-lemon",
        "imgName": "518186.jpg",
        "imgSrc": "https://cdn0.woolworths.media/content/wowproductimages/medium/518186.jpg",
        "name": "Easiyo Greek Style Yogurt Base Raspberry & Lemon 230g",
        "price": 4.5,
        "unitPrice": "$1.96 / 100G"
    },
    {
        "category": "specials",
        "href": "https://www.woolworths.com.au/shop/productdetails/696803/cruiser-vodka-sugar-free-mixed-berry",
        "imgName": "696803.jpg",
        "imgSrc": "https://cdn0.woolworths.media/content/wowproductimages/medium/696803.jpg",
        "name": "Cruiser Vodka Sugar Free Mixed Berry 24x275ml",
        "price": 81,
        "special": 67
    },
    {
        "category": "specials",
        "href": "https://www.woolworths.com.au/shop/productdetails/792514/palmer-s-facial-night-cream-night-cream",
        "imgName": "792514.jpg",
        "imgSrc": "https://cdn0.woolworths.media/content/wowproductimages/medium/792514.jpg",
        "name": "Palmer's Facial Night Cream Night Cream 75g",
        "price": 14.99,
        "special": 8.99,
        "unitPrice": "$11.99 / 100G"
    },
    {
        "category": "specials",
        "href": "https://www.woolworths.com.au/shop/productdetails/346206/woolworths-select-dressings-ranch",
        "imgName": "346206.jpg",
        "imgSrc": "https://cdn0.woolworths.media/content/wowproductimages/medium/346206.jpg",
        "name": "Woolworths Select Dressings Ranch 300ml",
        "price": 1.8,
        "unitPrice": "$0.60 / 100ML"
    },
    {
        "category": "specials",
        "href": "https://www.woolworths.com.au/shop/productdetails/246611/woolworths-select-cooking-chocolate-milk",
        "imgName": "246611.jpg",
        "imgSrc": "https://cdn0.woolworths.media/content/wowproductimages/medium/246611.jpg",
        "name": "Woolworths Select Cooking Chocolate Milk 200g",
        "price": 2.5,
        "unitPrice": "$1.25 / 100G"
    },
    {
        "category": "specials",
        "href": "https://www.woolworths.com.au/shop/productdetails/34222/finish-dishwashing-rinse-aid-regular",
        "imgName": "034222.jpg",
        "imgSrc": "https://cdn0.woolworths.media/content/wowproductimages/medium/034222.jpg",
        "name": "Finish Dishwashing Rinse Aid Regular 250ml",
        "price": 4.5,
        "unitPrice": "$1.80 / 100ML"
    },
    {
        "category": "specials",
        "href": "https://www.woolworths.com.au/shop/productdetails/757718/betty-crocker-creamy-deluxe-strawberry-frosting",
        "imgName": "757718.jpg",
        "imgSrc": "https://cdn0.woolworths.media/content/wowproductimages/medium/757718.jpg",
        "name": "Betty Crocker Creamy Deluxe Strawberry Frosting 450g",
        "price": 4,
        "unitPrice": "$0.89 / 100G"
    },
    {
        "category": "specials",
        "href": "https://www.woolworths.com.au/shop/productdetails/91543/wild-turkey-bourbon-dry-bottles",
        "imgName": "091543.jpg",
        "imgSrc": "https://cdn0.woolworths.media/content/wowproductimages/medium/091543.jpg",
        "name": "Wild Turkey Bourbon & Dry Bottles 4x340ml",
        "price": 19,
        "special": 17
    },
    {
        "category": "specials",
        "href": "https://www.woolworths.com.au/shop/productdetails/175734/d-orsogna-ham-shaved-leg-triple-smoked-97-ff",
        "imgName": "175734.jpg",
        "imgSrc": "https://cdn0.woolworths.media/content/wowproductimages/medium/175734.jpg",
        "name": "D'orsogna Ham Shaved Leg Triple Smoked 97%ff per kg",
        "price": 21,
        "special": 17,
        "unitPrice": "$17.00 / 1KG"
    },
    {
        "category": "specials",
        "href": "https://www.woolworths.com.au/shop/productdetails/600187/schwarzkopf-live-salon-gloss-cappuccino-brown-5-36",
        "imgName": "600187.jpg",
        "imgSrc": "https://cdn0.woolworths.media/content/wowproductimages/medium/600187.jpg",
        "name": "Schwarzkopf Live Salon Gloss Cappuccino Brown 5.36 each",
        "price": 14,
        "special": 8.4
    },
    {
        "category": "specials",
        "href": "https://www.woolworths.com.au/shop/productdetails/312062/tena-liners-extra-long",
        "imgName": "312062.jpg",
        "imgSrc": "https://cdn0.woolworths.media/content/wowproductimages/medium/312062.jpg",
        "name": "Tena Liners Extra Long 24pk",
        "price": 5,
        "unitPrice": "$0.21 / 1EA"
    },
    {
        "category": "specials",
        "href": "https://www.woolworths.com.au/shop/productdetails/753172/woolworths-pear-sliced-in-juice-australian",
        "imgName": "753172.jpg",
        "imgSrc": "https://cdn0.woolworths.media/content/wowproductimages/medium/753172.jpg",
        "name": "Woolworths Pear Sliced In Juice Australian 410g",
        "price": 2,
        "unitPrice": "$4.88 / 1KG"
    },
    {
        "category": "specials",
        "href": "https://www.woolworths.com.au/shop/productdetails/39799/plumrose-premium-frankfurts",
        "imgName": "039799.jpg",
        "imgSrc": "https://cdn0.woolworths.media/content/wowproductimages/medium/039799.jpg",
        "name": "Plumrose Premium Frankfurts 400g",
        "price": 4.2,
        "special": 3,
        "unitPrice": "$7.50 / 1KG"
    },
    {
        "category": "specials",
        "href": "https://www.woolworths.com.au/shop/productdetails/7229/calidad-brother-printer-ink-lc-133-lc-131-black",
        "imgName": "007229.jpg",
        "imgSrc": "https://cdn0.woolworths.media/content/wowproductimages/medium/007229.jpg",
        "name": "Calidad Brother Printer Ink Lc-133 Lc-131 Black each",
        "price": 25
    },
    {
        "category": "specials",
        "href": "https://www.woolworths.com.au/shop/productdetails/533560/arnott-s-entertainers-crackers-poppy-sesame-seed-scoops",
        "imgName": "533560.jpg",
        "imgSrc": "https://cdn0.woolworths.media/content/wowproductimages/medium/533560.jpg",
        "name": "Arnott's Entertainers Crackers Poppy & Sesame Seed Scoops 150g",
        "price": 3.8,
        "special": 3,
        "unitPrice": "$2.00 / 100G"
    },
    {
        "category": "specials",
        "href": "https://www.woolworths.com.au/shop/productdetails/537596/fancy-feast-adult-dry-cat-food-lamb-shrimp-peas",
        "imgName": "537596.jpg",
        "imgSrc": "https://cdn0.woolworths.media/content/wowproductimages/medium/537596.jpg",
        "name": "Fancy Feast Adult Dry Cat Food Lamb Shrimp Peas 450g",
        "price": 5,
        "special": 4.5,
        "unitPrice": "$1.00 / 100G"
    },
    {
        "category": "specials",
        "href": "https://www.woolworths.com.au/shop/productdetails/946061/waterthins-fig-lavosh",
        "imgName": "946061.jpg",
        "imgSrc": "https://cdn0.woolworths.media/content/wowproductimages/medium/946061.jpg",
        "name": "Waterthins Fig Lavosh  110g",
        "price": 4,
        "special": 3,
        "unitPrice": "$2.73 / 100G"
    },
    {
        "category": "specials",
        "href": "https://www.woolworths.com.au/shop/productdetails/263669/wonder-white-bread-vitamins-minerals-sandwich",
        "imgName": "263669.jpg",
        "imgSrc": "https://cdn0.woolworths.media/content/wowproductimages/medium/263669.jpg",
        "name": "Wonder White Bread Vitamins & Minerals Sandwich 700g",
        "price": 3,
        "unitPrice": "$0.43 / 100G"
    },
    {
        "category": "specials",
        "href": "https://www.woolworths.com.au/shop/productdetails/370507/helga-s-bread-ancient-grains-with-quinoa",
        "imgName": "370507.jpg",
        "imgSrc": "https://cdn0.woolworths.media/content/wowproductimages/medium/370507.jpg",
        "name": "Helga's Bread Ancient Grains With Quinoa 700g",
        "price": 3.5,
        "unitPrice": "$0.50 / 100G"
    },
    {
        "category": "specials",
        "href": "https://www.woolworths.com.au/shop/productdetails/248148/white-wings-pancake-mix-buttermilk",
        "imgName": "248148.jpg",
        "imgSrc": "https://cdn0.woolworths.media/content/wowproductimages/medium/248148.jpg",
        "name": "White Wings Pancake Mix Buttermilk 325g",
        "price": 2.5,
        "unitPrice": "$0.77 / 100G"
    },
    {
        "category": "specials",
        "href": "https://www.woolworths.com.au/shop/productdetails/762603/maybelline-mascara-volume-express-mega-plush-blk",
        "imgName": "762603.jpg",
        "imgSrc": "https://cdn0.woolworths.media/content/wowproductimages/medium/762603.jpg",
        "name": "Maybelline Mascara Volume Express Mega Plush Blk each",
        "price": 19.99,
        "special": 13.95,
        "unitPrice": "$15.50 / 10ML"
    },
    {
        "category": "specials",
        "href": "https://www.woolworths.com.au/shop/productdetails/501762/woolworths-sesame-seeds",
        "imgName": "501762.jpg",
        "imgSrc": "https://cdn0.woolworths.media/content/wowproductimages/medium/501762.jpg",
        "name": "Woolworths Sesame Seeds  100g",
        "price": 1.6,
        "special": 1.4,
        "unitPrice": "$14.00 / 1KG"
    },
    {
        "category": "specials",
        "href": "https://www.woolworths.com.au/shop/productdetails/20057/carlsberg-green-lager-bottles",
        "imgName": "020057.jpg",
        "imgSrc": "https://cdn0.woolworths.media/content/wowproductimages/medium/020057.jpg",
        "name": "Carlsberg Green Lager Bottles 6x330ml pack",
        "price": 19.8,
        "special": 19
    },
    {
        "category": "specials",
        "href": "https://www.woolworths.com.au/shop/productdetails/433885/woolworths-country-loaf-white",
        "imgName": "433885.jpg",
        "imgSrc": "https://cdn0.woolworths.media/content/wowproductimages/medium/433885.jpg",
        "name": "Woolworths Country Loaf White 750g",
        "price": 2.5,
        "unitPrice": "$0.33 / 100G"
    },
    {
        "category": "specials",
        "href": "https://www.woolworths.com.au/shop/productdetails/95872/helga-s-grain-bread-mixed-grain",
        "imgName": "095872.jpg",
        "imgSrc": "https://cdn0.woolworths.media/content/wowproductimages/medium/095872.jpg",
        "name": "Helga's Grain Bread Mixed Grain 850g",
        "price": 3.5,
        "unitPrice": "$0.41 / 100G"
    },
    {
        "category": "specials",
        "href": "https://www.woolworths.com.au/shop/productdetails/573302/menissez-bake-at-home-multigrain-dinner-rolls",
        "imgName": "573302.jpg",
        "imgSrc": "https://cdn0.woolworths.media/content/wowproductimages/medium/573302.jpg",
        "name": "Menissez Bake At Home Multigrain Dinner Rolls 6pk",
        "price": 2,
        "unitPrice": "$0.33 / 1EA"
    },
    {
        "category": "specials",
        "href": "https://www.woolworths.com.au/shop/productdetails/222989/gravox-gravy-mix-roast-meat-red-wine-garlic",
        "imgName": "222989.jpg",
        "imgSrc": "https://cdn0.woolworths.media/content/wowproductimages/medium/222989.jpg",
        "name": "Gravox Gravy Mix Roast Meat Red Wine Garlic 165g",
        "price": 2,
        "unitPrice": "$1.21 / 100G"
    },
    {
        "category": "specials",
        "href": "https://www.woolworths.com.au/shop/productdetails/657607/monteith-s-american-pale-ale-bottles",
        "imgName": "657607.jpg",
        "imgSrc": "https://cdn0.woolworths.media/content/wowproductimages/medium/657607.jpg",
        "name": "Monteith's American Pale Ale Bottles 6x330ml pack",
        "price": 22.3,
        "special": 15
    },
    {
        "category": "specials",
        "href": "https://www.woolworths.com.au/shop/productdetails/54381/continental-recipe-base-beef-stroganoff",
        "imgName": "054381.jpg",
        "imgSrc": "https://cdn0.woolworths.media/content/wowproductimages/medium/054381.jpg",
        "name": "Continental Recipe Base Beef Stroganoff 40g",
        "price": 1.6,
        "unitPrice": "$4.00 / 100G"
    },
    {
        "category": "specials",
        "href": "https://www.woolworths.com.au/shop/productdetails/475342/surf-laundry-powder-tropical",
        "imgName": "475342.jpg",
        "imgSrc": "https://cdn0.woolworths.media/content/wowproductimages/medium/475342.jpg",
        "name": "Surf Laundry Powder Tropical 2kg",
        "price": 7,
        "unitPrice": "$3.50 / 1KG"
    },
    {
        "category": "specials",
        "href": "https://www.woolworths.com.au/shop/productdetails/233155/woolworths-bread-grain-loaf",
        "imgName": "233155.jpg",
        "imgSrc": "https://cdn0.woolworths.media/content/wowproductimages/medium/233155.jpg",
        "name": "Woolworths Bread Grain Loaf 800g",
        "price": 2.9,
        "unitPrice": "$0.36 / 100G"
    },
    {
        "category": "specials",
        "href": "https://www.woolworths.com.au/shop/productdetails/748823/banana-boat-ultra-spf-50-sunscreen",
        "imgName": "748823.jpg",
        "imgSrc": "https://cdn0.woolworths.media/content/wowproductimages/medium/748823.jpg",
        "name": "Banana Boat Ultra Spf 50+ Sunscreen  200g",
        "price": 16,
        "special": 12.8,
        "unitPrice": "$6.40 / 100G"
    },
    {
        "category": "specials",
        "href": "https://www.woolworths.com.au/shop/productdetails/37772/four-n-twenty-pies-chicken-vegetable",
        "imgName": "037772.jpg",
        "imgSrc": "https://cdn0.woolworths.media/content/wowproductimages/medium/037772.jpg",
        "name": "Four N Twenty Pies Chicken & Vegetable 4pk 700g",
        "price": 8,
        "special": 5.5,
        "unitPrice": "$0.79 / 100G"
    },
    {
        "category": "specials",
        "href": "https://www.woolworths.com.au/shop/productdetails/215945/sanitarium-smooth-no-added-sugar-or-salt-peanut-butter",
        "imgName": "215945.jpg",
        "imgSrc": "https://cdn0.woolworths.media/content/wowproductimages/medium/215945.jpg",
        "name": "Sanitarium Smooth No Added Sugar Or Salt Peanut Butter 500g",
        "price": 4,
        "unitPrice": "$0.80 / 100G"
    },
    {
        "category": "specials",
        "href": "https://www.woolworths.com.au/shop/productdetails/37391/csr-raw-sugar",
        "imgName": "037391.jpg",
        "imgSrc": "https://cdn0.woolworths.media/content/wowproductimages/medium/037391.jpg",
        "name": "Csr Raw Sugar  2kg",
        "price": 3.5,
        "unitPrice": "$0.18 / 100G"
    },
    {
        "category": "specials",
        "href": "https://www.woolworths.com.au/shop/productdetails/600211/bakery-du-jour-brioche-slider-bun",
        "imgName": "600211.jpg",
        "imgSrc": "https://cdn0.woolworths.media/content/wowproductimages/medium/600211.jpg",
        "name": "Bakery Du Jour Brioche Slider Bun 180g",
        "price": 2.7,
        "unitPrice": "$1.50 / 100G"
    },
    {
        "category": "specials",
        "href": "https://www.woolworths.com.au/shop/productdetails/750512/heinz-classic-canned-soup-hearty-vegetable",
        "imgName": "750512.jpg",
        "imgSrc": "https://cdn0.woolworths.media/content/wowproductimages/medium/750512.jpg",
        "name": "Heinz Classic Canned Soup Hearty Vegetable 535g",
        "price": 2.5,
        "unitPrice": "$0.47 / 100G"
    },
    {
        "category": "specials",
        "href": "https://www.woolworths.com.au/shop/productdetails/854110/inspire-serving-fork",
        "imgName": "854110.jpg",
        "imgSrc": "https://cdn0.woolworths.media/content/wowproductimages/medium/854110.jpg",
        "name": "Inspire Serving Fork each",
        "price": 6
    },
    {
        "category": "specials",
        "href": "https://www.woolworths.com.au/shop/productdetails/581612/toni-guy-shampoo-for-dry-hair",
        "imgName": "581612.jpg",
        "imgSrc": "https://cdn0.woolworths.media/content/wowproductimages/medium/581612.jpg",
        "name": "Toni & Guy Shampoo For Dry Hair 250ml",
        "price": 16,
        "unitPrice": "$6.40 / 100ML"
    },
    {
        "category": "specials",
        "href": "https://www.woolworths.com.au/shop/productdetails/46069/meadowlea-salt-reduced-spread-salt-reduced",
        "imgName": "046069.jpg",
        "imgSrc": "https://cdn0.woolworths.media/content/wowproductimages/medium/046069.jpg",
        "name": "Meadowlea Salt Reduced Spread Salt Reduced 500g",
        "price": 3.3,
        "special": 2.8,
        "unitPrice": "$0.56 / 100G"
    },
    {
        "category": "specials",
        "href": "https://www.woolworths.com.au/shop/productdetails/828503/heinz-classic-canned-soup-creamy-chicken-mushroom",
        "imgName": "828503.jpg",
        "imgSrc": "https://cdn0.woolworths.media/content/wowproductimages/medium/828503.jpg",
        "name": "Heinz Classic Canned Soup Creamy Chicken & Mushroom 520g",
        "price": 2.5,
        "unitPrice": "$0.48 / 100G"
    },
    {
        "category": "specials",
        "href": "https://www.woolworths.com.au/shop/productdetails/279665/woolworths-bread-loaf-crusty-tiger-tummy-vienna",
        "imgName": "279665.jpg",
        "imgSrc": "https://cdn0.woolworths.media/content/wowproductimages/medium/279665.jpg",
        "name": "Woolworths Bread Loaf Crusty Tiger Tummy Vienna 450g",
        "price": 2.5,
        "unitPrice": "$0.56 / 100G"
    },
    {
        "category": "specials",
        "href": "https://www.woolworths.com.au/shop/productdetails/573300/menissez-bake-at-home-white-baguettes",
        "imgName": "573300.jpg",
        "imgSrc": "https://cdn0.woolworths.media/content/wowproductimages/medium/573300.jpg",
        "name": "Menissez Bake At Home White Baguettes 2pk",
        "price": 2,
        "unitPrice": "$1.00 / 1EA"
    },
    {
        "category": "specials",
        "href": "https://www.woolworths.com.au/shop/productdetails/725771/i-j-battered-fish-fillets-tempura",
        "imgName": "725771.jpg",
        "imgSrc": "https://cdn0.woolworths.media/content/wowproductimages/medium/725771.jpg",
        "name": "I&j Battered Fish Fillets Tempura 570g",
        "price": 6.5,
        "unitPrice": "$11.40 / 1KG"
    },
    {
        "category": "specials",
        "href": "https://www.woolworths.com.au/shop/productdetails/791631/woolworths-essentials-serviettes-pastel-blue-1ply",
        "imgName": "791631.jpg",
        "imgSrc": "https://cdn0.woolworths.media/content/wowproductimages/medium/791631.jpg",
        "name": "Woolworths Essentials Serviettes Pastel Blue 1ply 100pk",
        "price": 1.75,
        "unitPrice": "$0.02 / 1EA"
    },
    {
        "category": "specials",
        "href": "https://www.woolworths.com.au/shop/productdetails/463194/sunsilk-shampoo-soft-smooth",
        "imgName": "463194.jpg",
        "imgSrc": "https://cdn0.woolworths.media/content/wowproductimages/medium/463194.jpg",
        "name": "Sunsilk Shampoo Soft & Smooth 700ml",
        "price": 10,
        "special": 7,
        "unitPrice": "$1.00 / 100ML"
    },
    {
        "category": "specials",
        "href": "https://www.woolworths.com.au/shop/productdetails/37427/libra-tampons-regular",
        "imgName": "037427.jpg",
        "imgSrc": "https://cdn0.woolworths.media/content/wowproductimages/medium/037427.jpg",
        "name": "Libra Tampons Regular 32pk",
        "price": 7.5,
        "unitPrice": "$0.23 / 1EA"
    },
    {
        "category": "specials",
        "href": "https://www.woolworths.com.au/shop/productdetails/370917/clean-clear-essentials-moisturiser",
        "imgName": "370917.jpg",
        "imgSrc": "https://cdn0.woolworths.media/content/wowproductimages/medium/370917.jpg",
        "name": "Clean & Clear Essentials Moisturiser  100ml",
        "price": 8,
        "unitPrice": "$8.00 / 100ML"
    },
    {
        "category": "specials",
        "href": "https://www.woolworths.com.au/shop/productdetails/103355/bundaberg-rum-cola-cans",
        "imgName": "103355.jpg",
        "imgSrc": "https://cdn0.woolworths.media/content/wowproductimages/medium/103355.jpg",
        "name": "Bundaberg Rum & Cola Cans 24x375ml",
        "price": 87,
        "special": 76
    },
    {
        "category": "specials",
        "href": "https://www.woolworths.com.au/shop/productdetails/887249/toni-guy-casual-dry-shampoo-texture",
        "imgName": "887249.jpg",
        "imgSrc": "https://cdn0.woolworths.media/content/wowproductimages/medium/887249.jpg",
        "name": "Toni & Guy Casual Dry Shampoo Texture 250ml",
        "price": 16,
        "unitPrice": "$6.40 / 100ML"
    },
    {
        "category": "specials",
        "href": "https://www.woolworths.com.au/shop/productdetails/94915/bombay-sapphire-gin",
        "imgName": "094915.jpg",
        "imgSrc": "https://cdn0.woolworths.media/content/wowproductimages/medium/094915.jpg",
        "name": "Bombay Sapphire Gin  700ml",
        "price": 60,
        "special": 43
    },
    {
        "category": "specials",
        "href": "https://www.woolworths.com.au/shop/productdetails/92240/ixl-strawberry-jam",
        "imgName": "092240.jpg",
        "imgSrc": "https://cdn0.woolworths.media/content/wowproductimages/medium/092240.jpg",
        "name": "Ixl Strawberry Jam 250g",
        "price": 2.6,
        "special": 2,
        "unitPrice": "$0.80 / 100G"
    },
    {
        "category": "specials",
        "href": "https://www.woolworths.com.au/shop/productdetails/781696/darrell-lea-licorice-choc-stix-milk-chocolate",
        "imgName": "781696.jpg",
        "imgSrc": "https://cdn0.woolworths.media/content/wowproductimages/medium/781696.jpg",
        "name": "Darrell Lea Licorice Choc Stix Milk Chocolate 200g bag",
        "price": 3.5,
        "unitPrice": "$1.75 / 100G"
    },
    {
        "category": "specials",
        "href": "https://www.woolworths.com.au/shop/productdetails/49609/tip-top-sunblest-white-thick-sliced-bread",
        "imgName": "049609.jpg",
        "imgSrc": "https://cdn0.woolworths.media/content/wowproductimages/medium/049609.jpg",
        "name": "Tip Top Sunblest White Thick Sliced Bread 650g",
        "price": 2.8,
        "unitPrice": "$0.43 / 100G"
    },
    {
        "category": "specials",
        "href": "https://www.woolworths.com.au/shop/productdetails/490090/nestle-bakers-choice-milk-choc-bits-value-pack",
        "imgName": "490090.jpg",
        "imgSrc": "https://cdn0.woolworths.media/content/wowproductimages/medium/490090.jpg",
        "name": "Nestle Bakers' Choice Milk Choc Bits Value Pack 375g",
        "price": 5.5,
        "unitPrice": "$1.47 / 100G"
    },
    {
        "category": "specials",
        "href": "https://www.woolworths.com.au/shop/productdetails/801554/mishka-blue-vodka",
        "imgName": "801554.jpg",
        "imgSrc": "https://cdn0.woolworths.media/content/wowproductimages/medium/801554.jpg",
        "name": "Mishka Blue Vodka 700ml",
        "price": 37,
        "special": 33
    },
    {
        "category": "specials",
        "href": "https://www.woolworths.com.au/shop/productdetails/40208/san-remo-fettuccine-spinach-pasta",
        "imgName": "040208.jpg",
        "imgSrc": "https://cdn0.woolworths.media/content/wowproductimages/medium/040208.jpg",
        "name": "San Remo Fettuccine Spinach Pasta 500g",
        "price": 1.95,
        "unitPrice": "$0.39 / 100G"
    },
    {
        "category": "specials",
        "href": "https://www.woolworths.com.au/shop/productdetails/989804/sail-anchor-pale-ale-bottles",
        "imgName": "989804.jpg",
        "imgSrc": "https://cdn0.woolworths.media/content/wowproductimages/medium/989804.jpg",
        "name": "Sail & Anchor Pale Ale Bottles 24x330ml case",
        "price": 53,
        "special": 47
    },
    {
        "category": "specials",
        "href": "https://www.woolworths.com.au/shop/productdetails/941583/woolworths-yellowfin-tuna-in-springwater",
        "imgName": "941583.jpg",
        "imgSrc": "https://cdn0.woolworths.media/content/wowproductimages/medium/941583.jpg",
        "name": "Woolworths Yellowfin Tuna In Springwater  95g",
        "price": 1.3,
        "unitPrice": "$13.68 / 1KG"
    },
    {
        "category": "specials",
        "href": "https://www.woolworths.com.au/shop/productdetails/787176/golden-circle-pear-apple-raspberry-fruit-drink",
        "imgName": "787176.jpg",
        "imgSrc": "https://cdn0.woolworths.media/content/wowproductimages/medium/787176.jpg",
        "name": "Golden Circle Pear Apple & Raspberry Fruit Drink 2l",
        "price": 3,
        "unitPrice": "$1.50 / 1L"
    },
    {
        "category": "specials",
        "href": "https://www.woolworths.com.au/shop/productdetails/326335/white-king-power-clean-toilet-cleaner-bleach-gel-eucalyptus",
        "imgName": "326335.jpg",
        "imgSrc": "https://cdn0.woolworths.media/content/wowproductimages/medium/326335.jpg",
        "name": "White King Power Clean Toilet Cleaner Bleach Gel Eucalyptus 700ml",
        "price": 4.35,
        "special": 3.65,
        "unitPrice": "$0.52 / 100ML"
    },
    {
        "category": "specials",
        "href": "https://www.woolworths.com.au/shop/productdetails/494181/praise-classic-aioli",
        "imgName": "494181.jpg",
        "imgSrc": "https://cdn0.woolworths.media/content/wowproductimages/medium/494181.jpg",
        "name": "Praise Classic Aioli  465g",
        "price": 5,
        "unitPrice": "$1.08 / 100G"
    },
    {
        "category": "specials",
        "href": "https://www.woolworths.com.au/shop/productdetails/524676/splenda-sweetener-tablets",
        "imgName": "524676.jpg",
        "imgSrc": "https://cdn0.woolworths.media/content/wowproductimages/medium/524676.jpg",
        "name": "Splenda Sweetener Tablets 200pk",
        "price": 6.45,
        "special": 5.4,
        "unitPrice": "$0.03 / 1EA"
    },
    {
        "category": "specials",
        "href": "https://www.woolworths.com.au/shop/productdetails/154947/woolworths-baguette-crusty-half-stick",
        "imgName": "154947.jpg",
        "imgSrc": "https://cdn0.woolworths.media/content/wowproductimages/medium/154947.jpg",
        "name": "Woolworths Baguette Crusty Half Stick 2pk 340g",
        "price": 1.5,
        "unitPrice": "$0.75 / 1EA"
    },
    {
        "category": "specials",
        "href": "https://www.woolworths.com.au/shop/productdetails/38443/masterfoods-mint-sauce-jelly",
        "imgName": "038443.jpg",
        "imgSrc": "https://cdn0.woolworths.media/content/wowproductimages/medium/038443.jpg",
        "name": "Masterfoods Mint Sauce Jelly 290g",
        "price": 2.65,
        "special": 2,
        "unitPrice": "$0.69 / 100G"
    },
    {
        "category": "specials",
        "href": "https://www.woolworths.com.au/shop/productdetails/603317/tip-top-sandwich-thins-wholemeal",
        "imgName": "603317.jpg",
        "imgSrc": "https://cdn0.woolworths.media/content/wowproductimages/medium/603317.jpg",
        "name": "Tip Top Sandwich Thins Wholemeal 6pk",
        "price": 3.5,
        "special": 3,
        "unitPrice": "$1.25 / 100G"
    },
    {
        "category": "specials",
        "href": "https://www.woolworths.com.au/shop/productdetails/515173/arnott-s-shapes-original-pizza",
        "imgName": "515173.jpg",
        "imgSrc": "https://cdn0.woolworths.media/content/wowproductimages/medium/515173.jpg",
        "name": "Arnott's Shapes Original Pizza 190g",
        "price": 3,
        "special": 2,
        "unitPrice": "$1.05 / 100G"
    },
    {
        "category": "specials",
        "href": "https://www.woolworths.com.au/shop/productdetails/791129/baily-baily-folio-riesling-c-valley",
        "imgName": "791129.jpg",
        "imgSrc": "https://cdn0.woolworths.media/content/wowproductimages/medium/791129.jpg",
        "name": "Baily & Baily Folio Riesling C Valley 750ml",
        "price": 16,
        "special": 11
    },
    {
        "category": "specials",
        "href": "https://www.woolworths.com.au/shop/productdetails/505673/woolworths-pitted-kalamata-olives-in-balsamic-prepacked",
        "imgName": "505673.jpg",
        "imgSrc": "https://cdn0.woolworths.media/content/wowproductimages/medium/505673.jpg",
        "name": "Woolworths Pitted Kalamata Olives In Balsamic Prepacked 180g",
        "price": 3.5,
        "special": 3,
        "unitPrice": "$1.67 / 100G"
    },
    {
        "category": "specials",
        "href": "https://www.woolworths.com.au/shop/productdetails/579164/australia-s-own-organic-reduced-salt-chicken-style-stock",
        "imgName": "579164.jpg",
        "imgSrc": "https://cdn0.woolworths.media/content/wowproductimages/medium/579164.jpg",
        "name": "Australia's Own Organic Reduced Salt Chicken Style Stock 1l",
        "price": 3,
        "unitPrice": "$0.30 / 100ML"
    },
    {
        "category": "specials",
        "href": "https://www.woolworths.com.au/shop/productdetails/854107/inspire-skimmer",
        "imgName": "854107.jpg",
        "imgSrc": "https://cdn0.woolworths.media/content/wowproductimages/medium/854107.jpg",
        "name": "Inspire Skimmer  each",
        "price": 6
    },
    {
        "category": "specials",
        "href": "https://www.woolworths.com.au/shop/productdetails/781370/red-rock-deli-share-pack-sweet-chilli-sour-cream",
        "imgName": "781370.jpg",
        "imgSrc": "https://cdn0.woolworths.media/content/wowproductimages/medium/781370.jpg",
        "name": "Red Rock Deli Share Pack Sweet Chilli & Sour Cream 165g",
        "price": 4.49,
        "special": 3,
        "unitPrice": "$1.82 / 100G"
    },
    {
        "category": "specials",
        "href": "https://www.woolworths.com.au/shop/productdetails/481471/ciabatta-rolls-sesame-seeds",
        "imgName": "481471.jpg",
        "imgSrc": "https://cdn0.woolworths.media/content/wowproductimages/medium/481471.jpg",
        "name": "Ciabatta Rolls Sesame Seeds 5pk",
        "price": 2.5
    },
    {
        "category": "specials",
        "href": "https://www.woolworths.com.au/shop/productdetails/481431/ciabatta-loaf",
        "imgName": "481431.jpg",
        "imgSrc": "https://cdn0.woolworths.media/content/wowproductimages/medium/481431.jpg",
        "name": "Ciabatta Loaf  350g",
        "price": 3
    },
    {
        "category": "specials",
        "href": "https://www.woolworths.com.au/shop/productdetails/505322/calidad-brother-printer-ink-lc-133-lc-131-tri-colour",
        "imgName": "505322.jpg",
        "imgSrc": "https://cdn0.woolworths.media/content/wowproductimages/medium/505322.jpg",
        "name": "Calidad Brother Printer Ink Lc-133 Lc-131 Tri-colour each",
        "price": 49
    },
    {
        "category": "specials",
        "href": "https://www.woolworths.com.au/shop/productdetails/419430/armor-all-rain-repellent",
        "imgName": "419430.jpg",
        "imgSrc": "https://cdn0.woolworths.media/content/wowproductimages/medium/419430.jpg",
        "name": "Armor All Rain Repellent 125ml",
        "price": 10,
        "special": 8,
        "unitPrice": "$6.40 / 100ML"
    },
    {
        "category": "specials",
        "href": "https://www.woolworths.com.au/shop/productdetails/225272/lean-cuisine-bowl-chicken-linguine-chicken-linguine",
        "imgName": "225272.jpg",
        "imgSrc": "https://cdn0.woolworths.media/content/wowproductimages/medium/225272.jpg",
        "name": "Lean Cuisine Bowl Chicken Linguine Chicken Linguine 300g",
        "price": 5.7,
        "special": 5,
        "unitPrice": "$1.67 / 100G"
    },
    {
        "category": "specials",
        "href": "https://www.woolworths.com.au/shop/productdetails/370210/vileda-mop-promist-durable-refill",
        "imgName": "370210.jpg",
        "imgSrc": "https://cdn0.woolworths.media/content/wowproductimages/medium/370210.jpg",
        "name": "Vileda Mop Promist Durable Refill each",
        "price": 11.49,
        "special": 10,
        "unitPrice": "$10.00 / 1EA"
    },
    {
        "category": "specials",
        "href": "https://www.woolworths.com.au/shop/productdetails/7927/woolworths-cinnamon-donuts",
        "imgName": "007927.jpg",
        "imgSrc": "https://cdn0.woolworths.media/content/wowproductimages/medium/007927.jpg",
        "name": "Woolworths Cinnamon Donuts  6pk",
        "price": 2,
        "unitPrice": "$0.33 / 1EA"
    },
    {
        "category": "specials",
        "href": "https://www.woolworths.com.au/shop/productdetails/130502/woolworths-bread-rolls-extra-soft-lunch",
        "imgName": "130502.jpg",
        "imgSrc": "https://cdn0.woolworths.media/content/wowproductimages/medium/130502.jpg",
        "name": "Woolworths Bread Rolls Extra Soft Lunch 6pk",
        "price": 2.5,
        "unitPrice": "$0.42 / 1EA"
    },
    {
        "category": "specials",
        "href": "https://www.woolworths.com.au/shop/productdetails/611565/durex-regular-condoms",
        "imgName": "611565.jpg",
        "imgSrc": "https://cdn0.woolworths.media/content/wowproductimages/medium/611565.jpg",
        "name": "Durex Regular Condoms 30pk",
        "price": 17,
        "special": 15,
        "unitPrice": "$0.50 / 1EA"
    },
    {
        "category": "specials",
        "href": "https://www.woolworths.com.au/shop/productdetails/39444/san-remo-shells-small-pasta-no-28",
        "imgName": "039444.jpg",
        "imgSrc": "https://cdn0.woolworths.media/content/wowproductimages/medium/039444.jpg",
        "name": "San Remo Shells Small Pasta No 28 500g",
        "price": 1.95,
        "unitPrice": "$0.39 / 100G"
    },
    {
        "category": "specials",
        "href": "https://www.woolworths.com.au/shop/productdetails/34420/holbrooks-sauce-worcestershire",
        "imgName": "034420.jpg",
        "imgSrc": "https://cdn0.woolworths.media/content/wowproductimages/medium/034420.jpg",
        "name": "Holbrooks Sauce Worcestershire  250ml",
        "price": 3.3,
        "special": 3,
        "unitPrice": "$1.20 / 100ML"
    },
    {
        "category": "specials",
        "href": "https://www.woolworths.com.au/shop/productdetails/481470/ciabatta-rolls-light-rye",
        "imgName": "481470.jpg",
        "imgSrc": "https://cdn0.woolworths.media/content/wowproductimages/medium/481470.jpg",
        "name": "Ciabatta Rolls Light Rye 5pk",
        "price": 2.5
    },
    {
        "category": "specials",
        "href": "https://www.woolworths.com.au/shop/productdetails/505323/calidad-brother-printer-ink-lc-233-lc-231-black",
        "imgName": "505323.jpg",
        "imgSrc": "https://cdn0.woolworths.media/content/wowproductimages/medium/505323.jpg",
        "name": "Calidad Brother Printer Ink Lc-233 Lc-231 Black each",
        "price": 27
    },
    {
        "category": "specials",
        "href": "https://www.woolworths.com.au/shop/productdetails/202497/primo-bacon-lean-shortcut",
        "imgName": "202497.jpg",
        "imgSrc": "https://cdn0.woolworths.media/content/wowproductimages/medium/202497.jpg",
        "name": "Primo Bacon Lean Shortcut 350g",
        "price": 7,
        "unitPrice": "$20.00 / 1KG"
    },
    {
        "category": "specials",
        "href": "https://www.woolworths.com.au/shop/productdetails/633989/rafferty-s-garden-my-first-peach-4-months",
        "imgName": "633989.jpg",
        "imgSrc": "https://cdn0.woolworths.media/content/wowproductimages/medium/633989.jpg",
        "name": "Rafferty's Garden My First Peach 4+months 120g",
        "price": 1.65,
        "unitPrice": "$1.38 / 100G"
    },
    {
        "category": "specials",
        "href": "https://www.woolworths.com.au/shop/productdetails/769525/bega-strong-bitey-vintage-cheese-slices",
        "imgName": "769525.jpg",
        "imgSrc": "https://cdn0.woolworths.media/content/wowproductimages/medium/769525.jpg",
        "name": "Bega Strong & Bitey Vintage Cheese Slices 500g",
        "price": 8.5,
        "unitPrice": "$17.00 / 1KG"
    },
    {
        "category": "specials",
        "href": "https://www.woolworths.com.au/shop/productdetails/790218/woolworths-essentials-toothpicks-with-holder",
        "imgName": "790218.jpg",
        "imgSrc": "https://cdn0.woolworths.media/content/wowproductimages/medium/790218.jpg",
        "name": "Woolworths Essentials Toothpicks With Holder 300pc",
        "price": 3
    },
    {
        "category": "specials",
        "href": "https://www.woolworths.com.au/shop/productdetails/77136/buttercup-country-split-wholemeal-bread",
        "imgName": "077136.jpg",
        "imgSrc": "https://cdn0.woolworths.media/content/wowproductimages/medium/077136.jpg",
        "name": "Buttercup Country Split Wholemeal Bread 450g",
        "price": 3,
        "unitPrice": "$0.67 / 100G"
    },
    {
        "category": "specials",
        "href": "https://www.woolworths.com.au/shop/productdetails/113757/schmackos-treat-chicken-strapz",
        "imgName": "113757.jpg",
        "imgSrc": "https://cdn0.woolworths.media/content/wowproductimages/medium/113757.jpg",
        "name": "Schmackos Treat Chicken Strapz 180g",
        "price": 5.25,
        "special": 4,
        "unitPrice": "$2.22 / 100G"
    },
    {
        "category": "specials",
        "href": "https://www.woolworths.com.au/shop/productdetails/482974/mercury-apple-cider-hard-cans",
        "imgName": "482974.jpg",
        "imgSrc": "https://cdn0.woolworths.media/content/wowproductimages/medium/482974.jpg",
        "name": "Mercury Apple Cider Hard Cans 10x375ml pack",
        "price": 27,
        "special": 25
    },
    {
        "category": "specials",
        "href": "https://www.woolworths.com.au/shop/productdetails/340124/heinz-big-n-chunky-canned-soup-pasta-bolognese",
        "imgName": "340124.jpg",
        "imgSrc": "https://cdn0.woolworths.media/content/wowproductimages/medium/340124.jpg",
        "name": "Heinz Big N Chunky Canned Soup Pasta Bolognese 535g",
        "price": 2.5,
        "unitPrice": "$0.47 / 100G"
    },
    {
        "category": "specials",
        "href": "https://www.woolworths.com.au/shop/productdetails/779219/mitchum-men-s-deodorant-roll-on-clinical-clean-control",
        "imgName": "779219.jpg",
        "imgSrc": "https://cdn0.woolworths.media/content/wowproductimages/medium/779219.jpg",
        "name": "Mitchum Men's Deodorant Roll On Clinical Clean Control 45g",
        "price": 10,
        "unitPrice": "$22.22 / 100G"
    },
    {
        "category": "specials",
        "href": "https://www.woolworths.com.au/shop/productdetails/989805/sail-anchor-golden-pale-ale-bottles",
        "imgName": "989805.jpg",
        "imgSrc": "https://cdn0.woolworths.media/content/wowproductimages/medium/989805.jpg",
        "name": "Sail & Anchor Golden Pale Ale Bottles 6x330ml pack",
        "price": 18.5,
        "special": 14
    },
    {
        "category": "specials",
        "href": "https://www.woolworths.com.au/shop/productdetails/696798/cruiser-vodka-wild-raspberry",
        "imgName": "696798.jpg",
        "imgSrc": "https://cdn0.woolworths.media/content/wowproductimages/medium/696798.jpg",
        "name": "Cruiser Vodka Wild Raspberry 24x275ml",
        "price": 81,
        "special": 67
    },
    {
        "category": "specials",
        "href": "https://www.woolworths.com.au/shop/productdetails/558946/mud-long-lasting-foundation-02-soft-beige",
        "imgName": "558946.jpg",
        "imgSrc": "https://cdn0.woolworths.media/content/wowproductimages/medium/558946.jpg",
        "name": "Mud Long Lasting Foundation 02 Soft Beige 28ml",
        "price": 8.5,
        "unitPrice": "$3.04 / 10ML"
    },
    {
        "category": "specials",
        "href": "https://www.woolworths.com.au/shop/productdetails/521284/herbert-adams-pies-thai-green-curry-chicken",
        "imgName": "521284.jpg",
        "imgSrc": "https://cdn0.woolworths.media/content/wowproductimages/medium/521284.jpg",
        "name": "Herbert Adams Pies Thai Green Curry Chicken 420g",
        "price": 6.3,
        "special": 5,
        "unitPrice": "$1.19 / 100G"
    },
    {
        "category": "specials",
        "href": "https://www.woolworths.com.au/shop/productdetails/694763/woolworths-danish-havarti-cheese-slices",
        "imgName": "694763.jpg",
        "imgSrc": "https://cdn0.woolworths.media/content/wowproductimages/medium/694763.jpg",
        "name": "Woolworths Danish Havarti Cheese Slices 200g",
        "price": 4.5,
        "unitPrice": "$22.50 / 1KG"
    },
    {
        "category": "specials",
        "href": "https://www.woolworths.com.au/shop/productdetails/142574/queen-pure-maple-syrup",
        "imgName": "142574.jpg",
        "imgSrc": "https://cdn0.woolworths.media/content/wowproductimages/medium/142574.jpg",
        "name": "Queen Pure Maple Syrup 250ml",
        "price": 9,
        "special": 8,
        "unitPrice": "$3.20 / 100ML"
    },
    {
        "category": "specials",
        "href": "https://www.woolworths.com.au/shop/productdetails/465079/always-fresh-kalamata-olives-sliced",
        "imgName": "465079.jpg",
        "imgSrc": "https://cdn0.woolworths.media/content/wowproductimages/medium/465079.jpg",
        "name": "Always Fresh Kalamata Olives Sliced 220g",
        "price": 5,
        "special": 4.5,
        "unitPrice": "$2.05 / 100G"
    },
    {
        "category": "specials",
        "href": "https://www.woolworths.com.au/shop/productdetails/382738/woolworths-lite-milk",
        "imgName": "382738.jpg",
        "imgSrc": "https://cdn0.woolworths.media/content/wowproductimages/medium/382738.jpg",
        "name": "Woolworths Lite Milk 2l",
        "price": 2,
        "unitPrice": "$1.00 / 1L"
    },
    {
        "category": "specials",
        "href": "https://www.woolworths.com.au/shop/productdetails/147188/caffe-aurora-italian-ground-coffee-italian-style",
        "imgName": "147188.jpg",
        "imgSrc": "https://cdn0.woolworths.media/content/wowproductimages/medium/147188.jpg",
        "name": "Caffe Aurora Italian Ground Coffee Italian Style 2x250g",
        "price": 8,
        "unitPrice": "$1.60 / 100G"
    },
    {
        "category": "specials",
        "href": "https://www.woolworths.com.au/shop/productdetails/21027/eveready-gold-aaa-batteries",
        "imgName": "021027.jpg",
        "imgSrc": "https://cdn0.woolworths.media/content/wowproductimages/medium/021027.jpg",
        "name": "Eveready Gold Aaa Batteries  4pk",
        "price": 4.5,
        "unitPrice": "$1.13 / 1EA"
    },
    {
        "category": "specials",
        "href": "https://www.woolworths.com.au/shop/productdetails/576394/colgate-prohealth-clinical-refill",
        "imgName": "576394.jpg",
        "imgSrc": "https://cdn0.woolworths.media/content/wowproductimages/medium/576394.jpg",
        "name": "Colgate Prohealth Clinical Refill 2 pk",
        "price": 13.75,
        "unitPrice": "$13.75 / 1EA"
    },
    {
        "category": "specials",
        "href": "https://www.woolworths.com.au/shop/productdetails/624028/pro-supps-my-bar-ice-cream-cookie-crunch",
        "imgName": "624028.jpg",
        "imgSrc": "https://cdn0.woolworths.media/content/wowproductimages/medium/624028.jpg",
        "name": "Pro Supps My Bar Ice Cream Cookie Crunch 55g",
        "price": 4,
        "special": 3.5,
        "unitPrice": "$6.36 / 100G"
    },
    {
        "category": "specials",
        "href": "https://www.woolworths.com.au/shop/productdetails/41998/maybelline-great-lash-mascara-very-black-waterproof",
        "imgName": "041998.jpg",
        "imgSrc": "https://cdn0.woolworths.media/content/wowproductimages/medium/041998.jpg",
        "name": "Maybelline Great Lash Mascara Very Black Waterproof 12.7ml",
        "price": 12.95,
        "special": 9,
        "unitPrice": "$7.09 / 10ML"
    },
    {
        "category": "specials",
        "href": "https://www.woolworths.com.au/shop/productdetails/48182/stella-artois-pilsner-bottles",
        "imgName": "048182.jpg",
        "imgSrc": "https://cdn0.woolworths.media/content/wowproductimages/medium/048182.jpg",
        "name": "Stella Artois Pilsner Bottles 24x330ml case",
        "price": 57,
        "special": 51
    },
    {
        "category": "specials",
        "href": "https://www.woolworths.com.au/shop/productdetails/248678/old-el-paso-fajita-dinner-kit",
        "imgName": "248678.jpg",
        "imgSrc": "https://cdn0.woolworths.media/content/wowproductimages/medium/248678.jpg",
        "name": "Old El Paso Fajita Dinner Kit 485g",
        "price": 4.75,
        "unitPrice": "$0.98 / 100G"
    },
    {
        "category": "specials",
        "href": "https://www.woolworths.com.au/shop/productdetails/977704/chang-beer-lager-bottles",
        "imgName": "977704.jpg",
        "imgSrc": "https://cdn0.woolworths.media/content/wowproductimages/medium/977704.jpg",
        "name": "Chang Beer Lager Bottles 24x320ml case",
        "price": 54,
        "special": 49
    },
    {
        "category": "specials",
        "href": "https://www.woolworths.com.au/shop/productdetails/32831/masterfoods-horseradish-cream",
        "imgName": "032831.jpg",
        "imgSrc": "https://cdn0.woolworths.media/content/wowproductimages/medium/032831.jpg",
        "name": "Masterfoods Horseradish Cream 175g",
        "price": 3,
        "special": 2.5,
        "unitPrice": "$1.43 / 100G"
    },
    {
        "category": "specials",
        "href": "https://www.woolworths.com.au/shop/productdetails/101809/udl-vodka-orange-cans",
        "imgName": "101809.jpg",
        "imgSrc": "https://cdn0.woolworths.media/content/wowproductimages/medium/101809.jpg",
        "name": "Udl Vodka Orange Cans 24x375ml",
        "price": 75,
        "special": 66
    },
    {
        "category": "specials",
        "href": "https://www.woolworths.com.au/shop/productdetails/602031/essano-shampoo-acai-colour",
        "imgName": "602031.jpg",
        "imgSrc": "https://cdn0.woolworths.media/content/wowproductimages/medium/602031.jpg",
        "name": "Essano Shampoo Acai Colour 300ml",
        "price": 16,
        "special": 13,
        "unitPrice": "$4.33 / 100ML"
    },
    {
        "category": "specials",
        "href": "https://www.woolworths.com.au/shop/productdetails/379010/4-pines-brewing-company-pale-ale-bottles",
        "imgName": "379010.jpg",
        "imgSrc": "https://cdn0.woolworths.media/content/wowproductimages/medium/379010.jpg",
        "name": "4 Pines Brewing Company Pale Ale Bottles 6x330ml pack",
        "price": 24.5,
        "special": 20
    },
    {
        "category": "specials",
        "href": "https://www.woolworths.com.au/shop/productdetails/535603/woolworths-canned-shredded-chicken-peri-peri",
        "imgName": "535603.jpg",
        "imgSrc": "https://cdn0.woolworths.media/content/wowproductimages/medium/535603.jpg",
        "name": "Woolworths Canned Shredded Chicken Peri Peri 85g",
        "price": 1.29,
        "unitPrice": "$15.18 / 1KG"
    },
    {
        "category": "specials",
        "href": "https://www.woolworths.com.au/shop/productdetails/703587/pyrex-serving-easygrab-pie-plate",
        "imgName": "703587.jpg",
        "imgSrc": "https://cdn0.woolworths.media/content/wowproductimages/medium/703587.jpg",
        "name": "Pyrex Serving Easygrab Pie Plate 24cm each",
        "price": 11,
        "special": 7.7
    },
    {
        "category": "specials",
        "href": "https://www.woolworths.com.au/shop/productdetails/581174/woolworths-white-soft-toast",
        "imgName": "581174.jpg",
        "imgSrc": "https://cdn0.woolworths.media/content/wowproductimages/medium/581174.jpg",
        "name": "Woolworths White Soft Toast 650g",
        "price": 1.5,
        "unitPrice": "$0.23 / 100G"
    },
    {
        "category": "specials",
        "href": "https://www.woolworths.com.au/shop/productdetails/381164/aeroplane-jelly-original-passionfruit",
        "imgName": "381164.jpg",
        "imgSrc": "https://cdn0.woolworths.media/content/wowproductimages/medium/381164.jpg",
        "name": "Aeroplane Jelly Original Passionfruit 85g",
        "price": 1.15,
        "unitPrice": "$1.35 / 100G"
    },
    {
        "category": "specials",
        "href": "https://www.woolworths.com.au/shop/productdetails/6086/aeroplane-jelly-berry-blue",
        "imgName": "006086.jpg",
        "imgSrc": "https://cdn0.woolworths.media/content/wowproductimages/medium/006086.jpg",
        "name": "Aeroplane Jelly Berry Blue 85g",
        "price": 1.15,
        "unitPrice": "$1.35 / 100G"
    },
    {
        "category": "specials",
        "href": "https://www.woolworths.com.au/shop/productdetails/517797/aeroplane-mug-cake-sticky-date",
        "imgName": "517797.jpg",
        "imgSrc": "https://cdn0.woolworths.media/content/wowproductimages/medium/517797.jpg",
        "name": "Aeroplane Mug Cake Sticky Date 65g",
        "price": 1.5,
        "unitPrice": "$2.31 / 100G"
    },
    {
        "category": "specials",
        "href": "https://www.woolworths.com.au/shop/productdetails/893895/asian-tonight-simmer-sauce-peanut-satay",
        "imgName": "893895.jpg",
        "imgSrc": "https://cdn0.woolworths.media/content/wowproductimages/medium/893895.jpg",
        "name": "Asian Tonight Simmer Sauce Peanut Satay 510g",
        "price": 3.15,
        "unitPrice": "$0.63 / 100G"
    },
    {
        "category": "specials",
        "href": "https://www.woolworths.com.au/shop/productdetails/657910/monteith-s-pointers-pale-ale-bottles",
        "imgName": "657910.jpg",
        "imgSrc": "https://cdn0.woolworths.media/content/wowproductimages/medium/657910.jpg",
        "name": "Monteith's Pointers Pale Ale Bottles 24x330ml case",
        "price": 65,
        "special": 50
    },
    {
        "category": "specials",
        "href": "https://www.woolworths.com.au/shop/productdetails/904192/johnnie-walker-red-label-whisky-dry-cans",
        "imgName": "904192.jpg",
        "imgSrc": "https://cdn0.woolworths.media/content/wowproductimages/medium/904192.jpg",
        "name": "Johnnie Walker Red Label Whisky & Dry Cans 24x375ml",
        "price": 87,
        "special": 76
    },
    {
        "category": "specials",
        "href": "https://www.woolworths.com.au/shop/productdetails/980201/saxton-apple-cider-bottles",
        "imgName": "980201.jpg",
        "imgSrc": "https://cdn0.woolworths.media/content/wowproductimages/medium/980201.jpg",
        "name": "Saxton Apple Cider Bottles 6x330ml",
        "price": 21,
        "special": 19
    },
    {
        "category": "specials",
        "href": "https://www.woolworths.com.au/shop/productdetails/751306/bartons-pickles-piccalilli",
        "imgName": "751306.jpg",
        "imgSrc": "https://cdn0.woolworths.media/content/wowproductimages/medium/751306.jpg",
        "name": "Bartons Pickles Piccalilli 270g",
        "price": 3.7,
        "special": 3,
        "unitPrice": "$1.11 / 100G"
    },
    {
        "category": "specials",
        "href": "https://www.woolworths.com.au/shop/productdetails/174927/yalumba-shiraz-cabernet-the-signature",
        "imgName": "174927.jpg",
        "imgSrc": "https://cdn0.woolworths.media/content/wowproductimages/medium/174927.jpg",
        "name": "Yalumba Shiraz Cabernet The Signature 750ml",
        "price": 56,
        "special": 45
    },
    {
        "category": "specials",
        "href": "https://www.woolworths.com.au/shop/productdetails/603313/bonds-wonderbodies-bodysuit-size-2",
        "imgName": "603313.jpg",
        "imgSrc": "https://cdn0.woolworths.media/content/wowproductimages/medium/603313.jpg",
        "name": "Bonds Wonderbodies Bodysuit Size 2 each",
        "price": 26,
        "special": 15.6
    },
    {
        "category": "specials",
        "href": "https://www.woolworths.com.au/shop/productdetails/696805/cruiser-vodka-sugar-free-citrus-blend",
        "imgName": "696805.jpg",
        "imgSrc": "https://cdn0.woolworths.media/content/wowproductimages/medium/696805.jpg",
        "name": "Cruiser Vodka Sugar Free Citrus Blend 24x275ml",
        "price": 81,
        "special": 67
    },
    {
        "category": "specials",
        "href": "https://www.woolworths.com.au/shop/productdetails/589728/de-costi-prawns-sweet-chilli-butter",
        "imgName": "589728.jpg",
        "imgSrc": "https://cdn0.woolworths.media/content/wowproductimages/medium/589728.jpg",
        "name": "De Costi Prawns Sweet Chilli Butter 280g",
        "price": 13,
        "special": 12,
        "unitPrice": "$42.86 / 1KG"
    },
    {
        "category": "specials",
        "href": "https://www.woolworths.com.au/shop/productdetails/625986/pure-tassie-organic-apple-juice",
        "imgName": "625986.jpg",
        "imgSrc": "https://cdn0.woolworths.media/content/wowproductimages/medium/625986.jpg",
        "name": "Pure Tassie Organic Apple Juice 1.5l",
        "price": 5.5,
        "special": 4,
        "unitPrice": "$2.67 / 1L"
    },
    {
        "category": "specials",
        "href": "https://www.woolworths.com.au/shop/productdetails/663177/farmers-union-greek-style-yoghurt-pouch-real-vanilla-bean",
        "imgName": "663177.jpg",
        "imgSrc": "https://cdn0.woolworths.media/content/wowproductimages/medium/663177.jpg",
        "name": "Farmers Union Greek Style Yoghurt Pouch Real Vanilla Bean 130g",
        "price": 2.25,
        "special": 1.5,
        "unitPrice": "$1.15 / 100G"
    },
    {
        "category": "specials",
        "href": "https://www.woolworths.com.au/shop/productdetails/563545/schwarzkopf-live-colour-hair-colour-pastels-cool-grey",
        "imgName": "563545.jpg",
        "imgSrc": "https://cdn0.woolworths.media/content/wowproductimages/medium/563545.jpg",
        "name": "Schwarzkopf Live Colour Hair Colour Pastels Cool Grey each",
        "price": 5,
        "special": 4
    },
    {
        "category": "specials",
        "href": "https://www.woolworths.com.au/shop/productdetails/604062/christmas-clear-cello-wrap",
        "imgName": "604062.jpg",
        "imgSrc": "https://cdn0.woolworths.media/content/wowproductimages/medium/604062.jpg",
        "name": "Christmas Clear Cello Wrap 5m",
        "price": 2,
        "special": 1.6,
        "unitPrice": "$1.60 / 1EA"
    },
    {
        "category": "specials",
        "href": "https://www.woolworths.com.au/shop/productdetails/661997/aeroplane-chocolate-mousse-mix",
        "imgName": "661997.jpg",
        "imgSrc": "https://cdn0.woolworths.media/content/wowproductimages/medium/661997.jpg",
        "name": "Aeroplane Chocolate Mousse Mix 65g",
        "price": 2.25,
        "special": 1.5,
        "unitPrice": "$2.31 / 100G"
    },
    {
        "category": "specials",
        "href": "https://www.woolworths.com.au/shop/productdetails/646706/danone-yopro-yoghurt-strawberry",
        "imgName": "646706.jpg",
        "imgSrc": "https://cdn0.woolworths.media/content/wowproductimages/medium/646706.jpg",
        "name": "Danone Yopro Yoghurt Strawberry 160g",
        "price": 2.25,
        "special": 2,
        "unitPrice": "$1.25 / 100G"
    },
    {
        "category": "specials",
        "href": "https://www.woolworths.com.au/shop/productdetails/605612/christmas-gold-wrapping-paper",
        "imgName": "605612.jpg",
        "imgSrc": "https://cdn0.woolworths.media/content/wowproductimages/medium/605612.jpg",
        "name": "Christmas Gold Wrapping Paper 5m",
        "price": 3,
        "special": 2.4,
        "unitPrice": "$2.40 / 1EA"
    },
    {
        "category": "specials",
        "href": "https://www.woolworths.com.au/shop/productdetails/603979/christmas-santa-elf-hat",
        "imgName": "603979.jpg",
        "imgSrc": "https://cdn0.woolworths.media/content/wowproductimages/medium/603979.jpg",
        "name": "Christmas Santa & Elf Hat each",
        "price": 3,
        "special": 1.5,
        "unitPrice": "$1.50 / 1EA"
    },
    {
        "category": "specials",
        "href": "https://www.woolworths.com.au/shop/productdetails/773952/smirnoff-double-black-vodka",
        "imgName": "773952.jpg",
        "imgSrc": "https://cdn0.woolworths.media/content/wowproductimages/medium/773952.jpg",
        "name": "Smirnoff Double Black Vodka  700ml",
        "price": 50,
        "special": 40
    },
    {
        "category": "specials",
        "href": "https://www.woolworths.com.au/shop/productdetails/604077/christmas-starwars-wrapping-paper",
        "imgName": "604077.jpg",
        "imgSrc": "https://cdn0.woolworths.media/content/wowproductimages/medium/604077.jpg",
        "name": "Christmas Starwars Wrapping Paper 3m",
        "price": 3,
        "special": 2.4,
        "unitPrice": "$2.40 / 1EA"
    },
    {
        "category": "specials",
        "href": "https://www.woolworths.com.au/shop/productdetails/200814/elastoplast-plastic-plasters-water-resistant",
        "imgName": "200814.jpg",
        "imgSrc": "https://cdn0.woolworths.media/content/wowproductimages/medium/200814.jpg",
        "name": "Elastoplast Plastic Plasters Water-resistant 40pk",
        "price": 3,
        "special": 2.65,
        "unitPrice": "$0.07 / 1EA"
    },
    {
        "category": "specials",
        "href": "https://www.woolworths.com.au/shop/productdetails/612015/christmas-wrap-70cm-value-pack",
        "imgName": "612015.jpg",
        "imgSrc": "https://cdn0.woolworths.media/content/wowproductimages/medium/612015.jpg",
        "name": "Christmas Wrap 70cm Value Pack 6m",
        "price": 2,
        "special": 1.6
    },
    {
        "category": "specials",
        "href": "https://www.woolworths.com.au/shop/productdetails/583767/glen-20-disinfectant-max-cover-mist-lavender",
        "imgName": "583767.jpg",
        "imgSrc": "https://cdn0.woolworths.media/content/wowproductimages/medium/583767.jpg",
        "name": "Glen 20 Disinfectant Max Cover Mist Lavender 345g",
        "price": 8,
        "special": 6.8,
        "unitPrice": "$1.92 / 100G"
    },
    {
        "category": "specials",
        "href": "https://www.woolworths.com.au/shop/productdetails/598307/christmas-flannelback-table-cloth-1-5mx2-6m",
        "imgName": "598307.jpg",
        "imgSrc": "https://cdn0.woolworths.media/content/wowproductimages/medium/598307.jpg",
        "name": "Christmas Flannelback Table Cloth 1.5mx2.6m each",
        "price": 8,
        "special": 6.4
    },
    {
        "category": "specials",
        "href": "https://www.woolworths.com.au/shop/productdetails/516755/bic-kids-oil-pastels",
        "imgName": "516755.jpg",
        "imgSrc": "https://cdn0.woolworths.media/content/wowproductimages/medium/516755.jpg",
        "name": "Bic Kids Oil Pastels  12pk",
        "price": 5,
        "special": 3.5,
        "unitPrice": "$3.50 / 1EA"
    },
    {
        "category": "specials",
        "href": "https://www.woolworths.com.au/shop/productdetails/642821/gold-whole-turkey-with-cranberry-macadamia-stuffing",
        "imgName": "642821.jpg",
        "imgSrc": "https://cdn0.woolworths.media/content/wowproductimages/medium/642821.jpg",
        "name": "Gold Whole Turkey With Cranberry & Macadamia Stuffing 2.6kg",
        "price": 48.99,
        "special": 36,
        "unitPrice": "$13.85 / 1KG"
    },
    {
        "category": "specials",
        "href": "https://www.woolworths.com.au/shop/productdetails/656930/byron-bay-dotty-cookies",
        "imgName": "656930.jpg",
        "imgSrc": "https://cdn0.woolworths.media/content/wowproductimages/medium/656930.jpg",
        "name": "Byron Bay Dotty Cookies  100g",
        "price": 2.5,
        "special": 2,
        "unitPrice": "$2.00 / 100G"
    },
    {
        "category": "specials",
        "href": "https://www.woolworths.com.au/shop/productdetails/603901/christmas-woodland-metal-star-tree-white-washed",
        "imgName": "603901.jpg",
        "imgSrc": "https://cdn0.woolworths.media/content/wowproductimages/medium/603901.jpg",
        "name": "Christmas Woodland Metal Star/tree White Washed each",
        "price": 4,
        "special": 2.4,
        "unitPrice": "$2.40 / 1EA"
    },
    {
        "category": "specials",
        "href": "https://www.woolworths.com.au/shop/productdetails/598309/christmas-flannelback-table-cloth-1-35mx1-8m",
        "imgName": "598309.jpg",
        "imgSrc": "https://cdn0.woolworths.media/content/wowproductimages/medium/598309.jpg",
        "name": "Christmas Flannelback Table Cloth 1.35mx1.8m each",
        "price": 6,
        "special": 4.8
    },
    {
        "category": "specials",
        "href": "https://www.woolworths.com.au/shop/productdetails/617252/yoplait-yoghurt-vanilla",
        "imgName": "617252.jpg",
        "imgSrc": "https://cdn0.woolworths.media/content/wowproductimages/medium/617252.jpg",
        "name": "Yoplait Yoghurt Vanilla 6x175g",
        "price": 5,
        "unitPrice": "$0.48 / 100G"
    },
    {
        "category": "specials",
        "href": "https://www.woolworths.com.au/shop/productdetails/791422/d-agostino-pizza-meat-lovers",
        "imgName": "791422.jpg",
        "imgSrc": "https://cdn0.woolworths.media/content/wowproductimages/medium/791422.jpg",
        "name": "D'agostino Pizza Meat Lovers 470g",
        "price": 3.5,
        "unitPrice": "$0.74 / 100G"
    },
    {
        "category": "specials",
        "href": "https://www.woolworths.com.au/shop/productdetails/790574/jalna-pure-blueberry-yoghurt",
        "imgName": "790574.jpg",
        "imgSrc": "https://cdn0.woolworths.media/content/wowproductimages/medium/790574.jpg",
        "name": "Jalna Pure Blueberry Yoghurt 200g",
        "price": 2.8,
        "special": 2,
        "unitPrice": "$1.00 / 100G"
    },
    {
        "category": "specials",
        "href": "https://www.woolworths.com.au/shop/productdetails/473746/nando-s-perinaise-sauce-mild",
        "imgName": "473746.jpg",
        "imgSrc": "https://cdn0.woolworths.media/content/wowproductimages/medium/473746.jpg",
        "name": "Nando's Perinaise Sauce Mild 265g",
        "price": 3.99,
        "special": 3.5,
        "unitPrice": "$1.32 / 100G"
    },
    {
        "category": "specials",
        "href": "https://www.woolworths.com.au/shop/productdetails/740493/philips-cfl-tornado-warm-white-12w-es-base",
        "imgName": "740493.jpg",
        "imgSrc": "https://cdn0.woolworths.media/content/wowproductimages/medium/740493.jpg",
        "name": "Philips Cfl Tornado Warm White 12w Es Base each",
        "price": 6.5,
        "special": 5.2,
        "unitPrice": "$5.20 / 1EA"
    },
    {
        "category": "specials",
        "href": "https://www.woolworths.com.au/shop/productdetails/863130/palmolive-naturals-shampoo-smooth-shine",
        "imgName": "863130.jpg",
        "imgSrc": "https://cdn0.woolworths.media/content/wowproductimages/medium/863130.jpg",
        "name": "Palmolive Naturals Shampoo Smooth & Shine 350ml",
        "price": 5,
        "special": 4,
        "unitPrice": "$1.14 / 100ML"
    },
    {
        "category": "specials",
        "href": "https://www.woolworths.com.au/shop/productdetails/660268/only-organic-pasta-bolognese",
        "imgName": "660268.jpg",
        "imgSrc": "https://cdn0.woolworths.media/content/wowproductimages/medium/660268.jpg",
        "name": "Only Organic Pasta Bolognese 170g",
        "price": 2.9,
        "special": 2,
        "unitPrice": "$1.18 / 100G"
    },
    {
        "category": "specials",
        "href": "https://www.woolworths.com.au/shop/productdetails/527178/tasmanian-heritage-blue-cheese-snack",
        "imgName": "527178.jpg",
        "imgSrc": "https://cdn0.woolworths.media/content/wowproductimages/medium/527178.jpg",
        "name": "Tasmanian Heritage Blue Cheese Snack  80g",
        "price": 3.5,
        "unitPrice": "$43.75 / 1KG"
    },
    {
        "category": "specials",
        "href": "https://www.woolworths.com.au/shop/productdetails/604045/christmas-bon-bons-pastel-jewels",
        "imgName": "604045.jpg",
        "imgSrc": "https://cdn0.woolworths.media/content/wowproductimages/medium/604045.jpg",
        "name": "Christmas Bon Bons Pastel Jewels 6pk",
        "price": 15,
        "special": 12,
        "unitPrice": "$12.00 / 1EA"
    },
    {
        "category": "specials",
        "href": "https://www.woolworths.com.au/shop/productdetails/650608/asahi-super-dry-lager-cans",
        "imgName": "650608.jpg",
        "imgSrc": "https://cdn0.woolworths.media/content/wowproductimages/medium/650608.jpg",
        "name": "Asahi Super Dry Lager Cans 24x500ml case",
        "price": 81,
        "special": 73
    },
    {
        "category": "specials",
        "href": "https://www.woolworths.com.au/shop/productdetails/631397/swisspers-micellar-coconut-water-wipes",
        "imgName": "631397.jpg",
        "imgSrc": "https://cdn0.woolworths.media/content/wowproductimages/medium/631397.jpg",
        "name": "Swisspers Micellar & Coconut Water Wipes 25pk",
        "price": 6,
        "special": 5,
        "unitPrice": "$0.20 / 1EA"
    },
    {
        "category": "specials",
        "href": "https://www.woolworths.com.au/shop/productdetails/406851/quest-bar-protein-bar-double-choc-chunk",
        "imgName": "406851.jpg",
        "imgSrc": "https://cdn0.woolworths.media/content/wowproductimages/medium/406851.jpg",
        "name": "Quest Bar Protein Bar Double Choc Chunk 60g",
        "price": 4,
        "special": 3.5,
        "unitPrice": "$5.83 / 100G"
    },
    {
        "category": "specials",
        "href": "https://www.woolworths.com.au/shop/productdetails/574395/woolworths-thick-creamy-yoghurt-madagascan-vanilla-bean",
        "imgName": "574395.jpg",
        "imgSrc": "https://cdn0.woolworths.media/content/wowproductimages/medium/574395.jpg",
        "name": "Woolworths Thick & Creamy Yoghurt Madagascan Vanilla Bean 700g",
        "price": 5,
        "unitPrice": "$0.71 / 100G"
    },
    {
        "category": "specials",
        "href": "https://www.woolworths.com.au/shop/productdetails/694550/woolworths-select-basmati-rice",
        "imgName": "694550.jpg",
        "imgSrc": "https://cdn0.woolworths.media/content/wowproductimages/medium/694550.jpg",
        "name": "Woolworths Select Basmati Rice  1kg",
        "price": 2.8,
        "unitPrice": "$0.28 / 100G"
    },
    {
        "category": "specials",
        "href": "https://www.woolworths.com.au/shop/productdetails/662937/mccain-superfries-shoestring",
        "imgName": "662937.jpg",
        "imgSrc": "https://cdn0.woolworths.media/content/wowproductimages/medium/662937.jpg",
        "name": "Mccain Superfries Shoestring  900g",
        "price": 3.79,
        "special": 3,
        "unitPrice": "$3.33 / 1KG"
    },
    {
        "category": "specials",
        "href": "https://www.woolworths.com.au/shop/productdetails/604067/christmas-wrapping-paper-bulk-pack-70cm-x",
        "imgName": "604067.jpg",
        "imgSrc": "https://cdn0.woolworths.media/content/wowproductimages/medium/604067.jpg",
        "name": "Christmas Wrapping Paper Bulk Pack 70cm X 12m",
        "price": 4,
        "special": 3.2,
        "unitPrice": "$3.20 / 1EA"
    },
    {
        "category": "specials",
        "href": "https://www.woolworths.com.au/shop/productdetails/661052/heinz-ruskettes-apple-spinach-kale",
        "imgName": "661052.jpg",
        "imgSrc": "https://cdn0.woolworths.media/content/wowproductimages/medium/661052.jpg",
        "name": "Heinz Ruskettes Apple,spinach & Kale 84g",
        "price": 4.5,
        "special": 3,
        "unitPrice": "$3.57 / 100G"
    },
    {
        "category": "specials",
        "href": "https://www.woolworths.com.au/shop/productdetails/101472/hamper-beef-corned-lite",
        "imgName": "101472.jpg",
        "imgSrc": "https://cdn0.woolworths.media/content/wowproductimages/medium/101472.jpg",
        "name": "Hamper Beef Corned Lite 340g",
        "price": 5.5,
        "special": 4.5,
        "unitPrice": "$13.24 / 1KG"
    },
    {
        "category": "specials",
        "href": "https://www.woolworths.com.au/shop/productdetails/345982/finish-dishwasher-cleaner-lemon-sparkle",
        "imgName": "345982.jpg",
        "imgSrc": "https://cdn0.woolworths.media/content/wowproductimages/medium/345982.jpg",
        "name": "Finish Dishwasher Cleaner Lemon Sparkle 250ml",
        "price": 5,
        "unitPrice": "$2.00 / 100ML"
    },
    {
        "category": "specials",
        "href": "https://www.woolworths.com.au/shop/productdetails/559274/mud-lipstick-rouge-red",
        "imgName": "559274.jpg",
        "imgSrc": "https://cdn0.woolworths.media/content/wowproductimages/medium/559274.jpg",
        "name": "Mud Lipstick Rouge Red 3g",
        "price": 3,
        "unitPrice": "$10.00 / 10G"
    },
    {
        "category": "specials",
        "href": "https://www.woolworths.com.au/shop/productdetails/633858/four-n-twenty-party-pie-tray",
        "imgName": "633858.jpg",
        "imgSrc": "https://cdn0.woolworths.media/content/wowproductimages/medium/633858.jpg",
        "name": "Four'n Twenty? Party Pie Tray 12pk",
        "price": 7,
        "special": 5,
        "unitPrice": "$0.83 / 100G"
    },
    {
        "category": "specials",
        "href": "https://www.woolworths.com.au/shop/productdetails/583801/life-scents-wax-melt-winter-moments",
        "imgName": "583801.jpg",
        "imgSrc": "https://cdn0.woolworths.media/content/wowproductimages/medium/583801.jpg",
        "name": "Life Scents Wax Melt Winter Moments 48g",
        "price": 6,
        "unitPrice": "$12.50 / 100G"
    },
    {
        "category": "specials",
        "href": "https://www.woolworths.com.au/shop/productdetails/479743/ainsley-harriot-cous-cous-spice-sensation",
        "imgName": "479743.jpg",
        "imgSrc": "https://cdn0.woolworths.media/content/wowproductimages/medium/479743.jpg",
        "name": "Ainsley Harriot Cous Cous Spice Sensation 100g",
        "price": 2.1,
        "unitPrice": "$2.10 / 100G"
    },
    {
        "category": "specials",
        "href": "https://www.woolworths.com.au/shop/productdetails/532377/pure-produce-company-dip-kale-rocket-white-bean",
        "imgName": "532377.jpg",
        "imgSrc": "https://cdn0.woolworths.media/content/wowproductimages/medium/532377.jpg",
        "name": "Pure Produce Company Dip Kale Rocket White Bean 200g",
        "price": 5.5,
        "special": 4.5,
        "unitPrice": "$22.50 / 1KG"
    },
    {
        "category": "specials",
        "href": "https://www.woolworths.com.au/shop/productdetails/642825/maltesers-teasers-block",
        "imgName": "642825.jpg",
        "imgSrc": "https://cdn0.woolworths.media/content/wowproductimages/medium/642825.jpg",
        "name": "Maltesers Teasers Block  150g",
        "price": 4.8,
        "special": 3,
        "unitPrice": "$2.00 / 100G"
    },
    {
        "category": "specials",
        "href": "https://www.woolworths.com.au/shop/productdetails/659674/jalna-pot-set-premium-extra-virgin-olive-oil-spread",
        "imgName": "659674.jpg",
        "imgSrc": "https://cdn0.woolworths.media/content/wowproductimages/medium/659674.jpg",
        "name": "Jalna Pot Set Premium Extra Virgin Olive Oil Spread 270g",
        "price": 4,
        "special": 3,
        "unitPrice": "$1.11 / 100G"
    },
    {
        "category": "specials",
        "href": "https://www.woolworths.com.au/shop/productdetails/662970/optusx-spirit-xmas",
        "imgName": "662970.jpg",
        "imgSrc": "https://cdn0.woolworths.media/content/wowproductimages/medium/662970.jpg",
        "name": "Optusx Spirit Xmas  1ea",
        "price": 99,
        "special": 69
    },
    {
        "category": "specials",
        "href": "https://www.woolworths.com.au/shop/productdetails/789939/rafferty-s-garden-food-6-months-strawberries-cream-custard",
        "imgName": "789939.jpg",
        "imgSrc": "https://cdn0.woolworths.media/content/wowproductimages/medium/789939.jpg",
        "name": "Rafferty's Garden Food 6 Months Strawberries & Cream Custard 120g",
        "price": 1.65,
        "unitPrice": "$1.38 / 100G"
    },
    {
        "category": "specials",
        "href": "https://www.woolworths.com.au/shop/productdetails/964036/pauls-longlife-milk-full-cream",
        "imgName": "964036.jpg",
        "imgSrc": "https://cdn0.woolworths.media/content/wowproductimages/medium/964036.jpg",
        "name": "Pauls Longlife Milk Full Cream 2l",
        "price": 2.5,
        "special": 2,
        "unitPrice": "$1.00 / 1L"
    },
    {
        "category": "specials",
        "href": "https://www.woolworths.com.au/shop/productdetails/939334/smooze-pineapple-coconut",
        "imgName": "939334.jpg",
        "imgSrc": "https://cdn0.woolworths.media/content/wowproductimages/medium/939334.jpg",
        "name": "Smooze Pineapple & Coconut  8x65ml",
        "price": 6,
        "unitPrice": "$1.15 / 100ML"
    },
    {
        "category": "specials",
        "href": "https://www.woolworths.com.au/shop/productdetails/487049/palmolive-conditioner-vibrant-colour",
        "imgName": "487049.jpg",
        "imgSrc": "https://cdn0.woolworths.media/content/wowproductimages/medium/487049.jpg",
        "name": "Palmolive Conditioner Vibrant Colour 700ml",
        "price": 7,
        "unitPrice": "$1.00 / 100ML"
    },
    {
        "category": "specials",
        "href": "https://www.woolworths.com.au/shop/productdetails/662933/mccain-superfries-straight-cut",
        "imgName": "662933.jpg",
        "imgSrc": "https://cdn0.woolworths.media/content/wowproductimages/medium/662933.jpg",
        "name": "Mccain Superfries Straight Cut  900g",
        "price": 3.79,
        "special": 3,
        "unitPrice": "$3.33 / 1KG"
    },
    {
        "category": "specials",
        "href": "https://www.woolworths.com.au/shop/productdetails/522824/tefal-cook-right-frypan-black",
        "imgName": "522824.jpg",
        "imgSrc": "https://cdn0.woolworths.media/content/wowproductimages/medium/522824.jpg",
        "name": "Tefal Cook Right Frypan Black 32cm each",
        "price": 36,
        "special": 27
    },
    {
        "category": "specials",
        "href": "https://www.woolworths.com.au/shop/productdetails/573126/first-force-insect-control-system-refill-indoor-outdoor",
        "imgName": "573126.jpg",
        "imgSrc": "https://cdn0.woolworths.media/content/wowproductimages/medium/573126.jpg",
        "name": "First Force Insect Control System Refill Indoor & Outdoor 165g",
        "price": 5,
        "unitPrice": "$3.03 / 100G"
    },
    {
        "category": "specials",
        "href": "https://www.woolworths.com.au/shop/productdetails/633645/ocean-blue-smoked-sliced-salmon-selection",
        "imgName": "633645.jpg",
        "imgSrc": "https://cdn0.woolworths.media/content/wowproductimages/medium/633645.jpg",
        "name": "Ocean Blue Smoked & Sliced Salmon Selection 210g",
        "price": 12.5,
        "special": 11.5,
        "unitPrice": "$54.76 / 1KG"
    },
    {
        "category": "specials",
        "href": "https://www.woolworths.com.au/shop/productdetails/640127/enjoy-life-choc-chip-crunchy-cookies",
        "imgName": "640127.jpg",
        "imgSrc": "https://cdn0.woolworths.media/content/wowproductimages/medium/640127.jpg",
        "name": "Enjoy Life Choc Chip Crunchy Cookies 182g",
        "price": 6.5,
        "special": 5,
        "unitPrice": "$2.75 / 100G"
    },
    {
        "category": "specials",
        "href": "https://www.woolworths.com.au/shop/productdetails/571025/batiste-dry-shampoo-original",
        "imgName": "571025.jpg",
        "imgSrc": "https://cdn0.woolworths.media/content/wowproductimages/medium/571025.jpg",
        "name": "Batiste Dry Shampoo Original 200ml",
        "price": 10,
        "special": 7,
        "unitPrice": "$3.50 / 100ML"
    },
    {
        "category": "specials",
        "href": "https://www.woolworths.com.au/shop/productdetails/299005/clio-plain-hi-cut-brief-underwear-assorted-colours-14-16",
        "imgName": "299005.jpg",
        "imgSrc": "https://cdn0.woolworths.media/content/wowproductimages/medium/299005.jpg",
        "name": "Clio Plain Hi Cut Brief Underwear Assorted Colours 14-16 each",
        "price": 7.5,
        "special": 5.25
    },
    {
        "category": "specials",
        "href": "https://www.woolworths.com.au/shop/productdetails/824903/avent-nursing-pads-day",
        "imgName": "824903.jpg",
        "imgSrc": "https://cdn0.woolworths.media/content/wowproductimages/medium/824903.jpg",
        "name": "Avent Nursing Pads Day 30pk",
        "price": 9,
        "special": 6.3,
        "unitPrice": "$0.21 / 1EA"
    },
    {
        "category": "specials",
        "href": "https://www.woolworths.com.au/shop/productdetails/696793/cruiser-vodka-zesty-lemon-lime",
        "imgName": "696793.jpg",
        "imgSrc": "https://cdn0.woolworths.media/content/wowproductimages/medium/696793.jpg",
        "name": "Cruiser Vodka Zesty Lemon Lime 24x275ml",
        "price": 81,
        "special": 67
    },
    {
        "category": "specials",
        "href": "https://www.woolworths.com.au/shop/productdetails/404352/skin-republic-spot-blemish-fask-mask",
        "imgName": "404352.jpg",
        "imgSrc": "https://cdn0.woolworths.media/content/wowproductimages/medium/404352.jpg",
        "name": "Skin Republic Spot Blemish Fask Mask each",
        "price": 8,
        "special": 6.4,
        "unitPrice": "$6.40 / 1EA"
    },
    {
        "category": "specials",
        "href": "https://www.woolworths.com.au/shop/productdetails/979107/kopparberg-pear-cider-cans",
        "imgName": "979107.jpg",
        "imgSrc": "https://cdn0.woolworths.media/content/wowproductimages/medium/979107.jpg",
        "name": "Kopparberg Pear Cider Cans 10x330ml",
        "price": 24,
        "special": 18
    },
    {
        "category": "specials",
        "href": "https://www.woolworths.com.au/shop/productdetails/224203/heinz-canned-soup-chunky-beef-stockpot",
        "imgName": "224203.jpg",
        "imgSrc": "https://cdn0.woolworths.media/content/wowproductimages/medium/224203.jpg",
        "name": "Heinz Canned Soup Chunky Beef Stockpot 535g",
        "price": 2.5,
        "unitPrice": "$0.47 / 100G"
    },
    {
        "category": "specials",
        "href": "https://www.woolworths.com.au/shop/productdetails/501477/caffitaly-s24-black-coffee-machine",
        "imgName": "501477.jpg",
        "imgSrc": "https://cdn0.woolworths.media/content/wowproductimages/medium/501477.jpg",
        "name": "Caffitaly S24 Black Coffee Machine each",
        "price": 119,
        "special": 79,
        "unitPrice": "$79.00 / 1EA"
    },
    {
        "category": "specials",
        "href": "https://www.woolworths.com.au/shop/productdetails/25890/wolf-blass-shiraz-grey-label",
        "imgName": "025890.jpg",
        "imgSrc": "https://cdn0.woolworths.media/content/wowproductimages/medium/025890.jpg",
        "name": "Wolf Blass Shiraz Grey Label 750ml",
        "price": 43,
        "special": 36
    },
    {
        "category": "specials",
        "href": "https://www.woolworths.com.au/shop/productdetails/554596/hans-hungarian-salami",
        "imgName": "554596.jpg",
        "imgSrc": "https://cdn0.woolworths.media/content/wowproductimages/medium/554596.jpg",
        "name": "Hans Hungarian Salami  200g",
        "price": 6.99,
        "unitPrice": "$34.95 / 1KG"
    },
    {
        "category": "specials",
        "href": "https://www.woolworths.com.au/shop/productdetails/549801/nescafe-gold-iced-coffee-concentrate-intense-espresso",
        "imgName": "549801.jpg",
        "imgSrc": "https://cdn0.woolworths.media/content/wowproductimages/medium/549801.jpg",
        "name": "Nescafe Gold Iced Coffee Concentrate Intense Espresso 96ml",
        "price": 6.5,
        "special": 4.5,
        "unitPrice": "$4.69 / 100ML"
    },
    {
        "category": "specials",
        "href": "https://www.woolworths.com.au/shop/productdetails/575573/woolworths-garlic-chicken-bites",
        "imgName": "575573.jpg",
        "imgSrc": "https://cdn0.woolworths.media/content/wowproductimages/medium/575573.jpg",
        "name": "Woolworths Garlic Chicken Bites  360g",
        "price": 5,
        "special": 4,
        "unitPrice": "$1.11 / 100G"
    },
    {
        "category": "specials",
        "href": "https://www.woolworths.com.au/shop/productdetails/199639/sakata-rice-crackers-cheddar-cheese",
        "imgName": "199639.jpg",
        "imgSrc": "https://cdn0.woolworths.media/content/wowproductimages/medium/199639.jpg",
        "name": "Sakata Rice Crackers Cheddar Cheese 100g",
        "price": 2.3,
        "special": 2,
        "unitPrice": "$2.00 / 100G"
    },
    {
        "category": "specials",
        "href": "https://www.woolworths.com.au/shop/productdetails/551816/gloria-jeans-caramel-indulgence-coffee-capsules",
        "imgName": "551816.jpg",
        "imgSrc": "https://cdn0.woolworths.media/content/wowproductimages/medium/551816.jpg",
        "name": "Gloria Jeans Caramel Indulgence Coffee Capsules 10pk 80g",
        "price": 6,
        "special": 4.8,
        "unitPrice": "$6.00 / 100G"
    },
    {
        "category": "specials",
        "href": "https://www.woolworths.com.au/shop/productdetails/615736/splashings-wave-2",
        "imgName": "615736.jpg",
        "imgSrc": "https://cdn0.woolworths.media/content/wowproductimages/medium/615736.jpg",
        "name": "Splashings Wave 2   6pk",
        "price": 8,
        "special": 6.4
    },
    {
        "category": "specials",
        "href": "https://www.woolworths.com.au/shop/productdetails/923912/red-rock-deli-roast-tomato-feta-basil-cashew-dip",
        "imgName": "923912.jpg",
        "imgSrc": "https://cdn0.woolworths.media/content/wowproductimages/medium/923912.jpg",
        "name": "Red Rock Deli Roast Tomato Feta Basil & Cashew Dip 150g",
        "price": 4.6,
        "special": 4,
        "unitPrice": "$2.67 / 100G"
    },
    {
        "category": "specials",
        "href": "https://www.woolworths.com.au/shop/productdetails/632819/gillette-venus-olay-comfort-glide-sugarberry-razor",
        "imgName": "632819.jpg",
        "imgSrc": "https://cdn0.woolworths.media/content/wowproductimages/medium/632819.jpg",
        "name": "Gillette Venus & Olay Comfort Glide Sugarberry Razor 1pk",
        "price": 17,
        "unitPrice": "$17.00 / 1EA"
    },
    {
        "category": "specials",
        "href": "https://www.woolworths.com.au/shop/productdetails/603806/l-or-espresso-supremo-coffee-capsule",
        "imgName": "603806.jpg",
        "imgSrc": "https://cdn0.woolworths.media/content/wowproductimages/medium/603806.jpg",
        "name": "L'or Espresso Supremo Coffee Capsule 10pk 52g",
        "price": 6,
        "special": 4,
        "unitPrice": "$7.69 / 100G"
    },
    {
        "category": "specials",
        "href": "https://www.woolworths.com.au/shop/productdetails/3671/cottons-tampons-regular",
        "imgName": "003671.jpg",
        "imgSrc": "https://cdn0.woolworths.media/content/wowproductimages/medium/003671.jpg",
        "name": "Cottons Tampons Regular 16pk",
        "price": 5.4,
        "special": 4.5,
        "unitPrice": "$0.28 / 1EA"
    },
    {
        "category": "specials",
        "href": "https://www.woolworths.com.au/shop/productdetails/605611/christmas-pastel-wrapping-paper",
        "imgName": "605611.jpg",
        "imgSrc": "https://cdn0.woolworths.media/content/wowproductimages/medium/605611.jpg",
        "name": "Christmas Pastel Wrapping Paper 5m",
        "price": 3,
        "special": 2.4,
        "unitPrice": "$2.40 / 1EA"
    },
    {
        "category": "specials",
        "href": "https://www.woolworths.com.au/shop/productdetails/258031/wrigley-s-extra-sugarfree-gum-spearmint",
        "imgName": "258031.jpg",
        "imgSrc": "https://cdn0.woolworths.media/content/wowproductimages/medium/258031.jpg",
        "name": "Wrigley's Extra Sugarfree Gum Spearmint 14pce 27g",
        "price": 2,
        "special": 1.6,
        "unitPrice": "$5.93 / 100G"
    },
    {
        "category": "specials",
        "href": "https://www.woolworths.com.au/shop/productdetails/522306/safcol-tuna-in-springwater",
        "imgName": "522306.jpg",
        "imgSrc": "https://cdn0.woolworths.media/content/wowproductimages/medium/522306.jpg",
        "name": "Safcol Tuna In Springwater 185g",
        "price": 2,
        "unitPrice": "$10.81 / 1KG"
    },
    {
        "category": "specials",
        "href": "https://www.woolworths.com.au/shop/productdetails/574763/diet-rite-cordial-apple-raspberry",
        "imgName": "574763.jpg",
        "imgSrc": "https://cdn0.woolworths.media/content/wowproductimages/medium/574763.jpg",
        "name": "Diet Rite Cordial Apple Raspberry 1l",
        "price": 3.5,
        "special": 3,
        "unitPrice": "$3.00 / 1L"
    },
    {
        "category": "specials",
        "href": "https://www.woolworths.com.au/shop/productdetails/791417/d-agostino-pizza-hawaiian",
        "imgName": "791417.jpg",
        "imgSrc": "https://cdn0.woolworths.media/content/wowproductimages/medium/791417.jpg",
        "name": "D'agostino Pizza Hawaiian 470g",
        "price": 3.5,
        "unitPrice": "$0.74 / 100G"
    },
    {
        "category": "specials",
        "href": "https://www.woolworths.com.au/shop/productdetails/30367/carefree-tampons-regular",
        "imgName": "030367.jpg",
        "imgSrc": "https://cdn0.woolworths.media/content/wowproductimages/medium/030367.jpg",
        "name": "Carefree Tampons Regular 20pk",
        "price": 4.7,
        "unitPrice": "$0.24 / 1EA"
    },
    {
        "category": "specials",
        "href": "https://www.woolworths.com.au/shop/productdetails/509978/calidad-brother-printer-ink-lc-38-lc-39-lc-67-black",
        "imgName": "509978.jpg",
        "imgSrc": "https://cdn0.woolworths.media/content/wowproductimages/medium/509978.jpg",
        "name": "Calidad Brother Printer Ink Lc-38 Lc-39 Lc-67 Black each",
        "price": 20
    },
    {
        "category": "specials",
        "href": "https://www.woolworths.com.au/shop/productdetails/35284/glad-tuff-stuff-forceflex-drawstring-garbage-bags",
        "imgName": "035284.jpg",
        "imgSrc": "https://cdn0.woolworths.media/content/wowproductimages/medium/035284.jpg",
        "name": "Glad Tuff Stuff Forceflex Drawstring Garbage Bags 20pk",
        "price": 6.79,
        "special": 5,
        "unitPrice": "$0.25 / 1EA"
    },
    {
        "category": "specials",
        "href": "https://www.woolworths.com.au/shop/productdetails/509865/woolworths-short-cut-bacon",
        "imgName": "509865.jpg",
        "imgSrc": "https://cdn0.woolworths.media/content/wowproductimages/medium/509865.jpg",
        "name": "Woolworths Short Cut Bacon  200g",
        "price": 4,
        "special": 3.5,
        "unitPrice": "$17.50 / 1KG"
    },
    {
        "category": "specials",
        "href": "https://www.woolworths.com.au/shop/productdetails/640125/enjoy-life-mixed-berry-chewy-bar",
        "imgName": "640125.jpg",
        "imgSrc": "https://cdn0.woolworths.media/content/wowproductimages/medium/640125.jpg",
        "name": "Enjoy Life Mixed Berry Chewy Bar 140g",
        "price": 6,
        "special": 4.5,
        "unitPrice": "$3.21 / 100G"
    },
    {
        "category": "specials",
        "href": "https://www.woolworths.com.au/shop/productdetails/617948/jalna-pot-set-a2-protien-yoghurt-whole-milk-natural",
        "imgName": "617948.jpg",
        "imgSrc": "https://cdn0.woolworths.media/content/wowproductimages/medium/617948.jpg",
        "name": "Jalna Pot Set A2 Protien Yoghurt Whole Milk Natural 1kg",
        "price": 7.9,
        "special": 5,
        "unitPrice": "$0.50 / 100G"
    },
    {
        "category": "specials",
        "href": "https://www.woolworths.com.au/shop/productdetails/794640/ocean-chef-salmon-lemon-pepper",
        "imgName": "794640.jpg",
        "imgSrc": "https://cdn0.woolworths.media/content/wowproductimages/medium/794640.jpg",
        "name": "Ocean Chef Salmon Lemon Pepper 1kg",
        "price": 28,
        "unitPrice": "$28.00 / 1KG"
    },
    {
        "category": "specials",
        "href": "https://www.woolworths.com.au/shop/productdetails/505006/mitchum-women-s-clinical-deodorant-roll-on-cool-fresh",
        "imgName": "505006.jpg",
        "imgSrc": "https://cdn0.woolworths.media/content/wowproductimages/medium/505006.jpg",
        "name": "Mitchum Women's Clinical Deodorant Roll On Cool Fresh 45g",
        "price": 10,
        "unitPrice": "$22.22 / 100G"
    },
    {
        "category": "specials",
        "href": "https://www.woolworths.com.au/shop/productdetails/796479/air-wick-eco-candle-mountain-berry-blossom",
        "imgName": "796479.jpg",
        "imgSrc": "https://cdn0.woolworths.media/content/wowproductimages/medium/796479.jpg",
        "name": "Air Wick Eco Candle Mountain Berry Blossom 100g",
        "price": 5,
        "unitPrice": "$5.00 / 100G"
    },
    {
        "category": "specials",
        "href": "https://www.woolworths.com.au/shop/productdetails/618614/leggo-s-fresh-tasty-cheese-sauce",
        "imgName": "618614.jpg",
        "imgSrc": "https://cdn0.woolworths.media/content/wowproductimages/medium/618614.jpg",
        "name": "Leggo's Fresh Tasty Cheese Sauce 250g",
        "price": 3.3,
        "unitPrice": "$1.32 / 100G"
    },
    {
        "category": "specials",
        "href": "https://www.woolworths.com.au/shop/productdetails/540293/chris-heritage-vanilla-panna-cotta",
        "imgName": "540293.jpg",
        "imgSrc": "https://cdn0.woolworths.media/content/wowproductimages/medium/540293.jpg",
        "name": "Chris' Heritage Vanilla Panna Cotta  160g",
        "price": 5,
        "special": 4,
        "unitPrice": "$2.50 / 100G"
    },
    {
        "category": "specials",
        "href": "https://www.woolworths.com.au/shop/productdetails/783400/baileys-irish-cream-liqueur-chocolat-luxe",
        "imgName": "783400.jpg",
        "imgSrc": "https://cdn0.woolworths.media/content/wowproductimages/medium/783400.jpg",
        "name": "Baileys Irish Cream Liqueur Chocolat Luxe 500ml",
        "price": 34,
        "special": 26
    },
    {
        "category": "specials",
        "href": "https://www.woolworths.com.au/shop/productdetails/786924/sunrice-satay-chicken-curry-rice",
        "imgName": "786924.jpg",
        "imgSrc": "https://cdn0.woolworths.media/content/wowproductimages/medium/786924.jpg",
        "name": "Sunrice Satay Chicken Curry & Rice 350g",
        "price": 4.5,
        "unitPrice": "$1.29 / 100G"
    },
    {
        "category": "specials",
        "href": "https://www.woolworths.com.au/shop/productdetails/660968/arkadia-chocolate-diy-ice-cream",
        "imgName": "660968.jpg",
        "imgSrc": "https://cdn0.woolworths.media/content/wowproductimages/medium/660968.jpg",
        "name": "Arkadia Chocolate Diy Ice Cream 170g",
        "price": 6,
        "special": 4,
        "unitPrice": "$1.18 / 100G"
    },
    {
        "category": "specials",
        "href": "https://www.woolworths.com.au/shop/productdetails/573122/first-force-fast-knockdown-flying-insect-killer",
        "imgName": "573122.jpg",
        "imgSrc": "https://cdn0.woolworths.media/content/wowproductimages/medium/573122.jpg",
        "name": "First Force Fast Knockdown Flying Insect Killer 300g",
        "price": 2.5,
        "unitPrice": "$0.83 / 100G"
    },
    {
        "category": "specials",
        "href": "https://www.woolworths.com.au/shop/productdetails/904605/cougar-bourbon-whiskey-cola-cans",
        "imgName": "904605.jpg",
        "imgSrc": "https://cdn0.woolworths.media/content/wowproductimages/medium/904605.jpg",
        "name": "Cougar Bourbon Whiskey & Cola Cans 6x375ml",
        "price": 25,
        "special": 21
    },
    {
        "category": "specials",
        "href": "https://www.woolworths.com.au/shop/productdetails/854113/inspire-onion-chopper",
        "imgName": "854113.jpg",
        "imgSrc": "https://cdn0.woolworths.media/content/wowproductimages/medium/854113.jpg",
        "name": "Inspire Onion Chopper  each",
        "price": 6
    },
    {
        "category": "specials",
        "href": "https://www.woolworths.com.au/shop/productdetails/790805/maybelline-make-up-remover-eye",
        "imgName": "790805.jpg",
        "imgSrc": "https://cdn0.woolworths.media/content/wowproductimages/medium/790805.jpg",
        "name": "Maybelline Make Up Remover Eye 70ml",
        "price": 4.95,
        "special": 3.45,
        "unitPrice": "$4.93 / 100ML"
    },
    {
        "category": "specials",
        "href": "https://www.woolworths.com.au/shop/productdetails/840899/continental-pasta-spinach-parmesan-bacon",
        "imgName": "840899.jpg",
        "imgSrc": "https://cdn0.woolworths.media/content/wowproductimages/medium/840899.jpg",
        "name": "Continental Pasta Spinach Parmesan & Bacon 97g",
        "price": 2.75,
        "special": 2,
        "unitPrice": "$2.20 / 100G"
    },
    {
        "category": "specials",
        "href": "https://www.woolworths.com.au/shop/productdetails/586794/burger-rings-party-bag",
        "imgName": "586794.jpg",
        "imgSrc": "https://cdn0.woolworths.media/content/wowproductimages/medium/586794.jpg",
        "name": "Burger Rings Party Bag   220g",
        "price": 3,
        "unitPrice": "$1.36 / 100G"
    },
    {
        "category": "specials",
        "href": "https://www.woolworths.com.au/shop/productdetails/891480/l-oreal-paris-elvive-extraordinary-oil-conditioner",
        "imgName": "891480.jpg",
        "imgSrc": "https://cdn0.woolworths.media/content/wowproductimages/medium/891480.jpg",
        "name": "L'oreal Paris Elvive Extraordinary Oil Conditioner 700ml",
        "price": 10,
        "unitPrice": "$1.43 / 100ML"
    },
    {
        "category": "specials",
        "href": "https://www.woolworths.com.au/shop/productdetails/376708/carefree-procomfort-tampons-regular",
        "imgName": "376708.jpg",
        "imgSrc": "https://cdn0.woolworths.media/content/wowproductimages/medium/376708.jpg",
        "name": "Carefree Procomfort Tampons Regular 32pk",
        "price": 7,
        "unitPrice": "$0.22 / 1EA"
    },
    {
        "category": "specials",
        "href": "https://www.woolworths.com.au/shop/productdetails/534207/natvia-100-natural-sweetener",
        "imgName": "534207.jpg",
        "imgSrc": "https://cdn0.woolworths.media/content/wowproductimages/medium/534207.jpg",
        "name": "Natvia 100% Natural Sweetener  300g",
        "price": 7.75,
        "special": 7,
        "unitPrice": "$2.33 / 100G"
    },
    {
        "category": "specials",
        "href": "https://www.woolworths.com.au/shop/productdetails/696326/woolworths-instant-soup-minestrone",
        "imgName": "696326.jpg",
        "imgSrc": "https://cdn0.woolworths.media/content/wowproductimages/medium/696326.jpg",
        "name": "Woolworths Instant Soup Minestrone 75g",
        "price": 1,
        "unitPrice": "$1.33 / 100G"
    },
    {
        "category": "specials",
        "href": "https://www.woolworths.com.au/shop/productdetails/790491/ess-frypan",
        "imgName": "790491.jpg",
        "imgSrc": "https://cdn0.woolworths.media/content/wowproductimages/medium/790491.jpg",
        "name": "Ess Frypan  20cm",
        "price": 11,
        "special": 7.7
    },
    {
        "category": "specials",
        "href": "https://www.woolworths.com.au/shop/productdetails/765456/sunrice-brown-rice-steamed-with-chia",
        "imgName": "765456.jpg",
        "imgSrc": "https://cdn0.woolworths.media/content/wowproductimages/medium/765456.jpg",
        "name": "Sunrice Brown Rice Steamed With Chia 250g",
        "price": 2.8,
        "unitPrice": "$1.12 / 100G"
    },
    {
        "category": "specials",
        "href": "https://www.woolworths.com.au/shop/productdetails/626895/dettol-2-in-1-anti-bacterial-wipes",
        "imgName": "626895.jpg",
        "imgSrc": "https://cdn0.woolworths.media/content/wowproductimages/medium/626895.jpg",
        "name": "Dettol 2 In 1 Anti Bacterial Wipes 15pk",
        "price": 3,
        "special": 2,
        "unitPrice": "$0.13 / 1EA"
    },
    {
        "category": "specials",
        "href": "https://www.woolworths.com.au/shop/productdetails/767549/connoisseur-murray-river-salted-caramel-macadamia",
        "imgName": "767549.jpg",
        "imgSrc": "https://cdn0.woolworths.media/content/wowproductimages/medium/767549.jpg",
        "name": "Connoisseur Murray River Salted Caramel Macadamia 4pk 456ml",
        "price": 8.4,
        "special": 6,
        "unitPrice": "$1.32 / 100ML"
    },
    {
        "category": "specials",
        "href": "https://www.woolworths.com.au/shop/productdetails/652343/berretta-prosciutto-di-parma",
        "imgName": "652343.jpg",
        "imgSrc": "https://cdn0.woolworths.media/content/wowproductimages/medium/652343.jpg",
        "name": "Berretta Prosciutto Di Parma 85g",
        "price": 7,
        "special": 5,
        "unitPrice": "$58.82 / 1KG"
    },
    {
        "category": "specials",
        "href": "https://www.woolworths.com.au/shop/productdetails/18574/mccain-peas-baby",
        "imgName": "018574.jpg",
        "imgSrc": "https://cdn0.woolworths.media/content/wowproductimages/medium/018574.jpg",
        "name": "Mccain Peas Baby 500g",
        "price": 3.25,
        "special": 2.89,
        "unitPrice": "$5.78 / 1KG"
    },
    {
        "category": "specials",
        "href": "https://www.woolworths.com.au/shop/productdetails/321835/leggo-s-ravioli-beef-tomato-parmesan",
        "imgName": "321835.jpg",
        "imgSrc": "https://cdn0.woolworths.media/content/wowproductimages/medium/321835.jpg",
        "name": "Leggo's Ravioli Beef Tomato & Parmesan 360g",
        "price": 4,
        "unitPrice": "$1.11 / 100G"
    },
    {
        "category": "specials",
        "href": "https://www.woolworths.com.au/shop/productdetails/514882/uncle-tobys-cheerios-honey",
        "imgName": "514882.jpg",
        "imgSrc": "https://cdn0.woolworths.media/content/wowproductimages/medium/514882.jpg",
        "name": "Uncle Tobys Cheerios Honey 570g",
        "price": 5,
        "unitPrice": "$0.88 / 100G"
    },
    {
        "category": "specials",
        "href": "https://www.woolworths.com.au/shop/productdetails/544207/annabel-karmel-chicken-pumpkin-risotto",
        "imgName": "544207.jpg",
        "imgSrc": "https://cdn0.woolworths.media/content/wowproductimages/medium/544207.jpg",
        "name": "Annabel Karmel Chicken & Pumpkin Risotto 200g",
        "price": 4,
        "special": 3,
        "unitPrice": "$1.50 / 100G"
    },
    {
        "category": "specials",
        "href": "https://www.woolworths.com.au/shop/productdetails/544366/annabel-karmel-mac-cheese-pasta",
        "imgName": "544366.jpg",
        "imgSrc": "https://cdn0.woolworths.media/content/wowproductimages/medium/544366.jpg",
        "name": "Annabel Karmel Mac & Cheese Pasta 200g",
        "price": 4,
        "special": 3,
        "unitPrice": "$1.50 / 100G"
    },
    {
        "category": "specials",
        "href": "https://www.woolworths.com.au/shop/productdetails/172279/festiva-bbq-accessory-butane-gas-cannisters",
        "imgName": "172279.jpg",
        "imgSrc": "https://cdn0.woolworths.media/content/wowproductimages/medium/172279.jpg",
        "name": "Festiva Bbq Accessory Butane Gas Cannisters 4pk",
        "price": 8,
        "special": 6,
        "unitPrice": "$1.50 / 1EA"
    },
    {
        "category": "specials",
        "href": "https://www.woolworths.com.au/shop/productdetails/549620/perfect-italiano-perfect-bakes-shredded-cheese",
        "imgName": "549620.jpg",
        "imgSrc": "https://cdn0.woolworths.media/content/wowproductimages/medium/549620.jpg",
        "name": "Perfect Italiano Perfect Bakes Shredded Cheese 250g",
        "price": 4.8,
        "special": 3.8,
        "unitPrice": "$15.20 / 1KG"
    },
    {
        "category": "specials",
        "href": "https://www.woolworths.com.au/shop/productdetails/619812/gourmet-delight-cat-food-chicken-mince-in-gravy",
        "imgName": "619812.jpg",
        "imgSrc": "https://cdn0.woolworths.media/content/wowproductimages/medium/619812.jpg",
        "name": "Gourmet Delight Cat Food Chicken Mince In Gravy 6x85g",
        "price": 4.3,
        "unitPrice": "$0.84 / 100G"
    },
    {
        "category": "specials",
        "href": "https://www.woolworths.com.au/shop/productdetails/516753/bic-kids-felt-pens",
        "imgName": "516753.jpg",
        "imgSrc": "https://cdn0.woolworths.media/content/wowproductimages/medium/516753.jpg",
        "name": "Bic Kids Felt Pens  18pk",
        "price": 7.5,
        "special": 5.25,
        "unitPrice": "$5.25 / 1EA"
    },
    {
        "category": "specials",
        "href": "https://www.woolworths.com.au/shop/productdetails/841318/surf-front-top-loader-laundry-liquid-detergent-sunshine-lemons",
        "imgName": "841318.jpg",
        "imgSrc": "https://cdn0.woolworths.media/content/wowproductimages/medium/841318.jpg",
        "name": "Surf Front & Top Loader Laundry Liquid Detergent Sunshine Lemons 2l",
        "price": 8,
        "unitPrice": "$4.00 / 1L"
    },
    {
        "category": "specials",
        "href": "https://www.woolworths.com.au/shop/productdetails/635388/bulla-creamy-classics-frozen-chocolate-custard",
        "imgName": "635388.jpg",
        "imgSrc": "https://cdn0.woolworths.media/content/wowproductimages/medium/635388.jpg",
        "name": "Bulla Creamy Classics Frozen Chocolate Custard 1l",
        "price": 8,
        "special": 4,
        "unitPrice": "$0.40 / 100ML"
    },
    {
        "category": "specials",
        "href": "https://www.woolworths.com.au/shop/productdetails/187890/coon-light-tasty-cheese-slices",
        "imgName": "187890.jpg",
        "imgSrc": "https://cdn0.woolworths.media/content/wowproductimages/medium/187890.jpg",
        "name": "Coon Light & Tasty Cheese Slices 36pk 750g",
        "price": 9.5,
        "unitPrice": "$12.67 / 1KG"
    },
    {
        "category": "specials",
        "href": "https://www.woolworths.com.au/shop/productdetails/661633/greens-vanilla-mud-cake-mix",
        "imgName": "661633.jpg",
        "imgSrc": "https://cdn0.woolworths.media/content/wowproductimages/medium/661633.jpg",
        "name": "Greens Vanilla Mud Cake Mix 600g",
        "price": 4,
        "special": 3,
        "unitPrice": "$0.50 / 100G"
    },
    {
        "category": "specials",
        "href": "https://www.woolworths.com.au/shop/productdetails/603996/christmas-lights-indoor-fairy-multi-80-leds",
        "imgName": "603996.jpg",
        "imgSrc": "https://cdn0.woolworths.media/content/wowproductimages/medium/603996.jpg",
        "name": "Christmas Lights Indoor Fairy Multi 80 Leds each",
        "price": 12,
        "special": 6,
        "unitPrice": "$6.00 / 1EA"
    },
    {
        "category": "specials",
        "href": "https://www.woolworths.com.au/shop/productdetails/32991/crisco-vegetable-blended-oil",
        "imgName": "032991.jpg",
        "imgSrc": "https://cdn0.woolworths.media/content/wowproductimages/medium/032991.jpg",
        "name": "Crisco Vegetable Blended Oil 750ml",
        "price": 4,
        "special": 3.45,
        "unitPrice": "$0.46 / 100ML"
    },
    {
        "category": "specials",
        "href": "https://www.woolworths.com.au/shop/productdetails/660562/ritz",
        "imgName": "660562.jpg",
        "imgSrc": "https://cdn0.woolworths.media/content/wowproductimages/medium/660562.jpg",
        "name": "Ritz   300g",
        "price": 3,
        "special": 2.5,
        "unitPrice": "$0.83 / 100G"
    },
    {
        "category": "specials",
        "href": "https://www.woolworths.com.au/shop/productdetails/660868/jacks-beer-original-shampoo",
        "imgName": "660868.jpg",
        "imgSrc": "https://cdn0.woolworths.media/content/wowproductimages/medium/660868.jpg",
        "name": "Jacks Beer Original Shampoo each",
        "price": 8,
        "special": 4,
        "unitPrice": "$1.21 / 100ML"
    },
    {
        "category": "specials",
        "href": "https://www.woolworths.com.au/shop/productdetails/575652/white-wings-make-create-choc-rainbow-spaceballs",
        "imgName": "575652.jpg",
        "imgSrc": "https://cdn0.woolworths.media/content/wowproductimages/medium/575652.jpg",
        "name": "White Wings Make & Create Choc Rainbow Spaceballs 260g",
        "price": 5,
        "special": 3.5,
        "unitPrice": "$1.35 / 100G"
    },
    {
        "category": "specials",
        "href": "https://www.woolworths.com.au/shop/productdetails/575015/voeu-naturals-facial-night-cream",
        "imgName": "575015.jpg",
        "imgSrc": "https://cdn0.woolworths.media/content/wowproductimages/medium/575015.jpg",
        "name": "Voeu Naturals Facial Night Cream 50ml",
        "price": 10,
        "special": 8,
        "unitPrice": "$16.00 / 100ML"
    },
    {
        "category": "specials",
        "href": "https://www.woolworths.com.au/shop/productdetails/549559/nescafe-coffee-sachets-cappucino",
        "imgName": "549559.jpg",
        "imgSrc": "https://cdn0.woolworths.media/content/wowproductimages/medium/549559.jpg",
        "name": "Nescafe Coffee Sachets Cappucino 26pk",
        "price": 11.5,
        "unitPrice": "$3.46 / 100G"
    },
    {
        "category": "specials",
        "href": "https://www.woolworths.com.au/shop/productdetails/603980/christmas-glitter-stocking",
        "imgName": "603980.jpg",
        "imgSrc": "https://cdn0.woolworths.media/content/wowproductimages/medium/603980.jpg",
        "name": "Christmas Glitter Stocking each",
        "price": 10,
        "special": 5,
        "unitPrice": "$5.00 / 1EA"
    },
    {
        "category": "specials",
        "href": "https://www.woolworths.com.au/shop/productdetails/572474/woolworths-two-fruits-in-juice",
        "imgName": "572474.jpg",
        "imgSrc": "https://cdn0.woolworths.media/content/wowproductimages/medium/572474.jpg",
        "name": "Woolworths Two Fruits In Juice 695g",
        "price": 3.5,
        "special": 3,
        "unitPrice": "$4.32 / 1KG"
    },
    {
        "category": "specials",
        "href": "https://www.woolworths.com.au/shop/productdetails/960603/vo5-plump-me-up-dry-shampoo",
        "imgName": "960603.jpg",
        "imgSrc": "https://cdn0.woolworths.media/content/wowproductimages/medium/960603.jpg",
        "name": "Vo5 Plump Me Up Dry Shampoo 250ml",
        "price": 6.8,
        "unitPrice": "$2.72 / 100ML"
    },
    {
        "category": "specials",
        "href": "https://www.woolworths.com.au/shop/productdetails/248430/dove-summer-glow-body-lotion-normal-to-darker-skin",
        "imgName": "248430.jpg",
        "imgSrc": "https://cdn0.woolworths.media/content/wowproductimages/medium/248430.jpg",
        "name": "Dove Summer Glow Body Lotion Normal To Darker Skin 250ml",
        "price": 7.99,
        "special": 5.55,
        "unitPrice": "$2.22 / 100ML"
    },
    {
        "category": "specials",
        "href": "https://www.woolworths.com.au/shop/productdetails/463182/sunsilk-keratin-conditioner-defeat-damage",
        "imgName": "463182.jpg",
        "imgSrc": "https://cdn0.woolworths.media/content/wowproductimages/medium/463182.jpg",
        "name": "Sunsilk Keratin Conditioner Defeat Damage 700ml",
        "price": 10,
        "special": 7,
        "unitPrice": "$1.00 / 100ML"
    },
    {
        "category": "specials",
        "href": "https://www.woolworths.com.au/shop/productdetails/571489/woolworths-pot-set-greek-style-yoghurt-99-fat-free",
        "imgName": "571489.jpg",
        "imgSrc": "https://cdn0.woolworths.media/content/wowproductimages/medium/571489.jpg",
        "name": "Woolworths Pot Set Greek Style Yoghurt 99% Fat Free 1kg",
        "price": 3,
        "unitPrice": "$0.30 / 100G"
    },
    {
        "category": "specials",
        "href": "https://www.woolworths.com.au/shop/productdetails/790088/yoplait-passionfruit-yoghurt",
        "imgName": "790088.jpg",
        "imgSrc": "https://cdn0.woolworths.media/content/wowproductimages/medium/790088.jpg",
        "name": "Yoplait Passionfruit Yoghurt 1kg",
        "price": 4,
        "unitPrice": "$0.40 / 100G"
    },
    {
        "category": "specials",
        "href": "https://www.woolworths.com.au/shop/productdetails/34993/essentials-pancake-pikelet-mix",
        "imgName": "034993.jpg",
        "imgSrc": "https://cdn0.woolworths.media/content/wowproductimages/medium/034993.jpg",
        "name": "Essentials Pancake & Pikelet Mix  300g",
        "price": 0.99,
        "unitPrice": "$0.33 / 100G"
    },
    {
        "category": "specials",
        "href": "https://www.woolworths.com.au/shop/productdetails/691162/sapporo-premium-lager-beer-bottles",
        "imgName": "691162.jpg",
        "imgSrc": "https://cdn0.woolworths.media/content/wowproductimages/medium/691162.jpg",
        "name": "Sapporo Premium Lager Beer Bottles 6x355ml pack",
        "price": 20.3,
        "special": 19
    },
    {
        "category": "specials",
        "href": "https://www.woolworths.com.au/shop/productdetails/769281/voost-magnesium-effervescent-tablets",
        "imgName": "769281.jpg",
        "imgSrc": "https://cdn0.woolworths.media/content/wowproductimages/medium/769281.jpg",
        "name": "Voost Magnesium Effervescent Tablets 10pk",
        "price": 3.5,
        "unitPrice": "$35.00 / 100EA"
    },
    {
        "category": "specials",
        "href": "https://www.woolworths.com.au/shop/productdetails/516941/supercoat-adult-dog-food-small-breed-beef",
        "imgName": "516941.jpg",
        "imgSrc": "https://cdn0.woolworths.media/content/wowproductimages/medium/516941.jpg",
        "name": "Supercoat Adult Dog Food Small Breed Beef 7.5kg",
        "price": 24,
        "special": 18,
        "unitPrice": "$0.24 / 100G"
    },
    {
        "category": "specials",
        "href": "https://www.woolworths.com.au/shop/productdetails/503117/woolworths-frozen-pizza-bbq-chicken-onion",
        "imgName": "503117.jpg",
        "imgSrc": "https://cdn0.woolworths.media/content/wowproductimages/medium/503117.jpg",
        "name": "Woolworths Frozen Pizza Bbq Chicken & Onion 360g",
        "price": 4,
        "unitPrice": "$1.11 / 100G"
    },
    {
        "category": "specials",
        "href": "https://www.woolworths.com.au/shop/productdetails/173963/vo5-styling-gel-tub-mega-hold",
        "imgName": "173963.jpg",
        "imgSrc": "https://cdn0.woolworths.media/content/wowproductimages/medium/173963.jpg",
        "name": "Vo5 Styling Gel Tub Mega Hold 250g",
        "price": 4,
        "unitPrice": "$1.60 / 100G"
    },
    {
        "category": "specials",
        "href": "https://www.woolworths.com.au/shop/productdetails/376962/l-oreal-preference-5-3-siena-golden-brown",
        "imgName": "376962.jpg",
        "imgSrc": "https://cdn0.woolworths.media/content/wowproductimages/medium/376962.jpg",
        "name": "L'oreal Preference 5.3 Siena Golden Brown 1pk",
        "price": 19,
        "special": 13
    },
    {
        "category": "specials",
        "href": "https://www.woolworths.com.au/shop/productdetails/108685/cascade-premium-light-lager-stubbies",
        "imgName": "108685.jpg",
        "imgSrc": "https://cdn0.woolworths.media/content/wowproductimages/medium/108685.jpg",
        "name": "Cascade Premium Light Lager Stubbies 24x375ml case",
        "price": 49,
        "special": 44
    },
    {
        "category": "specials",
        "href": "https://www.woolworths.com.au/shop/productdetails/657757/nature-s-table-free-ranged-chicken-with-rice-carrots-dog-food",
        "imgName": "657757.jpg",
        "imgSrc": "https://cdn0.woolworths.media/content/wowproductimages/medium/657757.jpg",
        "name": "Nature's Table Free Ranged Chicken With Rice & Carrots Dog Food 400g",
        "price": 2.6,
        "special": 1.75,
        "unitPrice": "$0.44 / 100G"
    },
    {
        "category": "specials",
        "href": "https://www.woolworths.com.au/shop/productdetails/854078/gold-raspberry-vanilla-cheesecake",
        "imgName": "854078.jpg",
        "imgSrc": "https://cdn0.woolworths.media/content/wowproductimages/medium/854078.jpg",
        "name": "Gold Raspberry & Vanilla Cheesecake 420g",
        "price": 7,
        "special": 6,
        "unitPrice": "$1.43 / 100G"
    },
    {
        "category": "specials",
        "href": "https://www.woolworths.com.au/shop/productdetails/900323/aerogard-insect-repellent-40-deet",
        "imgName": "900323.jpg",
        "imgSrc": "https://cdn0.woolworths.media/content/wowproductimages/medium/900323.jpg",
        "name": "Aerogard Insect Repellent 40% Deet 300g",
        "price": 13,
        "unitPrice": "$4.33 / 100G"
    },
    {
        "category": "specials",
        "href": "https://www.woolworths.com.au/shop/productdetails/505672/woolworths-green-olive-halves-in-herbs-prepacked",
        "imgName": "505672.jpg",
        "imgSrc": "https://cdn0.woolworths.media/content/wowproductimages/medium/505672.jpg",
        "name": "Woolworths Green Olive Halves In Herbs Prepacked 180g",
        "price": 3.5,
        "special": 3,
        "unitPrice": "$1.67 / 100G"
    },
    {
        "category": "specials",
        "href": "https://www.woolworths.com.au/shop/productdetails/517088/balnea-liquid-hand-wash",
        "imgName": "517088.jpg",
        "imgSrc": "https://cdn0.woolworths.media/content/wowproductimages/medium/517088.jpg",
        "name": "Balnea Liquid Hand Wash  750ml",
        "price": 2.5,
        "unitPrice": "$0.33 / 100ML"
    },
    {
        "category": "specials",
        "href": "https://www.woolworths.com.au/shop/productdetails/558945/maybelline-lash-sensational-luscious-mascara-blackest-black",
        "imgName": "558945.jpg",
        "imgSrc": "https://cdn0.woolworths.media/content/wowproductimages/medium/558945.jpg",
        "name": "Maybelline Lash Sensational Luscious Mascara Blackest Black 9.5ml",
        "price": 22,
        "special": 15.4,
        "unitPrice": "$16.21 / 10ML"
    },
    {
        "category": "specials",
        "href": "https://www.woolworths.com.au/shop/productdetails/575014/voeu-naturals-facial-day-cream",
        "imgName": "575014.jpg",
        "imgSrc": "https://cdn0.woolworths.media/content/wowproductimages/medium/575014.jpg",
        "name": "Voeu Naturals Facial Day Cream 50ml",
        "price": 10,
        "special": 8,
        "unitPrice": "$16.00 / 100ML"
    },
    {
        "category": "specials",
        "href": "https://www.woolworths.com.au/shop/productdetails/37890/essentials-utensil-colander",
        "imgName": "037890.jpg",
        "imgSrc": "https://cdn0.woolworths.media/content/wowproductimages/medium/037890.jpg",
        "name": "Essentials Utensil Colander each",
        "price": 10
    },
    {
        "category": "specials",
        "href": "https://www.woolworths.com.au/shop/productdetails/901249/james-boag-s-premium-light-lager-stubbies",
        "imgName": "901249.jpg",
        "imgSrc": "https://cdn0.woolworths.media/content/wowproductimages/medium/901249.jpg",
        "name": "James Boag's Premium Light Lager Stubbies 24x375ml case",
        "price": 49,
        "special": 47
    },
    {
        "category": "specials",
        "href": "https://www.woolworths.com.au/shop/productdetails/826033/sensodyne-mouthwash",
        "imgName": "826033.jpg",
        "imgSrc": "https://cdn0.woolworths.media/content/wowproductimages/medium/826033.jpg",
        "name": "Sensodyne Mouthwash  500ml",
        "price": 9,
        "special": 7,
        "unitPrice": "$1.40 / 100ML"
    },
    {
        "category": "specials",
        "href": "https://www.woolworths.com.au/shop/productdetails/559266/woolworths-black-tea",
        "imgName": "559266.jpg",
        "imgSrc": "https://cdn0.woolworths.media/content/wowproductimages/medium/559266.jpg",
        "name": "Woolworths Black Tea  50pk",
        "price": 2.2,
        "unitPrice": "$2.44 / 100G"
    },
    {
        "category": "specials",
        "href": "https://www.woolworths.com.au/shop/productdetails/23113/armor-all-car-care-protectant-original",
        "imgName": "023113.jpg",
        "imgSrc": "https://cdn0.woolworths.media/content/wowproductimages/medium/023113.jpg",
        "name": "Armor All Car Care Protectant Original 250ml",
        "price": 8.99,
        "special": 7.19,
        "unitPrice": "$2.88 / 100ML"
    },
    {
        "category": "specials",
        "href": "https://www.woolworths.com.au/shop/productdetails/39438/san-remo-spaghetti-instant-pasta-no-3",
        "imgName": "039438.jpg",
        "imgSrc": "https://cdn0.woolworths.media/content/wowproductimages/medium/039438.jpg",
        "name": "San Remo Spaghetti Instant Pasta No 3 500g",
        "price": 1.95,
        "unitPrice": "$0.39 / 100G"
    },
    {
        "category": "specials",
        "href": "https://www.woolworths.com.au/shop/productdetails/603303/bonds-classic-crawler-legging",
        "imgName": "603303.jpg",
        "imgSrc": "https://cdn0.woolworths.media/content/wowproductimages/medium/603303.jpg",
        "name": "Bonds Classic Crawler Legging each",
        "price": 10,
        "special": 7
    },
    {
        "category": "specials",
        "href": "https://www.woolworths.com.au/shop/productdetails/759683/earth-choice-stain-remover-prewash",
        "imgName": "759683.jpg",
        "imgSrc": "https://cdn0.woolworths.media/content/wowproductimages/medium/759683.jpg",
        "name": "Earth Choice Stain Remover Prewash 400ml",
        "price": 4.15,
        "special": 3,
        "unitPrice": "$7.50 / 1L"
    },
    {
        "category": "specials",
        "href": "https://www.woolworths.com.au/shop/productdetails/927678/vege-deli-crisps-chia-lightly-salted",
        "imgName": "927678.jpg",
        "imgSrc": "https://cdn0.woolworths.media/content/wowproductimages/medium/927678.jpg",
        "name": "Vege Deli Crisps Chia Lightly Salted 100g",
        "price": 4.99,
        "special": 2.49,
        "unitPrice": "$2.49 / 100G"
    },
    {
        "category": "specials",
        "href": "https://www.woolworths.com.au/shop/productdetails/567551/sealord-hoki-smokey-bbq",
        "imgName": "567551.jpg",
        "imgSrc": "https://cdn0.woolworths.media/content/wowproductimages/medium/567551.jpg",
        "name": "Sealord Hoki Smokey Bbq  6pk 425g",
        "price": 8.79,
        "special": 7,
        "unitPrice": "$16.47 / 1KG"
    },
    {
        "category": "specials",
        "href": "https://www.woolworths.com.au/shop/productdetails/505878/balnea-liquid-hand-wash-anti-bac-aloe-vera-pump",
        "imgName": "505878.jpg",
        "imgSrc": "https://cdn0.woolworths.media/content/wowproductimages/medium/505878.jpg",
        "name": "Balnea Liquid Hand Wash Anti-bac Aloe Vera Pump 250ml",
        "price": 1.5,
        "unitPrice": "$0.60 / 100ML"
    },
    {
        "category": "specials",
        "href": "https://www.woolworths.com.au/shop/productdetails/838838/biore-charcoal-pore-minimiser",
        "imgName": "838838.jpg",
        "imgSrc": "https://cdn0.woolworths.media/content/wowproductimages/medium/838838.jpg",
        "name": "Biore Charcoal Pore Minimiser 92ml",
        "price": 10.99,
        "special": 7.65,
        "unitPrice": "$8.32 / 100ML"
    },
    {
        "category": "specials",
        "href": "https://www.woolworths.com.au/shop/productdetails/577636/country-cup-spiced-pumpkin-and-carrot",
        "imgName": "577636.jpg",
        "imgSrc": "https://cdn0.woolworths.media/content/wowproductimages/medium/577636.jpg",
        "name": "Country Cup Spiced Pumpkin And Carrot  50g",
        "price": 1.5,
        "unitPrice": "$3.00 / 100G"
    },
    {
        "category": "specials",
        "href": "https://www.woolworths.com.au/shop/productdetails/635586/bulla-creamy-classics-double-choc-fudge-sandwiches",
        "imgName": "635586.jpg",
        "imgSrc": "https://cdn0.woolworths.media/content/wowproductimages/medium/635586.jpg",
        "name": "Bulla Creamy Classics Double Choc Fudge Sandwiches 4pk 560ml",
        "price": 8,
        "special": 5,
        "unitPrice": "$0.89 / 100ML"
    },
    {
        "category": "specials",
        "href": "https://www.woolworths.com.au/shop/productdetails/829630/quilton-facial-tissues-soft-white",
        "imgName": "829630.jpg",
        "imgSrc": "https://cdn0.woolworths.media/content/wowproductimages/medium/829630.jpg",
        "name": "Quilton Facial Tissues Soft White 95pk",
        "price": 1.25,
        "unitPrice": "$1.32 / 100SS"
    },
    {
        "category": "specials",
        "href": "https://www.woolworths.com.au/shop/productdetails/343910/nice-natural-chocolate-nut-bar-almond",
        "imgName": "343910.jpg",
        "imgSrc": "https://cdn0.woolworths.media/content/wowproductimages/medium/343910.jpg",
        "name": "Nice & Natural Chocolate Nut Bar Almond 180g",
        "price": 4,
        "special": 3,
        "unitPrice": "$1.67 / 100G"
    },
    {
        "category": "specials",
        "href": "https://www.woolworths.com.au/shop/productdetails/67344/chicken-tonight-simmer-sauce-curry-vegetables",
        "imgName": "067344.jpg",
        "imgSrc": "https://cdn0.woolworths.media/content/wowproductimages/medium/067344.jpg",
        "name": "Chicken Tonight Simmer Sauce Curry Vegetables 480g",
        "price": 3.15,
        "unitPrice": "$0.66 / 100G"
    },
    {
        "category": "specials",
        "href": "https://www.woolworths.com.au/shop/productdetails/839868/palmolive-mens-deep-clean-shower-gel",
        "imgName": "839868.jpg",
        "imgSrc": "https://cdn0.woolworths.media/content/wowproductimages/medium/839868.jpg",
        "name": "Palmolive Mens Deep Clean Shower Gel 500ml",
        "price": 5.4,
        "special": 5,
        "unitPrice": "$1.00 / 100ML"
    },
    {
        "category": "specials",
        "href": "https://www.woolworths.com.au/shop/productdetails/236915/waxworks-mozzie-coils-with-terracotta-holder",
        "imgName": "236915.jpg",
        "imgSrc": "https://cdn0.woolworths.media/content/wowproductimages/medium/236915.jpg",
        "name": "Waxworks Mozzie Coils With Terracotta Holder 6pk",
        "price": 9,
        "special": 7.2,
        "unitPrice": "$1.20 / 1EA"
    },
    {
        "category": "specials",
        "href": "https://www.woolworths.com.au/shop/productdetails/581155/all-smiles-pro-toothbrush-soft",
        "imgName": "581155.jpg",
        "imgSrc": "https://cdn0.woolworths.media/content/wowproductimages/medium/581155.jpg",
        "name": "All Smiles Pro Toothbrush Soft each",
        "price": 2,
        "unitPrice": "$2.00 / 1EA"
    },
    {
        "category": "specials",
        "href": "https://www.woolworths.com.au/shop/productdetails/70732/sharwoods-paste-korma-mild",
        "imgName": "070732.jpg",
        "imgSrc": "https://cdn0.woolworths.media/content/wowproductimages/medium/070732.jpg",
        "name": "Sharwoods Paste Korma Mild 280g",
        "price": 5.15,
        "special": 4.5,
        "unitPrice": "$1.61 / 100G"
    },
    {
        "category": "specials",
        "href": "https://www.woolworths.com.au/shop/productdetails/347100/nestle-plaistowe-cooking-chocolate-70-cocoa",
        "imgName": "347100.jpg",
        "imgSrc": "https://cdn0.woolworths.media/content/wowproductimages/medium/347100.jpg",
        "name": "Nestle Plaistowe Cooking Chocolate 70% Cocoa 200g",
        "price": 4,
        "special": 3,
        "unitPrice": "$1.50 / 100G"
    },
    {
        "category": "specials",
        "href": "https://www.woolworths.com.au/shop/productdetails/210151/arnott-s-premier-cookies-chocolate-chip",
        "imgName": "210151.jpg",
        "imgSrc": "https://cdn0.woolworths.media/content/wowproductimages/medium/210151.jpg",
        "name": "Arnott's Premier Cookies Chocolate Chip 310g",
        "price": 3.5,
        "unitPrice": "$1.13 / 100G"
    },
    {
        "category": "specials",
        "href": "https://www.woolworths.com.au/shop/productdetails/598227/pantene-long-strong-conditioner",
        "imgName": "598227.jpg",
        "imgSrc": "https://cdn0.woolworths.media/content/wowproductimages/medium/598227.jpg",
        "name": "Pantene Long & Strong Conditioner 900ml",
        "price": 15.7,
        "special": 10,
        "unitPrice": "$1.11 / 100ML"
    },
    {
        "category": "specials",
        "href": "https://www.woolworths.com.au/shop/productdetails/99600/arnott-s-venetians-fancy",
        "imgName": "099600.jpg",
        "imgSrc": "https://cdn0.woolworths.media/content/wowproductimages/medium/099600.jpg",
        "name": "Arnott's Venetians Fancy 200g",
        "price": 3.05,
        "special": 2.5,
        "unitPrice": "$1.25 / 100G"
    },
    {
        "category": "specials",
        "href": "https://www.woolworths.com.au/shop/productdetails/476711/mud-cosmetics-eyebrow-pencil-blonde",
        "imgName": "476711.jpg",
        "imgSrc": "https://cdn0.woolworths.media/content/wowproductimages/medium/476711.jpg",
        "name": "Mud Cosmetics Eyebrow Pencil Blonde 134",
        "price": 5.5,
        "unitPrice": "$5.50 / 1EA"
    },
    {
        "category": "specials",
        "href": "https://www.woolworths.com.au/shop/productdetails/434019/heinz-soup-sweet-potato-kale-ginger",
        "imgName": "434019.jpg",
        "imgSrc": "https://cdn0.woolworths.media/content/wowproductimages/medium/434019.jpg",
        "name": "Heinz Soup Sweet Potato Kale Ginger 300g",
        "price": 2,
        "unitPrice": "$0.67 / 100G"
    },
    {
        "category": "specials",
        "href": "https://www.woolworths.com.au/shop/productdetails/759137/franks-hot-sauce-original",
        "imgName": "759137.jpg",
        "imgSrc": "https://cdn0.woolworths.media/content/wowproductimages/medium/759137.jpg",
        "name": "Franks Hot Sauce Original 148ml",
        "price": 3,
        "special": 2.5,
        "unitPrice": "$1.69 / 100ML"
    },
    {
        "category": "specials",
        "href": "https://www.woolworths.com.au/shop/productdetails/247379/libra-panty-liners-thin-long",
        "imgName": "247379.jpg",
        "imgSrc": "https://cdn0.woolworths.media/content/wowproductimages/medium/247379.jpg",
        "name": "Libra Panty Liners Thin & Long 39pk",
        "price": 4,
        "unitPrice": "$0.10 / 1EA"
    },
    {
        "category": "specials",
        "href": "https://www.woolworths.com.au/shop/productdetails/541262/purina-tidy-cats-instant-action-non-clumping-clay-litter",
        "imgName": "541262.jpg",
        "imgSrc": "https://cdn0.woolworths.media/content/wowproductimages/medium/541262.jpg",
        "name": "Purina Tidy Cats Instant Action Non-clumping Clay Litter 4.54kg",
        "price": 10,
        "unitPrice": "$2.20 / 1KG"
    },
    {
        "category": "specials",
        "href": "https://www.woolworths.com.au/shop/productdetails/758394/kan-tong-stir-fry-sauce-sweet-soy-garlic",
        "imgName": "758394.jpg",
        "imgSrc": "https://cdn0.woolworths.media/content/wowproductimages/medium/758394.jpg",
        "name": "Kan Tong Stir Fry Sauce Sweet Soy & Garlic 515g",
        "price": 3.29,
        "unitPrice": "$0.64 / 100G"
    },
    {
        "category": "specials",
        "href": "https://www.woolworths.com.au/shop/productdetails/595453/skin-republic-purify-charcoal-face-mask",
        "imgName": "595453.jpg",
        "imgSrc": "https://cdn0.woolworths.media/content/wowproductimages/medium/595453.jpg",
        "name": "Skin Republic Purify & Charcoal Face Mask each",
        "price": 8,
        "special": 6.4,
        "unitPrice": "$6.40 / 1EA"
    },
    {
        "category": "specials",
        "href": "https://www.woolworths.com.au/shop/productdetails/59121/maesri-paste-masaman-curry",
        "imgName": "059121.jpg",
        "imgSrc": "https://cdn0.woolworths.media/content/wowproductimages/medium/059121.jpg",
        "name": "Maesri Paste Masaman Curry 114g",
        "price": 1.45,
        "special": 1.3,
        "unitPrice": "$1.14 / 100G"
    },
    {
        "category": "specials",
        "href": "https://www.woolworths.com.au/shop/productdetails/588301/kettle-popcorn-salted-caramel",
        "imgName": "588301.jpg",
        "imgSrc": "https://cdn0.woolworths.media/content/wowproductimages/medium/588301.jpg",
        "name": "Kettle Popcorn Salted Caramel  66g",
        "price": 3.19,
        "unitPrice": "$4.83 / 100G"
    },
    {
        "category": "specials",
        "href": "https://www.woolworths.com.au/shop/productdetails/690755/castaway-pear-cider-bottles",
        "imgName": "690755.jpg",
        "imgSrc": "https://cdn0.woolworths.media/content/wowproductimages/medium/690755.jpg",
        "name": "Castaway Pear Cider Bottles 6x330ml pack",
        "price": 12,
        "special": 12
    },
    {
        "category": "specials",
        "href": "https://www.woolworths.com.au/shop/productdetails/957648/dataflash-screen-computer-cleaning-screen-computer",
        "imgName": "957648.jpg",
        "imgSrc": "https://cdn0.woolworths.media/content/wowproductimages/medium/957648.jpg",
        "name": "Dataflash Screen & Computer Cleaning Screen & Computer 250mm",
        "price": 3.5,
        "special": 3.15
    },
    {
        "category": "specials",
        "href": "https://www.woolworths.com.au/shop/productdetails/696354/woolworths-select-spring-onion-chive-cream-cheese",
        "imgName": "696354.jpg",
        "imgSrc": "https://cdn0.woolworths.media/content/wowproductimages/medium/696354.jpg",
        "name": "Woolworths Select Spring Onion & Chive Cream Cheese 200g",
        "price": 3,
        "unitPrice": "$15.00 / 1KG"
    },
    {
        "category": "specials",
        "href": "https://www.woolworths.com.au/shop/productdetails/544202/tibaldi-signature-turkey",
        "imgName": "544202.jpg",
        "imgSrc": "https://cdn0.woolworths.media/content/wowproductimages/medium/544202.jpg",
        "name": "Tibaldi Signature Turkey  125g",
        "price": 4,
        "special": 3.75,
        "unitPrice": "$30.00 / 1KG"
    },
    {
        "category": "specials",
        "href": "https://www.woolworths.com.au/shop/productdetails/885628/staedtler-triplus-neon",
        "imgName": "885628.jpg",
        "imgSrc": "https://cdn0.woolworths.media/content/wowproductimages/medium/885628.jpg",
        "name": "Staedtler Triplus Neon 6pk",
        "price": 11,
        "special": 8.5
    },
    {
        "category": "specials",
        "href": "https://www.woolworths.com.au/shop/productdetails/861335/ob-finest-original-wafer-crackers",
        "imgName": "861335.jpg",
        "imgSrc": "https://cdn0.woolworths.media/content/wowproductimages/medium/861335.jpg",
        "name": "Ob Finest Original Wafer Crackers  100g",
        "price": 3,
        "unitPrice": "$3.00 / 100G"
    },
    {
        "category": "specials",
        "href": "https://www.woolworths.com.au/shop/productdetails/268681/tresemme-professional-hair-shampoo-salon-silk",
        "imgName": "268681.jpg",
        "imgSrc": "https://cdn0.woolworths.media/content/wowproductimages/medium/268681.jpg",
        "name": "Tresemme Professional Hair Shampoo Salon Silk 900ml",
        "price": 7,
        "unitPrice": "$0.78 / 100ML"
    },
    {
        "category": "specials",
        "href": "https://www.woolworths.com.au/shop/productdetails/559271/mud-lipstick-soft-rose",
        "imgName": "559271.jpg",
        "imgSrc": "https://cdn0.woolworths.media/content/wowproductimages/medium/559271.jpg",
        "name": "Mud Lipstick Soft Rose 3g",
        "price": 3,
        "unitPrice": "$10.00 / 10G"
    },
    {
        "category": "specials",
        "href": "https://www.woolworths.com.au/shop/productdetails/549623/nescafe-coffee-sachets-vanilla",
        "imgName": "549623.jpg",
        "imgSrc": "https://cdn0.woolworths.media/content/wowproductimages/medium/549623.jpg",
        "name": "Nescafe Coffee Sachets Vanilla 26pk",
        "price": 11.5,
        "unitPrice": "$2.39 / 100G"
    },
    {
        "category": "specials",
        "href": "https://www.woolworths.com.au/shop/productdetails/796491/air-wick-eco-candle-berries-spice",
        "imgName": "796491.jpg",
        "imgSrc": "https://cdn0.woolworths.media/content/wowproductimages/medium/796491.jpg",
        "name": "Air Wick Eco Candle Berries & Spice 100g",
        "price": 5,
        "unitPrice": "$5.00 / 100G"
    },
    {
        "category": "specials",
        "href": "https://www.woolworths.com.au/shop/productdetails/155618/golden-circle-breakfast-juice",
        "imgName": "155618.jpg",
        "imgSrc": "https://cdn0.woolworths.media/content/wowproductimages/medium/155618.jpg",
        "name": "Golden Circle Breakfast Juice 2l",
        "price": 3,
        "unitPrice": "$1.50 / 1L"
    },
    {
        "category": "specials",
        "href": "https://www.woolworths.com.au/shop/productdetails/696351/woolworths-select-apricot-almond-cream-cheese",
        "imgName": "696351.jpg",
        "imgSrc": "https://cdn0.woolworths.media/content/wowproductimages/medium/696351.jpg",
        "name": "Woolworths Select Apricot & Almond Cream Cheese 200g",
        "price": 3,
        "unitPrice": "$15.00 / 1KG"
    },
    {
        "category": "specials",
        "href": "https://www.woolworths.com.au/shop/productdetails/263291/lavazza-ground-coffee-crema-e-gusto",
        "imgName": "263291.jpg",
        "imgSrc": "https://cdn0.woolworths.media/content/wowproductimages/medium/263291.jpg",
        "name": "Lavazza Ground Coffee Crema E Gusto 200g",
        "price": 7.5,
        "unitPrice": "$3.75 / 100G"
    },
    {
        "category": "specials",
        "href": "https://www.woolworths.com.au/shop/productdetails/338454/woodstock-bourbon-cola-6-cans",
        "imgName": "338454.jpg",
        "imgSrc": "https://cdn0.woolworths.media/content/wowproductimages/medium/338454.jpg",
        "name": "Woodstock Bourbon & Cola 6% Cans 6x375ml",
        "price": 27,
        "special": 24
    },
    {
        "category": "specials",
        "href": "https://www.woolworths.com.au/shop/productdetails/9818/revlon-colour-silk-hair-colour-50-light-ash-brown",
        "imgName": "009818.jpg",
        "imgSrc": "https://cdn0.woolworths.media/content/wowproductimages/medium/009818.jpg",
        "name": "Revlon Colour Silk Hair Colour 50 Light Ash Brown each",
        "price": 9,
        "special": 7
    },
    {
        "category": "specials",
        "href": "https://www.woolworths.com.au/shop/productdetails/603987/christmas-indoor-battery-operated-character-lights",
        "imgName": "603987.jpg",
        "imgSrc": "https://cdn0.woolworths.media/content/wowproductimages/medium/603987.jpg",
        "name": "Christmas Indoor Battery Operated Character Lights each",
        "price": 6,
        "special": 4.2,
        "unitPrice": "$4.20 / 1EA"
    },
    {
        "category": "specials",
        "href": "https://www.woolworths.com.au/shop/productdetails/765475/olsent-spiral-cfl-cool-day-light-bc-20w",
        "imgName": "765475.jpg",
        "imgSrc": "https://cdn0.woolworths.media/content/wowproductimages/medium/765475.jpg",
        "name": "Olsent Spiral Cfl Cool Day Light Bc 20w 2pk",
        "price": 10,
        "unitPrice": "$5.00 / 1EA"
    },
    {
        "category": "specials",
        "href": "https://www.woolworths.com.au/shop/productdetails/257522/hygiene-plus-gloves-disposable-extra-protection",
        "imgName": "257522.jpg",
        "imgSrc": "https://cdn0.woolworths.media/content/wowproductimages/medium/257522.jpg",
        "name": "Hygiene Plus Gloves Disposable Extra Protection 20pk",
        "price": 3.19,
        "special": 2.69,
        "unitPrice": "$0.13 / 1EA"
    },
    {
        "category": "specials",
        "href": "https://www.woolworths.com.au/shop/productdetails/790219/woolworths-essentials-mini-silicone-tongs",
        "imgName": "790219.jpg",
        "imgSrc": "https://cdn0.woolworths.media/content/wowproductimages/medium/790219.jpg",
        "name": "Woolworths Essentials Mini Silicone Tongs 2pk",
        "price": 6,
        "special": 4.2
    },
    {
        "category": "specials",
        "href": "https://www.woolworths.com.au/shop/productdetails/629913/bic-4-colour-fluo-pen",
        "imgName": "629913.jpg",
        "imgSrc": "https://cdn0.woolworths.media/content/wowproductimages/medium/629913.jpg",
        "name": "Bic 4 Colour Fluo Pen each",
        "price": 3.7,
        "special": 2.55
    },
    {
        "category": "specials",
        "href": "https://www.woolworths.com.au/shop/productdetails/528441/smith-s-thinly-cut-chips-sweet-chilli-sour-cream",
        "imgName": "528441.jpg",
        "imgSrc": "https://cdn0.woolworths.media/content/wowproductimages/medium/528441.jpg",
        "name": "Smith's Thinly Cut Chips Sweet Chilli Sour Cream 175g",
        "price": 2,
        "unitPrice": "$1.14 / 100G"
    },
    {
        "category": "specials",
        "href": "https://www.woolworths.com.au/shop/productdetails/608731/inspire-370tc-viscose-bamboo-cotton-sheetpack-qb-cw1",
        "imgName": "608731.jpg",
        "imgSrc": "https://cdn0.woolworths.media/content/wowproductimages/medium/608731.jpg",
        "name": "Inspire 370tc Viscose/bamboo/cotton Sheetpack Qb Cw1 1ea",
        "price": 49,
        "special": 24.5
    },
    {
        "category": "specials",
        "href": "https://www.woolworths.com.au/shop/productdetails/657185/calbee-harvest-snaps-chicken",
        "imgName": "657185.jpg",
        "imgSrc": "https://cdn0.woolworths.media/content/wowproductimages/medium/657185.jpg",
        "name": "Calbee Harvest Snaps Chicken 93g",
        "price": 3,
        "special": 2.5,
        "unitPrice": "$26.88 / 1KG"
    },
    {
        "category": "specials",
        "href": "https://www.woolworths.com.au/shop/productdetails/662368/bhuja-deli-styled-chilli-garlic-mixed-nuts",
        "imgName": "662368.jpg",
        "imgSrc": "https://cdn0.woolworths.media/content/wowproductimages/medium/662368.jpg",
        "name": "Bhuja Deli Styled Chilli & Garlic Mixed Nuts 140g",
        "price": 5,
        "special": 3.2,
        "unitPrice": "$22.86 / 1KG"
    },
    {
        "category": "specials",
        "href": "https://www.woolworths.com.au/shop/productdetails/363870/woolworths-essentials-pillowcase-cream",
        "imgName": "363870.jpg",
        "imgSrc": "https://cdn0.woolworths.media/content/wowproductimages/medium/363870.jpg",
        "name": "Woolworths Essentials Pillowcase Cream 1pk",
        "price": 6,
        "special": 3
    },
    {
        "category": "specials",
        "href": "https://www.woolworths.com.au/shop/productdetails/651265/bic-evolution-eco-2b-pencils",
        "imgName": "651265.jpg",
        "imgSrc": "https://cdn0.woolworths.media/content/wowproductimages/medium/651265.jpg",
        "name": "Bic Evolution Eco 2b Pencils 4pk",
        "price": 4,
        "special": 2.8
    },
    {
        "category": "specials",
        "href": "https://www.woolworths.com.au/shop/productdetails/749737/tandaco-coating-mix-salt-pepper",
        "imgName": "749737.jpg",
        "imgSrc": "https://cdn0.woolworths.media/content/wowproductimages/medium/749737.jpg",
        "name": "Tandaco Coating Mix Salt & Pepper 75g",
        "price": 2,
        "special": 1.8,
        "unitPrice": "$0.24 / 10G"
    },
    {
        "category": "specials",
        "href": "https://www.woolworths.com.au/shop/productdetails/139943/cracker-barrel-special-reserve-cheese",
        "imgName": "139943.jpg",
        "imgSrc": "https://cdn0.woolworths.media/content/wowproductimages/medium/139943.jpg",
        "name": "Cracker Barrel Special Reserve Cheese 250g",
        "price": 6.8,
        "special": 5,
        "unitPrice": "$20.00 / 1KG"
    },
    {
        "category": "specials",
        "href": "https://www.woolworths.com.au/shop/productdetails/329998/herbert-adams-pies-creamy-chicken-leek",
        "imgName": "329998.jpg",
        "imgSrc": "https://cdn0.woolworths.media/content/wowproductimages/medium/329998.jpg",
        "name": "Herbert Adams Pies Creamy Chicken & Leek 2pk 420g",
        "price": 6.3,
        "special": 5,
        "unitPrice": "$1.19 / 100G"
    },
    {
        "category": "specials",
        "href": "https://www.woolworths.com.au/shop/productdetails/827952/woolworths-select-tampons-regular",
        "imgName": "827952.jpg",
        "imgSrc": "https://cdn0.woolworths.media/content/wowproductimages/medium/827952.jpg",
        "name": "Woolworths Select Tampons Regular 20pk",
        "price": 2.5,
        "unitPrice": "$0.13 / 1EA"
    },
    {
        "category": "specials",
        "href": "https://www.woolworths.com.au/shop/productdetails/641258/vege-chips-deli-crisps-purple-sweet-potato",
        "imgName": "641258.jpg",
        "imgSrc": "https://cdn0.woolworths.media/content/wowproductimages/medium/641258.jpg",
        "name": "Vege Chips Deli Crisps Purple Sweet Potato 100g",
        "price": 4.99,
        "special": 2.49,
        "unitPrice": "$2.49 / 100G"
    },
    {
        "category": "specials",
        "href": "https://www.woolworths.com.au/shop/productdetails/307669/pandaroo-snacks-jelly-fruit-mini-cups",
        "imgName": "307669.jpg",
        "imgSrc": "https://cdn0.woolworths.media/content/wowproductimages/medium/307669.jpg",
        "name": "Pandaroo Snacks Jelly Fruit Mini Cups 380g",
        "price": 2.1,
        "special": 1.85,
        "unitPrice": "$0.49 / 100G"
    },
    {
        "category": "specials",
        "href": "https://www.woolworths.com.au/shop/productdetails/21357/massel-ultracubes-beef",
        "imgName": "021357.jpg",
        "imgSrc": "https://cdn0.woolworths.media/content/wowproductimages/medium/021357.jpg",
        "name": "Massel Ultracubes Beef 105g",
        "price": 3,
        "special": 2.5,
        "unitPrice": "$0.24 / 10G"
    },
    {
        "category": "specials",
        "href": "https://www.woolworths.com.au/shop/productdetails/57688/masterfoods-marinade-teriyaki",
        "imgName": "057688.jpg",
        "imgSrc": "https://cdn0.woolworths.media/content/wowproductimages/medium/057688.jpg",
        "name": "Masterfoods Marinade Teriyaki 375g",
        "price": 2.5,
        "unitPrice": "$0.67 / 100G"
    },
    {
        "category": "specials",
        "href": "https://www.woolworths.com.au/shop/productdetails/845626/john-frieda-air-dry-waves",
        "imgName": "845626.jpg",
        "imgSrc": "https://cdn0.woolworths.media/content/wowproductimages/medium/845626.jpg",
        "name": "John Frieda Air Dry Waves  147ml",
        "price": 17,
        "special": 10.2,
        "unitPrice": "$6.94 / 100ML"
    },
    {
        "category": "specials",
        "href": "https://www.woolworths.com.au/shop/productdetails/620645/l-oreal-colorista-spray-1-day-colour-mint",
        "imgName": "620645.jpg",
        "imgSrc": "https://cdn0.woolworths.media/content/wowproductimages/medium/620645.jpg",
        "name": "L'oreal Colorista Spray 1 Day Colour Mint 75ml",
        "price": 15,
        "special": 10.5,
        "unitPrice": "$14.00 / 100ML"
    },
    {
        "category": "specials",
        "href": "https://www.woolworths.com.au/shop/productdetails/299007/clio-plain-basic-full-brief-assorted-colours-14-16",
        "imgName": "299007.jpg",
        "imgSrc": "https://cdn0.woolworths.media/content/wowproductimages/medium/299007.jpg",
        "name": "Clio Plain Basic Full Brief Assorted Colours 14-16 each",
        "price": 7.5,
        "special": 5.25
    },
    {
        "category": "specials",
        "href": "https://www.woolworths.com.au/shop/productdetails/622961/duck-toilet-fresh-disc-citrus",
        "imgName": "622961.jpg",
        "imgSrc": "https://cdn0.woolworths.media/content/wowproductimages/medium/622961.jpg",
        "name": "Duck Toilet Fresh Disc Citrus 36ml",
        "price": 5.8,
        "special": 4,
        "unitPrice": "$11.11 / 100ML"
    },
    {
        "category": "specials",
        "href": "https://www.woolworths.com.au/shop/productdetails/644309/estrella-damm-lager-bottles",
        "imgName": "644309.jpg",
        "imgSrc": "https://cdn0.woolworths.media/content/wowproductimages/medium/644309.jpg",
        "name": "Estrella Damm Lager Bottles 6x330ml pack",
        "price": 21.8,
        "special": 17
    },
    {
        "category": "specials",
        "href": "https://www.woolworths.com.au/shop/productdetails/224307/woolworths-essential-candle-tealights",
        "imgName": "224307.jpg",
        "imgSrc": "https://cdn0.woolworths.media/content/wowproductimages/medium/224307.jpg",
        "name": "Woolworths Essential Candle Tealights 100pk",
        "price": 10,
        "unitPrice": "$10.00 / 100EA"
    },
    {
        "category": "specials",
        "href": "https://www.woolworths.com.au/shop/productdetails/491249/cracker-barrel-sharp-cheese",
        "imgName": "491249.jpg",
        "imgSrc": "https://cdn0.woolworths.media/content/wowproductimages/medium/491249.jpg",
        "name": "Cracker Barrel Sharp Cheese  250g",
        "price": 6.5,
        "special": 4.5,
        "unitPrice": "$18.00 / 1KG"
    },
    {
        "category": "specials",
        "href": "https://www.woolworths.com.au/shop/productdetails/624024/quest-choc-blueberry-muffin-protein-bar",
        "imgName": "624024.jpg",
        "imgSrc": "https://cdn0.woolworths.media/content/wowproductimages/medium/624024.jpg",
        "name": "Quest Choc Blueberry Muffin Protein Bar 60g",
        "price": 4,
        "special": 3.5,
        "unitPrice": "$5.83 / 100G"
    },
    {
        "category": "specials",
        "href": "https://www.woolworths.com.au/shop/productdetails/757334/bed-head-shampoo-reenergize",
        "imgName": "757334.jpg",
        "imgSrc": "https://cdn0.woolworths.media/content/wowproductimages/medium/757334.jpg",
        "name": "Bed Head Shampoo Reenergize 250ml",
        "price": 19,
        "unitPrice": "$7.60 / 100ML"
    },
    {
        "category": "specials",
        "href": "https://www.woolworths.com.au/shop/productdetails/69345/john-west-tuna-slices-in-springwater",
        "imgName": "069345.jpg",
        "imgSrc": "https://cdn0.woolworths.media/content/wowproductimages/medium/069345.jpg",
        "name": "John West Tuna Slices In Springwater 125g",
        "price": 3,
        "special": 2.5,
        "unitPrice": "$20.00 / 1KG"
    },
    {
        "category": "specials",
        "href": "https://www.woolworths.com.au/shop/productdetails/600182/schwarzkopf-live-salon-gloss-chilli-brown-4-68",
        "imgName": "600182.jpg",
        "imgSrc": "https://cdn0.woolworths.media/content/wowproductimages/medium/600182.jpg",
        "name": "Schwarzkopf Live Salon Gloss Chilli Brown 4.68 each",
        "price": 14,
        "special": 8.4
    },
    {
        "category": "specials",
        "href": "https://www.woolworths.com.au/shop/productdetails/583769/aeroplane-glitter-jellystrawbery",
        "imgName": "583769.jpg",
        "imgSrc": "https://cdn0.woolworths.media/content/wowproductimages/medium/583769.jpg",
        "name": "Aeroplane Glitter Jellystrawbery 85g",
        "price": 1.5,
        "unitPrice": "$1.76 / 100G"
    },
    {
        "category": "specials",
        "href": "https://www.woolworths.com.au/shop/productdetails/829558/morning-fresh-dishwashing-liquid-lemon-fresh",
        "imgName": "829558.jpg",
        "imgSrc": "https://cdn0.woolworths.media/content/wowproductimages/medium/829558.jpg",
        "name": "Morning Fresh Dishwashing Liquid Lemon Fresh 400ml",
        "price": 3.95,
        "special": 3,
        "unitPrice": "$0.75 / 100ML"
    },
    {
        "category": "specials",
        "href": "https://www.woolworths.com.au/shop/productdetails/959449/riviana-smoked-oysters",
        "imgName": "959449.jpg",
        "imgSrc": "https://cdn0.woolworths.media/content/wowproductimages/medium/959449.jpg",
        "name": "Riviana Smoked Oysters  85g",
        "price": 3,
        "special": 2.65,
        "unitPrice": "$31.18 / 1KG"
    },
    {
        "category": "specials",
        "href": "https://www.woolworths.com.au/shop/productdetails/97011/angas-park-prunes-pitted-resealable",
        "imgName": "097011.jpg",
        "imgSrc": "https://cdn0.woolworths.media/content/wowproductimages/medium/097011.jpg",
        "name": "Angas Park Prunes Pitted Resealable 500g",
        "price": 7,
        "unitPrice": "$14.00 / 1KG"
    },
    {
        "category": "specials",
        "href": "https://www.woolworths.com.au/shop/productdetails/841226/air-wick-home-signature-reed-diffuser-vanilla-bean-white-truffle",
        "imgName": "841226.jpg",
        "imgSrc": "https://cdn0.woolworths.media/content/wowproductimages/medium/841226.jpg",
        "name": "Air Wick Home Signature Reed Diffuser Vanilla Bean & White Truffle each",
        "price": 14.99,
        "special": 12
    },
    {
        "category": "specials",
        "href": "https://www.woolworths.com.au/shop/productdetails/598746/fab-laundry-liquid-frangipani",
        "imgName": "598746.jpg",
        "imgSrc": "https://cdn0.woolworths.media/content/wowproductimages/medium/598746.jpg",
        "name": "Fab Laundry Liquid Frangipani 2l",
        "price": 8,
        "unitPrice": "$4.00 / 1L"
    },
    {
        "category": "specials",
        "href": "https://www.woolworths.com.au/shop/productdetails/603074/zak-licensed-sip-snack-paw-patrol-pink",
        "imgName": "603074.jpg",
        "imgSrc": "https://cdn0.woolworths.media/content/wowproductimages/medium/603074.jpg",
        "name": "Zak Licensed Sip & Snack Paw Patrol Pink each",
        "price": 10,
        "special": 6
    },
    {
        "category": "specials",
        "href": "https://www.woolworths.com.au/shop/productdetails/733475/nature-s-own-ultra-krill-oil-1000mg",
        "imgName": "733475.jpg",
        "imgSrc": "https://cdn0.woolworths.media/content/wowproductimages/medium/733475.jpg",
        "name": "Nature's Own Ultra Krill Oil 1000mg 30 capsules",
        "price": 16,
        "unitPrice": "$53.33 / 100EA"
    },
    {
        "category": "specials",
        "href": "https://www.woolworths.com.au/shop/productdetails/793115/banana-boat-spf-50-sunscreen-sport-spray",
        "imgName": "793115.jpg",
        "imgSrc": "https://cdn0.woolworths.media/content/wowproductimages/medium/793115.jpg",
        "name": "Banana Boat Spf 50+ Sunscreen Sport Spray 240ml",
        "price": 17.5,
        "special": 14,
        "unitPrice": "$5.83 / 100ML"
    },
    {
        "category": "specials",
        "href": "https://www.woolworths.com.au/shop/productdetails/92241/ixl-raspberry-jam",
        "imgName": "092241.jpg",
        "imgSrc": "https://cdn0.woolworths.media/content/wowproductimages/medium/092241.jpg",
        "name": "Ixl Raspberry Jam 250g",
        "price": 2.6,
        "special": 2,
        "unitPrice": "$0.80 / 100G"
    },
    {
        "category": "specials",
        "href": "https://www.woolworths.com.au/shop/productdetails/824097/casillero-del-diablo-shiraz",
        "imgName": "824097.jpg",
        "imgSrc": "https://cdn0.woolworths.media/content/wowproductimages/medium/824097.jpg",
        "name": "Casillero Del Diablo Shiraz  750ml bottle",
        "price": 17,
        "special": 13
    },
    {
        "category": "specials",
        "href": "https://www.woolworths.com.au/shop/productdetails/794637/ocean-chef-fish-pacific-cod-portions",
        "imgName": "794637.jpg",
        "imgSrc": "https://cdn0.woolworths.media/content/wowproductimages/medium/794637.jpg",
        "name": "Ocean Chef Fish Pacific Cod Portions 1kg",
        "price": 25,
        "unitPrice": "$25.00 / 1KG"
    },
    {
        "category": "specials",
        "href": "https://www.woolworths.com.au/shop/productdetails/707225/natvia-sweetener-tablets-100-natural",
        "imgName": "707225.jpg",
        "imgSrc": "https://cdn0.woolworths.media/content/wowproductimages/medium/707225.jpg",
        "name": "Natvia Sweetener Tablets 100% Natural 200pk",
        "price": 7.7,
        "special": 5.35,
        "unitPrice": "$2.68 / 100EA"
    },
    {
        "category": "specials",
        "href": "https://www.woolworths.com.au/shop/productdetails/619829/always-fresh-green-olive-tapenade",
        "imgName": "619829.jpg",
        "imgSrc": "https://cdn0.woolworths.media/content/wowproductimages/medium/619829.jpg",
        "name": "Always Fresh Green Olive Tapenade  230g",
        "price": 4.5,
        "special": 4,
        "unitPrice": "$1.74 / 100G"
    },
    {
        "category": "specials",
        "href": "https://www.woolworths.com.au/shop/productdetails/656962/kan-tong-honey-soy-garlic-meal-base-pouch",
        "imgName": "656962.jpg",
        "imgSrc": "https://cdn0.woolworths.media/content/wowproductimages/medium/656962.jpg",
        "name": "Kan Tong Honey Soy & Garlic Meal Base Pouch 175g",
        "price": 2.89,
        "unitPrice": "$1.65 / 100G"
    },
    {
        "category": "specials",
        "href": "https://www.woolworths.com.au/shop/productdetails/234932/pro-chef-extra-virgin-olive-oil-spray",
        "imgName": "234932.jpg",
        "imgSrc": "https://cdn0.woolworths.media/content/wowproductimages/medium/234932.jpg",
        "name": "Pro Chef Extra Virgin Olive Oil Spray 225g",
        "price": 4,
        "unitPrice": "$1.78 / 100G"
    },
    {
        "category": "specials",
        "href": "https://www.woolworths.com.au/shop/productdetails/476205/woolworths-ricotta-cheese-light",
        "imgName": "476205.jpg",
        "imgSrc": "https://cdn0.woolworths.media/content/wowproductimages/medium/476205.jpg",
        "name": "Woolworths Ricotta Cheese Light 375g",
        "price": 3,
        "unitPrice": "$8.00 / 1KG"
    },
    {
        "category": "specials",
        "href": "https://www.woolworths.com.au/shop/productdetails/824098/casillero-del-diablo-merlot",
        "imgName": "824098.jpg",
        "imgSrc": "https://cdn0.woolworths.media/content/wowproductimages/medium/824098.jpg",
        "name": "Casillero Del Diablo Merlot  750ml bottle",
        "price": 17,
        "special": 13
    },
    {
        "category": "specials",
        "href": "https://www.woolworths.com.au/shop/productdetails/910391/bulmers-apple-cider-original-bottles",
        "imgName": "910391.jpg",
        "imgSrc": "https://cdn0.woolworths.media/content/wowproductimages/medium/910391.jpg",
        "name": "Bulmers Apple Cider Original Bottles 4x330ml pack",
        "price": 13.7,
        "special": 12
    },
    {
        "category": "specials",
        "href": "https://www.woolworths.com.au/shop/productdetails/93692/lynx-men-body-spray-aerosol-deodorant-africa",
        "imgName": "093692.jpg",
        "imgSrc": "https://cdn0.woolworths.media/content/wowproductimages/medium/093692.jpg",
        "name": "Lynx Men Body Spray Aerosol Deodorant Africa 155ml",
        "price": 6,
        "special": 4,
        "unitPrice": "$2.58 / 100ML"
    },
    {
        "category": "specials",
        "href": "https://www.woolworths.com.au/shop/productdetails/114560/johnsons-normal-wipes-cleansing-normal-skin",
        "imgName": "114560.jpg",
        "imgSrc": "https://cdn0.woolworths.media/content/wowproductimages/medium/114560.jpg",
        "name": "Johnsons Normal Wipes Cleansing Normal Skin 25pk",
        "price": 6,
        "unitPrice": "$0.24 / 1EA"
    },
    {
        "category": "specials",
        "href": "https://www.woolworths.com.au/shop/productdetails/30273/band-aid-plastic-strips",
        "imgName": "030273.jpg",
        "imgSrc": "https://cdn0.woolworths.media/content/wowproductimages/medium/030273.jpg",
        "name": "Band-aid Plastic Strips  50pk",
        "price": 4.5,
        "special": 3.85,
        "unitPrice": "$0.08 / 1EA"
    },
    {
        "category": "specials",
        "href": "https://www.woolworths.com.au/shop/productdetails/840483/greens-chunkies-choc-chunk-cookies",
        "imgName": "840483.jpg",
        "imgSrc": "https://cdn0.woolworths.media/content/wowproductimages/medium/840483.jpg",
        "name": "Greens Chunkies Choc Chunk Cookies 200g",
        "price": 3,
        "unitPrice": "$1.20 / 100G"
    },
    {
        "category": "specials",
        "href": "https://www.woolworths.com.au/shop/productdetails/450832/leggo-s-pasta-sauce-carbonara",
        "imgName": "450832.jpg",
        "imgSrc": "https://cdn0.woolworths.media/content/wowproductimages/medium/450832.jpg",
        "name": "Leggo's Pasta Sauce Carbonara 490g",
        "price": 3,
        "special": 2.7,
        "unitPrice": "$0.55 / 100G"
    },
    {
        "category": "specials",
        "href": "https://www.woolworths.com.au/shop/productdetails/769035/nature-s-own-ultra-krill-oil-1500mg",
        "imgName": "769035.jpg",
        "imgSrc": "https://cdn0.woolworths.media/content/wowproductimages/medium/769035.jpg",
        "name": "Nature's Own Ultra Krill Oil 1500mg 30 capsules",
        "price": 20,
        "unitPrice": "$66.67 / 100EA"
    },
    {
        "category": "specials",
        "href": "https://www.woolworths.com.au/shop/productdetails/574780/on-the-menu-beef-ragu-pappardelle",
        "imgName": "574780.jpg",
        "imgSrc": "https://cdn0.woolworths.media/content/wowproductimages/medium/574780.jpg",
        "name": "On The Menu Beef Ragu Pappardelle 260g",
        "price": 3,
        "special": 2.7,
        "unitPrice": "$1.04 / 100G"
    },
    {
        "category": "specials",
        "href": "https://www.woolworths.com.au/shop/productdetails/701704/kellogg-s-just-right-original",
        "imgName": "701704.jpg",
        "imgSrc": "https://cdn0.woolworths.media/content/wowproductimages/medium/701704.jpg",
        "name": "Kellogg's Just Right Original 790g",
        "price": 7.5,
        "special": 6,
        "unitPrice": "$0.76 / 100G"
    },
    {
        "category": "specials",
        "href": "https://www.woolworths.com.au/shop/productdetails/660207/mountain-goat-pale-ale-bottles",
        "imgName": "660207.jpg",
        "imgSrc": "https://cdn0.woolworths.media/content/wowproductimages/medium/660207.jpg",
        "name": "Mountain Goat Pale Ale Bottles 24x330ml case",
        "price": 78,
        "special": 68
    },
    {
        "category": "specials",
        "href": "https://www.woolworths.com.au/shop/productdetails/505874/balnea-foaming-hand-wash-mint-lime",
        "imgName": "505874.jpg",
        "imgSrc": "https://cdn0.woolworths.media/content/wowproductimages/medium/505874.jpg",
        "name": "Balnea Foaming Hand Wash Mint/lime 250ml",
        "price": 2,
        "unitPrice": "$0.80 / 100ML"
    },
    {
        "category": "specials",
        "href": "https://www.woolworths.com.au/shop/productdetails/621940/duck-deep-action-toilet-cleaning-gel-lavender",
        "imgName": "621940.jpg",
        "imgSrc": "https://cdn0.woolworths.media/content/wowproductimages/medium/621940.jpg",
        "name": "Duck Deep Action Toilet Cleaning Gel Lavender 650ml",
        "price": 4,
        "special": 3,
        "unitPrice": "$0.46 / 100ML"
    },
    {
        "category": "specials",
        "href": "https://www.woolworths.com.au/shop/productdetails/88382/barilla-rigatoni-pasta-no-89",
        "imgName": "088382.jpg",
        "imgSrc": "https://cdn0.woolworths.media/content/wowproductimages/medium/088382.jpg",
        "name": "Barilla Rigatoni Pasta No 89 500g",
        "price": 1.99,
        "unitPrice": "$0.40 / 100G"
    },
    {
        "category": "specials",
        "href": "https://www.woolworths.com.au/shop/productdetails/442566/optus-zte-blade-4g-white",
        "imgName": "442566.jpg",
        "imgSrc": "https://cdn0.woolworths.media/content/wowproductimages/medium/442566.jpg",
        "name": "Optus Zte Blade 4g White each",
        "price": 99,
        "special": 49.5
    },
    {
        "category": "specials",
        "href": "https://www.woolworths.com.au/shop/productdetails/569368/harvest-rice-bran-oil",
        "imgName": "569368.jpg",
        "imgSrc": "https://cdn0.woolworths.media/content/wowproductimages/medium/569368.jpg",
        "name": "Harvest Rice Bran Oil  3l",
        "price": 8.5,
        "unitPrice": "$0.28 / 100ML"
    },
    {
        "category": "specials",
        "href": "https://www.woolworths.com.au/shop/productdetails/326178/ainsley-harriot-cous-cous-wild-mushroom",
        "imgName": "326178.jpg",
        "imgSrc": "https://cdn0.woolworths.media/content/wowproductimages/medium/326178.jpg",
        "name": "Ainsley Harriot Cous Cous Wild Mushroom 100g",
        "price": 2.1,
        "unitPrice": "$2.10 / 100G"
    },
    {
        "category": "specials",
        "href": "https://www.woolworths.com.au/shop/productdetails/370947/byron-bay-chilli-co-chilli-sauce-green-jalapeno",
        "imgName": "370947.jpg",
        "imgSrc": "https://cdn0.woolworths.media/content/wowproductimages/medium/370947.jpg",
        "name": "Byron Bay Chilli Co Chilli Sauce Green Jalapeno 250ml",
        "price": 4.29,
        "special": 4,
        "unitPrice": "$1.60 / 100ML"
    },
    {
        "category": "specials",
        "href": "https://www.woolworths.com.au/shop/productdetails/554519/hans-pizza-salami",
        "imgName": "554519.jpg",
        "imgSrc": "https://cdn0.woolworths.media/content/wowproductimages/medium/554519.jpg",
        "name": "Hans Pizza Salami  200g",
        "price": 6.99,
        "unitPrice": "$34.95 / 1KG"
    },
    {
        "category": "specials",
        "href": "https://www.woolworths.com.au/shop/productdetails/729274/woolworths-popcorn-sweet-salty",
        "imgName": "729274.jpg",
        "imgSrc": "https://cdn0.woolworths.media/content/wowproductimages/medium/729274.jpg",
        "name": "Woolworths Popcorn Sweet & Salty 120g",
        "price": 2.5,
        "unitPrice": "$2.08 / 100G"
    },
    {
        "category": "specials",
        "href": "https://www.woolworths.com.au/shop/productdetails/194495/john-frieda-spray-frizz-ease-dream-curls",
        "imgName": "194495.jpg",
        "imgSrc": "https://cdn0.woolworths.media/content/wowproductimages/medium/194495.jpg",
        "name": "John Frieda Spray Frizz Ease Dream Curls 198ml",
        "price": 17,
        "special": 10.2,
        "unitPrice": "$5.15 / 100ML"
    },
    {
        "category": "specials",
        "href": "https://www.woolworths.com.au/shop/productdetails/328473/corona-extra-lager-stubbies",
        "imgName": "328473.jpg",
        "imgSrc": "https://cdn0.woolworths.media/content/wowproductimages/medium/328473.jpg",
        "name": "Corona Extra Lager Stubbies 24x355ml case",
        "price": 59,
        "special": 49
    },
    {
        "category": "specials",
        "href": "https://www.woolworths.com.au/shop/productdetails/14279/queens-slipper-favour-playing-cards-500s",
        "imgName": "014279.jpg",
        "imgSrc": "https://cdn0.woolworths.media/content/wowproductimages/medium/014279.jpg",
        "name": "Queens Slipper Favour Playing Cards 500s 1ea",
        "price": 6,
        "special": 4.8
    },
    {
        "category": "specials",
        "href": "https://www.woolworths.com.au/shop/productdetails/662932/mccain-superfries-steak-cut",
        "imgName": "662932.jpg",
        "imgSrc": "https://cdn0.woolworths.media/content/wowproductimages/medium/662932.jpg",
        "name": "Mccain Superfries Steak Cut 900g",
        "price": 3.79,
        "special": 3,
        "unitPrice": "$3.33 / 1KG"
    },
    {
        "category": "specials",
        "href": "https://www.woolworths.com.au/shop/productdetails/36069/calidad-canon-printer-ink-cli-651-4-colour",
        "imgName": "036069.jpg",
        "imgSrc": "https://cdn0.woolworths.media/content/wowproductimages/medium/036069.jpg",
        "name": "Calidad Canon Printer Ink Cli-651 4 Colour each",
        "price": 49
    },
    {
        "category": "specials",
        "href": "https://www.woolworths.com.au/shop/productdetails/643426/mountain-goat-summer-ale-cans",
        "imgName": "643426.jpg",
        "imgSrc": "https://cdn0.woolworths.media/content/wowproductimages/medium/643426.jpg",
        "name": "Mountain Goat Summer Ale Cans 24x375ml case",
        "price": 78,
        "special": 68
    },
    {
        "category": "specials",
        "href": "https://www.woolworths.com.au/shop/productdetails/2296/l-oreal-preference-8-california-natural-blonde",
        "imgName": "002296.jpg",
        "imgSrc": "https://cdn0.woolworths.media/content/wowproductimages/medium/002296.jpg",
        "name": "L'oreal Preference 8 California Natural Blonde 1pk",
        "price": 19,
        "special": 13
    },
    {
        "category": "specials",
        "href": "https://www.woolworths.com.au/shop/productdetails/494152/praise-deli-style-whole-egg-mayonnaise-peri-peri",
        "imgName": "494152.jpg",
        "imgSrc": "https://cdn0.woolworths.media/content/wowproductimages/medium/494152.jpg",
        "name": "Praise Deli Style Whole Egg Mayonnaise Peri Peri 250ml",
        "price": 3,
        "special": 2.5,
        "unitPrice": "$1.00 / 100ML"
    },
    {
        "category": "specials",
        "href": "https://www.woolworths.com.au/shop/productdetails/456573/fluffy-divine-blends-fabric-softener-concentrate-fresh-pear-white-lily",
        "imgName": "456573.jpg",
        "imgSrc": "https://cdn0.woolworths.media/content/wowproductimages/medium/456573.jpg",
        "name": "Fluffy Divine Blends Fabric Softener Concentrate Fresh Pear & White Lily 450ml",
        "price": 3.5,
        "unitPrice": "$7.78 / 1L"
    },
    {
        "category": "specials",
        "href": "https://www.woolworths.com.au/shop/productdetails/923890/obela-caramelised-onion-garnished-hommus",
        "imgName": "923890.jpg",
        "imgSrc": "https://cdn0.woolworths.media/content/wowproductimages/medium/923890.jpg",
        "name": "Obela Caramelised Onion Garnished Hommus 220g",
        "price": 4.4,
        "special": 4,
        "unitPrice": "$1.82 / 100G"
    },
    {
        "category": "specials",
        "href": "https://www.woolworths.com.au/shop/productdetails/827649/gillette-fusion-proglide-sensitive-gel-active-sport",
        "imgName": "827649.jpg",
        "imgSrc": "https://cdn0.woolworths.media/content/wowproductimages/medium/827649.jpg",
        "name": "Gillette Fusion Proglide Sensitive Gel Active Sport 170g",
        "price": 7.5,
        "unitPrice": "$4.41 / 100G"
    },
    {
        "category": "specials",
        "href": "https://www.woolworths.com.au/shop/productdetails/828995/the-natural-confectionery-co-snakes",
        "imgName": "828995.jpg",
        "imgSrc": "https://cdn0.woolworths.media/content/wowproductimages/medium/828995.jpg",
        "name": "The Natural Confectionery Co Snakes  260g bag",
        "price": 4,
        "special": 3,
        "unitPrice": "$1.15 / 100G"
    },
    {
        "category": "specials",
        "href": "https://www.woolworths.com.au/shop/productdetails/763671/woolworths-select-italian-mascarpone-cheese",
        "imgName": "763671.jpg",
        "imgSrc": "https://cdn0.woolworths.media/content/wowproductimages/medium/763671.jpg",
        "name": "Woolworths Select Italian Mascarpone Cheese 250g",
        "price": 4,
        "unitPrice": "$16.00 / 1KG"
    },
    {
        "category": "specials",
        "href": "https://www.woolworths.com.au/shop/productdetails/505842/woolworths-turkish-garlic-loaf",
        "imgName": "505842.jpg",
        "imgSrc": "https://cdn0.woolworths.media/content/wowproductimages/medium/505842.jpg",
        "name": "Woolworths Turkish Garlic Loaf 420g",
        "price": 3,
        "unitPrice": "$0.71 / 100G"
    },
    {
        "category": "specials",
        "href": "https://www.woolworths.com.au/shop/productdetails/420513/philips-light-globe-led-13w-1400-lumen-cool-es",
        "imgName": "420513.jpg",
        "imgSrc": "https://cdn0.woolworths.media/content/wowproductimages/medium/420513.jpg",
        "name": "Philips Light Globe Led 13w 1400 Lumen Cool Es each",
        "price": 15,
        "unitPrice": "$15.00 / 1EA"
    },
    {
        "category": "specials",
        "href": "https://www.woolworths.com.au/shop/productdetails/660454/tyrrells-hand-cooked-worcestershire-sundried-tomato-crisps",
        "imgName": "660454.jpg",
        "imgSrc": "https://cdn0.woolworths.media/content/wowproductimages/medium/660454.jpg",
        "name": "Tyrrells Hand-cooked Worcestershire & Sundried Tomato Crisps 165g",
        "price": 4.49,
        "special": 2.24,
        "unitPrice": "$1.36 / 100G"
    },
    {
        "category": "specials",
        "href": "https://www.woolworths.com.au/shop/productdetails/586677/morning-fresh-ultimate-dishwashing-liquid-lemon",
        "imgName": "586677.jpg",
        "imgSrc": "https://cdn0.woolworths.media/content/wowproductimages/medium/586677.jpg",
        "name": "Morning Fresh Ultimate Dishwashing Liquid Lemon 350ml",
        "price": 3.95,
        "special": 3,
        "unitPrice": "$0.86 / 100ML"
    },
    {
        "category": "specials",
        "href": "https://www.woolworths.com.au/shop/productdetails/825952/peckish-rice-crackers-tangy-bbq",
        "imgName": "825952.jpg",
        "imgSrc": "https://cdn0.woolworths.media/content/wowproductimages/medium/825952.jpg",
        "name": "Peckish Rice Crackers Tangy Bbq 6pk 120g",
        "price": 3,
        "special": 2.5,
        "unitPrice": "$2.08 / 100G"
    },
    {
        "category": "specials",
        "href": "https://www.woolworths.com.au/shop/productdetails/660013/stella-artois-legere-lager-bottles",
        "imgName": "660013.jpg",
        "imgSrc": "https://cdn0.woolworths.media/content/wowproductimages/medium/660013.jpg",
        "name": "Stella Artois Legere Lager Bottles 24x330ml case",
        "price": 51,
        "special": 45
    },
    {
        "category": "specials",
        "href": "https://www.woolworths.com.au/shop/productdetails/607577/heinz-tomato-ketchup-less-sugar",
        "imgName": "607577.jpg",
        "imgSrc": "https://cdn0.woolworths.media/content/wowproductimages/medium/607577.jpg",
        "name": "Heinz Tomato Ketchup Less Sugar 500ml",
        "price": 3.2,
        "special": 2.8,
        "unitPrice": "$0.56 / 100ML"
    },
    {
        "category": "specials",
        "href": "https://www.woolworths.com.au/shop/productdetails/827943/australias-own-chicken-stock-organic",
        "imgName": "827943.jpg",
        "imgSrc": "https://cdn0.woolworths.media/content/wowproductimages/medium/827943.jpg",
        "name": "Australias Own Chicken Stock Organic 1l",
        "price": 3,
        "unitPrice": "$0.30 / 100ML"
    },
    {
        "category": "specials",
        "href": "https://www.woolworths.com.au/shop/productdetails/622215/harpic-fresh-power-toilet-cleaner-marine-splash",
        "imgName": "622215.jpg",
        "imgSrc": "https://cdn0.woolworths.media/content/wowproductimages/medium/622215.jpg",
        "name": "Harpic Fresh Power Toilet Cleaner Marine Splash 700ml",
        "price": 5,
        "special": 4.4,
        "unitPrice": "$0.63 / 100ML"
    },
    {
        "category": "specials",
        "href": "https://www.woolworths.com.au/shop/productdetails/612646/greens-cookies-choc-orange",
        "imgName": "612646.jpg",
        "imgSrc": "https://cdn0.woolworths.media/content/wowproductimages/medium/612646.jpg",
        "name": "Greens Cookies Choc Orange  200g",
        "price": 3,
        "unitPrice": "$1.50 / 100G"
    },
    {
        "category": "specials",
        "href": "https://www.woolworths.com.au/shop/productdetails/28229/tom-piper-beef-savoury-mince-vegetable",
        "imgName": "028229.jpg",
        "imgSrc": "https://cdn0.woolworths.media/content/wowproductimages/medium/028229.jpg",
        "name": "Tom Piper Beef Savoury Mince Vegetable 400g",
        "price": 3,
        "unitPrice": "$7.50 / 1KG"
    },
    {
        "category": "specials",
        "href": "https://www.woolworths.com.au/shop/productdetails/902133/monteiths-black-beer-bottles",
        "imgName": "902133.jpg",
        "imgSrc": "https://cdn0.woolworths.media/content/wowproductimages/medium/902133.jpg",
        "name": "Monteiths Black Beer Bottles 24x330ml case",
        "price": 65,
        "special": 50
    },
    {
        "category": "specials",
        "href": "https://www.woolworths.com.au/shop/productdetails/902084/jim-beam-white-label-bourbon-cola-bottles",
        "imgName": "902084.jpg",
        "imgSrc": "https://cdn0.woolworths.media/content/wowproductimages/medium/902084.jpg",
        "name": "Jim Beam White Label Bourbon & Cola Bottles 4x330ml",
        "price": 20,
        "special": 19
    },
    {
        "category": "specials",
        "href": "https://www.woolworths.com.au/shop/productdetails/66394/foster-clarks-custard-vanilla",
        "imgName": "066394.jpg",
        "imgSrc": "https://cdn0.woolworths.media/content/wowproductimages/medium/066394.jpg",
        "name": "Foster Clarks Custard Vanilla 1l",
        "price": 3.4,
        "special": 3,
        "unitPrice": "$0.30 / 100ML"
    },
    {
        "category": "specials",
        "href": "https://www.woolworths.com.au/shop/productdetails/4193/nesquik-banana-flavour",
        "imgName": "004193.jpg",
        "imgSrc": "https://cdn0.woolworths.media/content/wowproductimages/medium/004193.jpg",
        "name": "Nesquik Banana Flavour 250g",
        "price": 2.8,
        "special": 2.25,
        "unitPrice": "$0.90 / 100G"
    },
    {
        "category": "specials",
        "href": "https://www.woolworths.com.au/shop/productdetails/214024/foster-clarks-strawberry-custard",
        "imgName": "214024.jpg",
        "imgSrc": "https://cdn0.woolworths.media/content/wowproductimages/medium/214024.jpg",
        "name": "Foster Clarks Strawberry Custard 4x140g",
        "price": 3.7,
        "unitPrice": "$0.66 / 100G"
    },
    {
        "category": "specials",
        "href": "https://www.woolworths.com.au/shop/productdetails/356072/pazo-barrantes-imported-albarino",
        "imgName": "356072.jpg",
        "imgSrc": "https://cdn0.woolworths.media/content/wowproductimages/medium/356072.jpg",
        "name": "Pazo Barrantes Imported Albarino 750ml",
        "price": 28,
        "special": 19
    },
    {
        "category": "specials",
        "href": "https://www.woolworths.com.au/shop/productdetails/603808/l-or-espresso-forza-coffee-capsule",
        "imgName": "603808.jpg",
        "imgSrc": "https://cdn0.woolworths.media/content/wowproductimages/medium/603808.jpg",
        "name": "L'or Espresso Forza Coffee Capsule 10pk 52g",
        "price": 6,
        "special": 4,
        "unitPrice": "$7.69 / 100G"
    },
    {
        "category": "specials",
        "href": "https://www.woolworths.com.au/shop/productdetails/473202/nature-s-own-hair-skin-nails",
        "imgName": "473202.jpg",
        "imgSrc": "https://cdn0.woolworths.media/content/wowproductimages/medium/473202.jpg",
        "name": "Nature's Own Hair Skin & Nails  60pk",
        "price": 8,
        "unitPrice": "$13.33 / 100EA"
    },
    {
        "category": "specials",
        "href": "https://www.woolworths.com.au/shop/productdetails/658366/kan-tong-massaman-curry-meal-base-pouch",
        "imgName": "658366.jpg",
        "imgSrc": "https://cdn0.woolworths.media/content/wowproductimages/medium/658366.jpg",
        "name": "Kan Tong Massaman Curry Meal Base Pouch 125g",
        "price": 2.89,
        "unitPrice": "$2.31 / 100G"
    },
    {
        "category": "specials",
        "href": "https://www.woolworths.com.au/shop/productdetails/829545/morning-fresh-dishwashing-liquid-advanced",
        "imgName": "829545.jpg",
        "imgSrc": "https://cdn0.woolworths.media/content/wowproductimages/medium/829545.jpg",
        "name": "Morning Fresh Dishwashing Liquid Advanced 400ml",
        "price": 3.95,
        "special": 3,
        "unitPrice": "$0.75 / 100ML"
    },
    {
        "category": "specials",
        "href": "https://www.woolworths.com.au/shop/productdetails/224221/heinz-classic-canned-soup-winter-vegetable",
        "imgName": "224221.jpg",
        "imgSrc": "https://cdn0.woolworths.media/content/wowproductimages/medium/224221.jpg",
        "name": "Heinz Classic Canned Soup Winter Vegetable 535g",
        "price": 2.5,
        "unitPrice": "$0.47 / 100G"
    },
    {
        "category": "specials",
        "href": "https://www.woolworths.com.au/shop/productdetails/19102/bic-cristal-original-assorted-pens",
        "imgName": "019102.jpg",
        "imgSrc": "https://cdn0.woolworths.media/content/wowproductimages/medium/019102.jpg",
        "name": "Bic Cristal Original Assorted Pens 10pk",
        "price": 4
    },
    {
        "category": "specials",
        "href": "https://www.woolworths.com.au/shop/productdetails/505181/cadbury-ice-cream-black-forest",
        "imgName": "505181.jpg",
        "imgSrc": "https://cdn0.woolworths.media/content/wowproductimages/medium/505181.jpg",
        "name": "Cadbury Ice Cream Black Forest 500ml",
        "price": 5,
        "unitPrice": "$1.00 / 100ML"
    },
    {
        "category": "specials",
        "href": "https://www.woolworths.com.au/shop/productdetails/259821/morlife-fruit-goji-berries",
        "imgName": "259821.jpg",
        "imgSrc": "https://cdn0.woolworths.media/content/wowproductimages/medium/259821.jpg",
        "name": "Morlife Fruit Goji Berries 150g",
        "price": 7.95,
        "special": 6.4,
        "unitPrice": "$42.67 / 1KG"
    },
    {
        "category": "specials",
        "href": "https://www.woolworths.com.au/shop/productdetails/336772/kellogg-s-lcm-rice-bubbles-kaleidos",
        "imgName": "336772.jpg",
        "imgSrc": "https://cdn0.woolworths.media/content/wowproductimages/medium/336772.jpg",
        "name": "Kellogg's Lcm Rice Bubbles Kaleidos 15pk 330g",
        "price": 7,
        "unitPrice": "$2.12 / 100G"
    },
    {
        "category": "specials",
        "href": "https://www.woolworths.com.au/shop/productdetails/640006/matilda-bay-dirty-granny-apple-cider-bottles",
        "imgName": "640006.jpg",
        "imgSrc": "https://cdn0.woolworths.media/content/wowproductimages/medium/640006.jpg",
        "name": "Matilda Bay Dirty Granny Apple Cider Bottles 6x345ml pack",
        "price": 22,
        "special": 21
    },
    {
        "category": "specials",
        "href": "https://www.woolworths.com.au/shop/productdetails/252784/woolworths-select-aluminium-foil-heavy-duty",
        "imgName": "252784.jpg",
        "imgSrc": "https://cdn0.woolworths.media/content/wowproductimages/medium/252784.jpg",
        "name": "Woolworths Select Aluminium Foil Heavy Duty 30cmx20m",
        "price": 3.2,
        "unitPrice": "$0.16 / 1M"
    },
    {
        "category": "specials",
        "href": "https://www.woolworths.com.au/shop/productdetails/984506/little-green-apple-cider",
        "imgName": "984506.jpg",
        "imgSrc": "https://cdn0.woolworths.media/content/wowproductimages/medium/984506.jpg",
        "name": "Little Green Apple Cider 6x375ml",
        "price": 16.5,
        "special": 14
    },
    {
        "category": "specials",
        "href": "https://www.woolworths.com.au/shop/productdetails/348916/ingham-s-chicken-family-duets-creamy-garlic",
        "imgName": "348916.jpg",
        "imgSrc": "https://cdn0.woolworths.media/content/wowproductimages/medium/348916.jpg",
        "name": "Ingham's Chicken Family Duets Creamy Garlic 600g",
        "price": 10,
        "unitPrice": "$16.67 / 1KG"
    },
    {
        "category": "specials",
        "href": "https://www.woolworths.com.au/shop/productdetails/784134/goulburn-valley-plums",
        "imgName": "784134.jpg",
        "imgSrc": "https://cdn0.woolworths.media/content/wowproductimages/medium/784134.jpg",
        "name": "Goulburn Valley Plums  700g",
        "price": 3.7,
        "unitPrice": "$5.29 / 1KG"
    },
    {
        "category": "specials",
        "href": "https://www.woolworths.com.au/shop/productdetails/742286/heinz-baked-beans-sausages",
        "imgName": "742286.jpg",
        "imgSrc": "https://cdn0.woolworths.media/content/wowproductimages/medium/742286.jpg",
        "name": "Heinz Baked Beans & Sausages 420g",
        "price": 2.2,
        "special": 2,
        "unitPrice": "$0.48 / 100G"
    },
    {
        "category": "specials",
        "href": "https://www.woolworths.com.au/shop/productdetails/777899/woolworths-frozen-strawberries",
        "imgName": "777899.jpg",
        "imgSrc": "https://cdn0.woolworths.media/content/wowproductimages/medium/777899.jpg",
        "name": "Woolworths Frozen Strawberries  500g",
        "price": 4,
        "unitPrice": "$8.00 / 1KG"
    },
    {
        "category": "specials",
        "href": "https://www.woolworths.com.au/shop/productdetails/660325/grain-waves-plus-sweet-potato-honey-and-rosemary",
        "imgName": "660325.jpg",
        "imgSrc": "https://cdn0.woolworths.media/content/wowproductimages/medium/660325.jpg",
        "name": "Grain Waves Plus Sweet Potato Honey And Rosemary 180g",
        "price": 4,
        "special": 2,
        "unitPrice": "$1.11 / 100G"
    },
    {
        "category": "specials",
        "href": "https://www.woolworths.com.au/shop/productdetails/425286/olsent-light-globe-led-gu10-2pk-6w-450lm",
        "imgName": "425286.jpg",
        "imgSrc": "https://cdn0.woolworths.media/content/wowproductimages/medium/425286.jpg",
        "name": "Olsent Light Globe Led Gu10 2pk 6w 450lm 2pk",
        "price": 10,
        "unitPrice": "$5.00 / 1EA"
    },
    {
        "category": "specials",
        "href": "https://www.woolworths.com.au/shop/productdetails/801455/fruities-apple-raspberry-cordial",
        "imgName": "801455.jpg",
        "imgSrc": "https://cdn0.woolworths.media/content/wowproductimages/medium/801455.jpg",
        "name": "Fruities Apple & Raspberry Cordial 1l",
        "price": 4.49,
        "special": 4,
        "unitPrice": "$4.00 / 1L"
    },
    {
        "category": "specials",
        "href": "https://www.woolworths.com.au/shop/productdetails/770250/kellogg-s-special-k-biscuit-moments-srawberry",
        "imgName": "770250.jpg",
        "imgSrc": "https://cdn0.woolworths.media/content/wowproductimages/medium/770250.jpg",
        "name": "Kellogg's Special K Biscuit Moments Srawberry 125g",
        "price": 5,
        "special": 4,
        "unitPrice": "$3.20 / 100G"
    },
    {
        "category": "specials",
        "href": "https://www.woolworths.com.au/shop/productdetails/587293/kettle-chilli-chips",
        "imgName": "587293.jpg",
        "imgSrc": "https://cdn0.woolworths.media/content/wowproductimages/medium/587293.jpg",
        "name": "Kettle Chilli Chips  175g",
        "price": 4.39,
        "special": 2.5,
        "unitPrice": "$1.43 / 100G"
    },
    {
        "category": "specials",
        "href": "https://www.woolworths.com.au/shop/productdetails/771339/dermaveen-conditioner-oatmeal",
        "imgName": "771339.jpg",
        "imgSrc": "https://cdn0.woolworths.media/content/wowproductimages/medium/771339.jpg",
        "name": "Dermaveen Conditioner Oatmeal 500ml",
        "price": 14,
        "unitPrice": "$2.80 / 100ML"
    },
    {
        "category": "specials",
        "href": "https://www.woolworths.com.au/shop/productdetails/206426/bega-strong-bitey-vintage-cheese-slices",
        "imgName": "206426.jpg",
        "imgSrc": "https://cdn0.woolworths.media/content/wowproductimages/medium/206426.jpg",
        "name": "Bega Strong & Bitey Vintage Cheese Slices 15pk 250g",
        "price": 5.7,
        "special": 4,
        "unitPrice": "$16.00 / 1KG"
    },
    {
        "category": "specials",
        "href": "https://www.woolworths.com.au/shop/productdetails/334646/xxxx-summer-bright-lager-low-carb-bottles",
        "imgName": "334646.jpg",
        "imgSrc": "https://cdn0.woolworths.media/content/wowproductimages/medium/334646.jpg",
        "name": "Xxxx Summer Bright Lager Low Carb Bottles 24x330ml case",
        "price": 53,
        "special": 46
    },
    {
        "category": "specials",
        "href": "https://www.woolworths.com.au/shop/productdetails/77182/tasmanian-heritage-double-brie-cheese",
        "imgName": "077182.jpg",
        "imgSrc": "https://cdn0.woolworths.media/content/wowproductimages/medium/077182.jpg",
        "name": "Tasmanian Heritage Double Brie Cheese 250g",
        "price": 11.25,
        "special": 7.5,
        "unitPrice": "$30.00 / 1KG"
    },
    {
        "category": "specials",
        "href": "https://www.woolworths.com.au/shop/productdetails/549626/nescafe-coffee-sachets-skim-cappucino",
        "imgName": "549626.jpg",
        "imgSrc": "https://cdn0.woolworths.media/content/wowproductimages/medium/549626.jpg",
        "name": "Nescafe Coffee Sachets Skim Cappucino 26pk",
        "price": 11.5,
        "unitPrice": "$3.46 / 100G"
    },
    {
        "category": "specials",
        "href": "https://www.woolworths.com.au/shop/productdetails/600069/schwarzkopf-live-salon-gloss-truffle-blonde-7-16",
        "imgName": "600069.jpg",
        "imgSrc": "https://cdn0.woolworths.media/content/wowproductimages/medium/600069.jpg",
        "name": "Schwarzkopf Live Salon Gloss Truffle Blonde 7.16 each",
        "price": 14,
        "special": 8.4
    },
    {
        "category": "specials",
        "href": "https://www.woolworths.com.au/shop/productdetails/334015/monteith-s-crushed-apple-cider-bottles",
        "imgName": "334015.jpg",
        "imgSrc": "https://cdn0.woolworths.media/content/wowproductimages/medium/334015.jpg",
        "name": "Monteith's Crushed Apple Cider Bottles 4x330ml pack",
        "price": 16,
        "special": 10
    },
    {
        "category": "specials",
        "href": "https://www.woolworths.com.au/shop/productdetails/583775/val-verde-italian-diced-tomatoes-with-garlic-olive-oil",
        "imgName": "583775.jpg",
        "imgSrc": "https://cdn0.woolworths.media/content/wowproductimages/medium/583775.jpg",
        "name": "Val Verde Italian Diced Tomatoes With Garlic & Olive Oil 390g",
        "price": 1.5,
        "special": 0.75,
        "unitPrice": "$0.19 / 100G"
    },
    {
        "category": "specials",
        "href": "https://www.woolworths.com.au/shop/productdetails/436043/schick-hydro-razor-3-kit",
        "imgName": "436043.jpg",
        "imgSrc": "https://cdn0.woolworths.media/content/wowproductimages/medium/436043.jpg",
        "name": "Schick Hydro Razor 3 Kit each",
        "price": 8,
        "unitPrice": "$8.00 / 1EA"
    },
    {
        "category": "specials",
        "href": "https://www.woolworths.com.au/shop/productdetails/116839/wokka-noodles-thin-egg-style-stir-fry",
        "imgName": "116839.jpg",
        "imgSrc": "https://cdn0.woolworths.media/content/wowproductimages/medium/116839.jpg",
        "name": "Wokka Noodles Thin Egg Style Stir Fry 440g",
        "price": 2.7,
        "unitPrice": "$0.61 / 100G"
    },
    {
        "category": "specials",
        "href": "https://www.woolworths.com.au/shop/productdetails/847749/scotts-osmocote-indoor",
        "imgName": "847749.jpg",
        "imgSrc": "https://cdn0.woolworths.media/content/wowproductimages/medium/847749.jpg",
        "name": "Scotts Osmocote Indoor 500g",
        "price": 7,
        "special": 5.6,
        "unitPrice": "$1.12 / 100G"
    },
    {
        "category": "specials",
        "href": "https://www.woolworths.com.au/shop/productdetails/597446/uncle-tobys-muesli-bars-variety-pack",
        "imgName": "597446.jpg",
        "imgSrc": "https://cdn0.woolworths.media/content/wowproductimages/medium/597446.jpg",
        "name": "Uncle Tobys Muesli Bars Variety Pack 15pk 469g",
        "price": 6,
        "unitPrice": "$1.28 / 100G"
    },
    {
        "category": "specials",
        "href": "https://www.woolworths.com.au/shop/productdetails/341124/woolworths-rosemary-wheaten-crackers-rosemary",
        "imgName": "341124.jpg",
        "imgSrc": "https://cdn0.woolworths.media/content/wowproductimages/medium/341124.jpg",
        "name": "Woolworths Rosemary Wheaten Crackers Rosemary 170g",
        "price": 2,
        "unitPrice": "$1.18 / 100G"
    },
    {
        "category": "specials",
        "href": "https://www.woolworths.com.au/shop/productdetails/795606/always-fresh-cracker-pettini-sea-salt",
        "imgName": "795606.jpg",
        "imgSrc": "https://cdn0.woolworths.media/content/wowproductimages/medium/795606.jpg",
        "name": "Always Fresh Cracker Pettini Sea Salt 180g",
        "price": 3.9,
        "special": 2.5,
        "unitPrice": "$1.39 / 100G"
    },
    {
        "category": "specials",
        "href": "https://www.woolworths.com.au/shop/productdetails/661056/spiral-organic-coconut-butter",
        "imgName": "661056.jpg",
        "imgSrc": "https://cdn0.woolworths.media/content/wowproductimages/medium/661056.jpg",
        "name": "Spiral Organic Coconut Butter  500g",
        "price": 10,
        "special": 9,
        "unitPrice": "$1.80 / 100G"
    },
    {
        "category": "specials",
        "href": "https://www.woolworths.com.au/shop/productdetails/747359/harissa-soft-hummus",
        "imgName": "747359.jpg",
        "imgSrc": "https://cdn0.woolworths.media/content/wowproductimages/medium/747359.jpg",
        "name": "Harissa Soft Hummus 200g",
        "price": 5.19,
        "special": 4.5,
        "unitPrice": "$22.50 / 1KG"
    },
    {
        "category": "specials",
        "href": "https://www.woolworths.com.au/shop/productdetails/729275/woolworths-popcorn-butter",
        "imgName": "729275.jpg",
        "imgSrc": "https://cdn0.woolworths.media/content/wowproductimages/medium/729275.jpg",
        "name": "Woolworths Popcorn Butter  100g",
        "price": 2.5,
        "unitPrice": "$2.50 / 100G"
    },
    {
        "category": "specials",
        "href": "https://www.woolworths.com.au/shop/productdetails/901040/hahn-premium-light-lager-stubbies",
        "imgName": "901040.jpg",
        "imgSrc": "https://cdn0.woolworths.media/content/wowproductimages/medium/901040.jpg",
        "name": "Hahn Premium Light Lager Stubbies 24x375ml case",
        "price": 47,
        "special": 37
    },
    {
        "category": "specials",
        "href": "https://www.woolworths.com.au/shop/productdetails/794638/ocean-chef-fish-king-snapper-portions",
        "imgName": "794638.jpg",
        "imgSrc": "https://cdn0.woolworths.media/content/wowproductimages/medium/794638.jpg",
        "name": "Ocean Chef Fish King Snapper Portions 1kg",
        "price": 25,
        "unitPrice": "$25.00 / 1KG"
    },
    {
        "category": "specials",
        "href": "https://www.woolworths.com.au/shop/productdetails/559222/mud-brow-shaping-powder-brunette",
        "imgName": "559222.jpg",
        "imgSrc": "https://cdn0.woolworths.media/content/wowproductimages/medium/559222.jpg",
        "name": "Mud Brow Shaping Powder Brunette 1g",
        "price": 5.5,
        "unitPrice": "$55.00 / 10G"
    },
    {
        "category": "specials",
        "href": "https://www.woolworths.com.au/shop/productdetails/828997/pascall-jubes",
        "imgName": "828997.jpg",
        "imgSrc": "https://cdn0.woolworths.media/content/wowproductimages/medium/828997.jpg",
        "name": "Pascall Jubes  350g bag",
        "price": 4,
        "special": 3,
        "unitPrice": "$0.86 / 100G"
    },
    {
        "category": "specials",
        "href": "https://www.woolworths.com.au/shop/productdetails/630641/bear-naked-nut-choc-chip-real-nut-energy-bar",
        "imgName": "630641.jpg",
        "imgSrc": "https://cdn0.woolworths.media/content/wowproductimages/medium/630641.jpg",
        "name": "Bear Naked Nut Choc Chip Real Nut Energy Bar 2pk",
        "price": 5,
        "special": 4,
        "unitPrice": "$3.08 / 100G"
    },
    {
        "category": "specials",
        "href": "https://www.woolworths.com.au/shop/productdetails/600200/schwarzkopf-live-salon-gloss-espresso-brown-5-0",
        "imgName": "600200.jpg",
        "imgSrc": "https://cdn0.woolworths.media/content/wowproductimages/medium/600200.jpg",
        "name": "Schwarzkopf Live Salon Gloss Espresso Brown 5.0 each",
        "price": 14,
        "special": 8.4
    },
    {
        "category": "specials",
        "href": "https://www.woolworths.com.au/shop/productdetails/320236/aveeno-pos-radiant-cleanser-positively-radiant",
        "imgName": "320236.jpg",
        "imgSrc": "https://cdn0.woolworths.media/content/wowproductimages/medium/320236.jpg",
        "name": "Aveeno Pos Radiant Cleanser Positively Radiant 200ml",
        "price": 13.99,
        "special": 11.15,
        "unitPrice": "$5.58 / 100ML"
    },
    {
        "category": "specials",
        "href": "https://www.woolworths.com.au/shop/productdetails/257451/gravox-finishing-sauce-mushroom-garlic",
        "imgName": "257451.jpg",
        "imgSrc": "https://cdn0.woolworths.media/content/wowproductimages/medium/257451.jpg",
        "name": "Gravox Finishing Sauce Mushroom & Garlic 165g",
        "price": 2,
        "unitPrice": "$1.21 / 100G"
    },
    {
        "category": "specials",
        "href": "https://www.woolworths.com.au/shop/productdetails/651531/unicorn-double-brie-wedge",
        "imgName": "651531.jpg",
        "imgSrc": "https://cdn0.woolworths.media/content/wowproductimages/medium/651531.jpg",
        "name": "Unicorn Double Brie Wedge 150g",
        "price": 4.5,
        "special": 4,
        "unitPrice": "$26.67 / 1KG"
    },
    {
        "category": "specials",
        "href": "https://www.woolworths.com.au/shop/productdetails/853877/inspire-measuring-spoon",
        "imgName": "853877.jpg",
        "imgSrc": "https://cdn0.woolworths.media/content/wowproductimages/medium/853877.jpg",
        "name": "Inspire Measuring Spoon  4pk",
        "price": 6
    },
    {
        "category": "specials",
        "href": "https://www.woolworths.com.au/shop/productdetails/458807/pantene-3-minute-miracle-conditioner-renew-protect",
        "imgName": "458807.jpg",
        "imgSrc": "https://cdn0.woolworths.media/content/wowproductimages/medium/458807.jpg",
        "name": "Pantene 3 Minute Miracle Conditioner Renew & Protect 180ml",
        "price": 4.5,
        "unitPrice": "$2.50 / 100ML"
    },
    {
        "category": "specials",
        "href": "https://www.woolworths.com.au/shop/productdetails/23597/energizer-max-aa-batteries",
        "imgName": "023597.jpg",
        "imgSrc": "https://cdn0.woolworths.media/content/wowproductimages/medium/023597.jpg",
        "name": "Energizer Max Aa Batteries  16pk",
        "price": 19.5,
        "special": 9.75,
        "unitPrice": "$0.61 / 1EA"
    },
    {
        "category": "specials",
        "href": "https://www.woolworths.com.au/shop/productdetails/318680/twinings-green-tea-bags",
        "imgName": "318680.jpg",
        "imgSrc": "https://cdn0.woolworths.media/content/wowproductimages/medium/318680.jpg",
        "name": "Twinings Green Tea Bags 150g",
        "price": 11,
        "special": 7,
        "unitPrice": "$4.67 / 100G"
    },
    {
        "category": "specials",
        "href": "https://www.woolworths.com.au/shop/productdetails/250360/cadbury-drinking-chocolate",
        "imgName": "250360.jpg",
        "imgSrc": "https://cdn0.woolworths.media/content/wowproductimages/medium/250360.jpg",
        "name": "Cadbury Drinking Chocolate  400g",
        "price": 4,
        "unitPrice": "$1.00 / 100G"
    },
    {
        "category": "specials",
        "href": "https://www.woolworths.com.au/shop/productdetails/372521/sargents-premium-pies-aussie-angus-beef",
        "imgName": "372521.jpg",
        "imgSrc": "https://cdn0.woolworths.media/content/wowproductimages/medium/372521.jpg",
        "name": "Sargents Premium Pies Aussie Angus Beef 4pk 700g",
        "price": 6,
        "unitPrice": "$0.86 / 100G"
    },
    {
        "category": "specials",
        "href": "https://www.woolworths.com.au/shop/productdetails/406591/zanetti-pecorino-romano",
        "imgName": "406591.jpg",
        "imgSrc": "https://cdn0.woolworths.media/content/wowproductimages/medium/406591.jpg",
        "name": "Zanetti Pecorino Romano 200g",
        "price": 8,
        "special": 7,
        "unitPrice": "$35.00 / 1KG"
    },
    {
        "category": "specials",
        "href": "https://www.woolworths.com.au/shop/productdetails/335206/rafferty-s-garden-snack-banana-fruit-bars",
        "imgName": "335206.jpg",
        "imgSrc": "https://cdn0.woolworths.media/content/wowproductimages/medium/335206.jpg",
        "name": "Rafferty's Garden Snack Banana Fruit Bars 8pk 128g",
        "price": 3.5,
        "unitPrice": "$2.73 / 100G"
    },
    {
        "category": "specials",
        "href": "https://www.woolworths.com.au/shop/productdetails/465078/always-fresh-kalamata-olives-whole",
        "imgName": "465078.jpg",
        "imgSrc": "https://cdn0.woolworths.media/content/wowproductimages/medium/465078.jpg",
        "name": "Always Fresh Kalamata Olives Whole 440g",
        "price": 6,
        "special": 5.5,
        "unitPrice": "$12.50 / 1KG"
    },
    {
        "category": "specials",
        "href": "https://www.woolworths.com.au/shop/productdetails/248981/colgate-total-toothpaste-original",
        "imgName": "248981.jpg",
        "imgSrc": "https://cdn0.woolworths.media/content/wowproductimages/medium/248981.jpg",
        "name": "Colgate Total Toothpaste Original 110g",
        "price": 3.5,
        "special": 3,
        "unitPrice": "$2.73 / 100G"
    },
    {
        "category": "specials",
        "href": "https://www.woolworths.com.au/shop/productdetails/446479/maggi-mince-cottage-pie-recipe-base",
        "imgName": "446479.jpg",
        "imgSrc": "https://cdn0.woolworths.media/content/wowproductimages/medium/446479.jpg",
        "name": "Maggi Mince Cottage Pie Recipe Base 37g",
        "price": 1.75,
        "unitPrice": "$4.73 / 100G"
    },
    {
        "category": "specials",
        "href": "https://www.woolworths.com.au/shop/productdetails/294265/woolworths-select-jelly-strawberry",
        "imgName": "294265.jpg",
        "imgSrc": "https://cdn0.woolworths.media/content/wowproductimages/medium/294265.jpg",
        "name": "Woolworths Select Jelly Strawberry 85g",
        "price": 0.9,
        "unitPrice": "$1.06 / 100G"
    },
    {
        "category": "specials",
        "href": "https://www.woolworths.com.au/shop/productdetails/742303/woolworths-kids-sunscreen-spf-50-roll-on",
        "imgName": "742303.jpg",
        "imgSrc": "https://cdn0.woolworths.media/content/wowproductimages/medium/742303.jpg",
        "name": "Woolworths Kids Sunscreen Spf 50+ Roll On 75ml",
        "price": 4,
        "unitPrice": "$5.33 / 100ML"
    },
    {
        "category": "specials",
        "href": "https://www.woolworths.com.au/shop/productdetails/856690/pantene-pro-v-colour-therapy-shampoo",
        "imgName": "856690.jpg",
        "imgSrc": "https://cdn0.woolworths.media/content/wowproductimages/medium/856690.jpg",
        "name": "Pantene Pro-v Colour Therapy Shampoo 500ml",
        "price": 6,
        "unitPrice": "$1.20 / 100ML"
    },
    {
        "category": "specials",
        "href": "https://www.woolworths.com.au/shop/productdetails/661039/aunt-betty-s-whipped-cream-pink",
        "imgName": "661039.jpg",
        "imgSrc": "https://cdn0.woolworths.media/content/wowproductimages/medium/661039.jpg",
        "name": "Aunt Betty's Whipped Cream Pink 250ml",
        "price": 4,
        "special": 3,
        "unitPrice": "$1.20 / 100ML"
    },
    {
        "category": "specials",
        "href": "https://www.woolworths.com.au/shop/productdetails/839508/modelco-cleansing-gel",
        "imgName": "839508.jpg",
        "imgSrc": "https://cdn0.woolworths.media/content/wowproductimages/medium/839508.jpg",
        "name": "Modelco Cleansing Gel  110ml",
        "price": 10,
        "special": 6,
        "unitPrice": "$5.45 / 100ML"
    },
    {
        "category": "specials",
        "href": "https://www.woolworths.com.au/shop/productdetails/907574/johnnie-walker-red-label-whisky-cola-cans",
        "imgName": "907574.jpg",
        "imgSrc": "https://cdn0.woolworths.media/content/wowproductimages/medium/907574.jpg",
        "name": "Johnnie Walker Red Label Whisky & Cola Cans 10x375ml",
        "price": 43,
        "special": 41
    },
    {
        "category": "specials",
        "href": "https://www.woolworths.com.au/shop/productdetails/246610/woolworths-select-cooking-chocolate-dark",
        "imgName": "246610.jpg",
        "imgSrc": "https://cdn0.woolworths.media/content/wowproductimages/medium/246610.jpg",
        "name": "Woolworths Select Cooking Chocolate Dark 200g",
        "price": 2.5,
        "unitPrice": "$1.25 / 100G"
    },
    {
        "category": "specials",
        "href": "https://www.woolworths.com.au/shop/productdetails/250677/woolworths-roast-meat-flavoured-instant-gravy",
        "imgName": "250677.jpg",
        "imgSrc": "https://cdn0.woolworths.media/content/wowproductimages/medium/250677.jpg",
        "name": "Woolworths Roast Meat Flavoured Instant Gravy 120g",
        "price": 1.8,
        "unitPrice": "$0.15 / 10G"
    },
    {
        "category": "specials",
        "href": "https://www.woolworths.com.au/shop/productdetails/415384/woolworths-instant-soup-mexican-style-chicken",
        "imgName": "415384.jpg",
        "imgSrc": "https://cdn0.woolworths.media/content/wowproductimages/medium/415384.jpg",
        "name": "Woolworths Instant Soup Mexican Style Chicken 60g",
        "price": 1,
        "unitPrice": "$1.67 / 100G"
    },
    {
        "category": "specials",
        "href": "https://www.woolworths.com.au/shop/productdetails/5311/wrigley-s-extra-sugarfree-gum-peppermint",
        "imgName": "005311.jpg",
        "imgSrc": "https://cdn0.woolworths.media/content/wowproductimages/medium/005311.jpg",
        "name": "Wrigley's Extra Sugarfree Gum Peppermint 42pce 81g",
        "price": 4,
        "unitPrice": "$4.94 / 100G"
    },
    {
        "category": "specials",
        "href": "https://www.woolworths.com.au/shop/productdetails/540790/blass-reserve-release-sauvignon-blanc",
        "imgName": "540790.jpg",
        "imgSrc": "https://cdn0.woolworths.media/content/wowproductimages/medium/540790.jpg",
        "name": "Blass Reserve Release Sauvignon Blanc 750ml",
        "price": 22,
        "special": 17
    },
    {
        "category": "specials",
        "href": "https://www.woolworths.com.au/shop/productdetails/245953/gravox-finishing-sauce-pepper-steak",
        "imgName": "245953.jpg",
        "imgSrc": "https://cdn0.woolworths.media/content/wowproductimages/medium/245953.jpg",
        "name": "Gravox Finishing Sauce Pepper Steak 165g",
        "price": 2,
        "unitPrice": "$1.21 / 100G"
    },
    {
        "category": "specials",
        "href": "https://www.woolworths.com.au/shop/productdetails/550471/nescafe-gold-iced-coffee-concentrate-mocha",
        "imgName": "550471.jpg",
        "imgSrc": "https://cdn0.woolworths.media/content/wowproductimages/medium/550471.jpg",
        "name": "Nescafe Gold Iced Coffee Concentrate Mocha 96ml",
        "price": 6.5,
        "special": 4.5,
        "unitPrice": "$4.69 / 100ML"
    },
    {
        "category": "specials",
        "href": "https://www.woolworths.com.au/shop/productdetails/384081/blue-ribbon-reduced-fat-ice-cream-caramel-honeycomb-crunch",
        "imgName": "384081.jpg",
        "imgSrc": "https://cdn0.woolworths.media/content/wowproductimages/medium/384081.jpg",
        "name": "Blue Ribbon Reduced Fat Ice Cream Caramel & Honeycomb Crunch 2l tub",
        "price": 4.9,
        "unitPrice": "$0.25 / 100ML"
    },
    {
        "category": "specials",
        "href": "https://www.woolworths.com.au/shop/productdetails/14825/libra-pads-wings-super",
        "imgName": "014825.jpg",
        "imgSrc": "https://cdn0.woolworths.media/content/wowproductimages/medium/014825.jpg",
        "name": "Libra Pads Wings Super 12pk",
        "price": 4.65,
        "unitPrice": "$0.39 / 1EA"
    },
    {
        "category": "specials",
        "href": "https://www.woolworths.com.au/shop/productdetails/726371/woolworths-select-apricot-tangy",
        "imgName": "726371.jpg",
        "imgSrc": "https://cdn0.woolworths.media/content/wowproductimages/medium/726371.jpg",
        "name": "Woolworths Select Apricot Tangy 200g",
        "price": 4,
        "special": 3.5,
        "unitPrice": "$17.50 / 1KG"
    },
    {
        "category": "specials",
        "href": "https://www.woolworths.com.au/shop/productdetails/47681/essentials-spaghetti-in-tomato-sauce",
        "imgName": "047681.jpg",
        "imgSrc": "https://cdn0.woolworths.media/content/wowproductimages/medium/047681.jpg",
        "name": "Essentials Spaghetti In Tomato Sauce 420g",
        "price": 0.65,
        "unitPrice": "$0.15 / 100G"
    },
    {
        "category": "specials",
        "href": "https://www.woolworths.com.au/shop/productdetails/762991/woolworths-select-razor-fleur-refill",
        "imgName": "762991.jpg",
        "imgSrc": "https://cdn0.woolworths.media/content/wowproductimages/medium/762991.jpg",
        "name": "Woolworths Select Razor Fleur Refill 4pk",
        "price": 6,
        "unitPrice": "$1.50 / 1EA"
    },
    {
        "category": "specials",
        "href": "https://www.woolworths.com.au/shop/productdetails/880026/fab-frangipani-front-top-loader-laundry-powder",
        "imgName": "880026.jpg",
        "imgSrc": "https://cdn0.woolworths.media/content/wowproductimages/medium/880026.jpg",
        "name": "Fab Frangipani Front & Top Loader Laundry Powder 4kg",
        "price": 12.99,
        "unitPrice": "$3.25 / 1KG"
    },
    {
        "category": "specials",
        "href": "https://www.woolworths.com.au/shop/productdetails/259401/woolworths-select-red-kidney-beans-no-added-salt",
        "imgName": "259401.jpg",
        "imgSrc": "https://cdn0.woolworths.media/content/wowproductimages/medium/259401.jpg",
        "name": "Woolworths Select Red Kidney Beans No Added Salt 420g",
        "price": 0.8,
        "unitPrice": "$1.90 / 1KG"
    },
    {
        "category": "specials",
        "href": "https://www.woolworths.com.au/shop/productdetails/489135/woolworths-macaroni-cheese-balls",
        "imgName": "489135.jpg",
        "imgSrc": "https://cdn0.woolworths.media/content/wowproductimages/medium/489135.jpg",
        "name": "Woolworths Macaroni Cheese Balls  8 pieces 200g",
        "price": 5,
        "special": 4,
        "unitPrice": "$2.00 / 100G"
    },
    {
        "category": "specials",
        "href": "https://www.woolworths.com.au/shop/productdetails/104407/golden-circle-pine-orange-fruit-juice",
        "imgName": "104407.jpg",
        "imgSrc": "https://cdn0.woolworths.media/content/wowproductimages/medium/104407.jpg",
        "name": "Golden Circle Pine Orange Fruit Juice 2l",
        "price": 3,
        "unitPrice": "$1.50 / 1L"
    },
    {
        "category": "specials",
        "href": "https://www.woolworths.com.au/shop/productdetails/140976/devondale-light-blend-butter",
        "imgName": "140976.jpg",
        "imgSrc": "https://cdn0.woolworths.media/content/wowproductimages/medium/140976.jpg",
        "name": "Devondale Light Blend Butter 500g",
        "price": 5,
        "unitPrice": "$1.00 / 100G"
    },
    {
        "category": "specials",
        "href": "https://www.woolworths.com.au/shop/productdetails/769415/lucozade-orange-energy-drink",
        "imgName": "769415.jpg",
        "imgSrc": "https://cdn0.woolworths.media/content/wowproductimages/medium/769415.jpg",
        "name": "Lucozade Orange Energy Drink 380ml",
        "price": 3,
        "special": 2.6,
        "unitPrice": "$6.84 / 1L"
    },
    {
        "category": "specials",
        "href": "https://www.woolworths.com.au/shop/productdetails/6082/aeroplane-jelly-original-port-wine",
        "imgName": "006082.jpg",
        "imgSrc": "https://cdn0.woolworths.media/content/wowproductimages/medium/006082.jpg",
        "name": "Aeroplane Jelly Original Port Wine 85g",
        "price": 1.15,
        "unitPrice": "$1.35 / 100G"
    },
    {
        "category": "specials",
        "href": "https://www.woolworths.com.au/shop/productdetails/1079/rexona-men-antiperspirant-aerosol-deodorant-original",
        "imgName": "001079.jpg",
        "imgSrc": "https://cdn0.woolworths.media/content/wowproductimages/medium/001079.jpg",
        "name": "Rexona Men Antiperspirant Aerosol Deodorant Original 250ml",
        "price": 7,
        "special": 5,
        "unitPrice": "$2.00 / 100ML"
    },
    {
        "category": "specials",
        "href": "https://www.woolworths.com.au/shop/productdetails/486435/sunsilk-shampoo-refreshing-hydration",
        "imgName": "486435.jpg",
        "imgSrc": "https://cdn0.woolworths.media/content/wowproductimages/medium/486435.jpg",
        "name": "Sunsilk Shampoo Refreshing Hydration 700ml",
        "price": 10,
        "special": 7,
        "unitPrice": "$1.00 / 100ML"
    },
    {
        "category": "specials",
        "href": "https://www.woolworths.com.au/shop/productdetails/167626/heinz-big-n-chunky-canned-soup-beef-vegetable",
        "imgName": "167626.jpg",
        "imgSrc": "https://cdn0.woolworths.media/content/wowproductimages/medium/167626.jpg",
        "name": "Heinz Big N Chunky Canned Soup Beef & Vegetable 535g",
        "price": 2.5,
        "unitPrice": "$0.47 / 100G"
    },
    {
        "category": "specials",
        "href": "https://www.woolworths.com.au/shop/productdetails/539306/chris-dips-lite-hommus",
        "imgName": "539306.jpg",
        "imgSrc": "https://cdn0.woolworths.media/content/wowproductimages/medium/539306.jpg",
        "name": "Chris' Dips Lite Hommus  200g",
        "price": 3.5,
        "unitPrice": "$1.75 / 100G"
    },
    {
        "category": "specials",
        "href": "https://www.woolworths.com.au/shop/productdetails/839695/greens-choc-chunk-drizzles",
        "imgName": "839695.jpg",
        "imgSrc": "https://cdn0.woolworths.media/content/wowproductimages/medium/839695.jpg",
        "name": "Greens Choc Chunk Drizzles 200g",
        "price": 3,
        "unitPrice": "$1.50 / 100G"
    },
    {
        "category": "specials",
        "href": "https://www.woolworths.com.au/shop/productdetails/235782/primo-short-cut-bacon",
        "imgName": "235782.jpg",
        "imgSrc": "https://cdn0.woolworths.media/content/wowproductimages/medium/235782.jpg",
        "name": "Primo Short Cut Bacon 750g",
        "price": 13.5,
        "special": 8,
        "unitPrice": "$10.67 / 1KG"
    },
    {
        "category": "specials",
        "href": "https://www.woolworths.com.au/shop/productdetails/56880/bonne-maman-jam-fig",
        "imgName": "056880.jpg",
        "imgSrc": "https://cdn0.woolworths.media/content/wowproductimages/medium/056880.jpg",
        "name": "Bonne Maman Jam Fig 370g",
        "price": 5.2,
        "special": 4,
        "unitPrice": "$1.08 / 100G"
    },
    {
        "category": "specials",
        "href": "https://www.woolworths.com.au/shop/productdetails/212361/praise-dressings-french-fat-free",
        "imgName": "212361.jpg",
        "imgSrc": "https://cdn0.woolworths.media/content/wowproductimages/medium/212361.jpg",
        "name": "Praise Dressings French Fat Free 330ml",
        "price": 3,
        "special": 1.75,
        "unitPrice": "$0.53 / 100ML"
    },
    {
        "category": "specials",
        "href": "https://www.woolworths.com.au/shop/productdetails/571540/clio-ultra-low-cut-footlet-one-size-black",
        "imgName": "571540.jpg",
        "imgSrc": "https://cdn0.woolworths.media/content/wowproductimages/medium/571540.jpg",
        "name": "Clio Ultra Low Cut Footlet One Size Black 2pk",
        "price": 6,
        "special": 4.2
    },
    {
        "category": "specials",
        "href": "https://www.woolworths.com.au/shop/productdetails/756637/snickers-frozen-bars",
        "imgName": "756637.jpg",
        "imgSrc": "https://cdn0.woolworths.media/content/wowproductimages/medium/756637.jpg",
        "name": "Snickers Frozen Bars  6pk 318ml",
        "price": 8,
        "special": 5,
        "unitPrice": "$1.57 / 100ML"
    },
    {
        "category": "specials",
        "href": "https://www.woolworths.com.au/shop/productdetails/767983/moccona-mixes-cappuccino",
        "imgName": "767983.jpg",
        "imgSrc": "https://cdn0.woolworths.media/content/wowproductimages/medium/767983.jpg",
        "name": "Moccona Mixes Cappuccino 10pk 150g"
    },
    {
        "category": "specials",
        "href": "https://www.woolworths.com.au/shop/productdetails/726620/homebrand-panty-liners-regular-non-iw",
        "imgName": "726620.jpg",
        "imgSrc": "https://cdn0.woolworths.media/content/wowproductimages/medium/726620.jpg",
        "name": "Homebrand Panty Liners Regular Non Iw 20pk",
        "price": 0.99,
        "unitPrice": "$0.05 / 1EA"
    },
    {
        "category": "specials",
        "href": "https://www.woolworths.com.au/shop/productdetails/840888/continental-pasta-aged-cheddar-parmesan-chives",
        "imgName": "840888.jpg",
        "imgSrc": "https://cdn0.woolworths.media/content/wowproductimages/medium/840888.jpg",
        "name": "Continental Pasta Aged Cheddar Parmesan & Chives 90g",
        "price": 2.75,
        "unitPrice": "$3.06 / 100G"
    },
    {
        "category": "specials",
        "href": "https://www.woolworths.com.au/shop/productdetails/771878/sunrice-rice-snacks-mini-bites-original",
        "imgName": "771878.jpg",
        "imgSrc": "https://cdn0.woolworths.media/content/wowproductimages/medium/771878.jpg",
        "name": "Sunrice Rice Snacks Mini Bites  Original 160g",
        "price": 4,
        "unitPrice": "$2.50 / 100G"
    },
    {
        "category": "specials",
        "href": "https://www.woolworths.com.au/shop/productdetails/780308/fab-top-front-loader-laundry-liquid-sunshine-fresh",
        "imgName": "780308.jpg",
        "imgSrc": "https://cdn0.woolworths.media/content/wowproductimages/medium/780308.jpg",
        "name": "Fab Top & Front Loader Laundry Liquid Sunshine Fresh 1l",
        "price": 5,
        "unitPrice": "$5.00 / 1L"
    },
    {
        "category": "specials",
        "href": "https://www.woolworths.com.au/shop/productdetails/777911/woolworths-frozen-mango",
        "imgName": "777911.jpg",
        "imgSrc": "https://cdn0.woolworths.media/content/wowproductimages/medium/777911.jpg",
        "name": "Woolworths Frozen Mango  500g",
        "price": 4,
        "unitPrice": "$8.00 / 1KG"
    },
    {
        "category": "specials",
        "href": "https://www.woolworths.com.au/shop/productdetails/269897/barkers-anathoth-farm-raspberry-jam",
        "imgName": "269897.jpg",
        "imgSrc": "https://cdn0.woolworths.media/content/wowproductimages/medium/269897.jpg",
        "name": "Barkers Anathoth Farm Raspberry Jam 455g",
        "price": 5,
        "special": 4,
        "unitPrice": "$0.88 / 100G"
    },
    {
        "category": "specials",
        "href": "https://www.woolworths.com.au/shop/productdetails/269903/barkers-anathoth-farm-strawberry-jam",
        "imgName": "269903.jpg",
        "imgSrc": "https://cdn0.woolworths.media/content/wowproductimages/medium/269903.jpg",
        "name": "Barkers Anathoth Farm Strawberry Jam 455g",
        "price": 5,
        "special": 4,
        "unitPrice": "$0.88 / 100G"
    },
    {
        "category": "specials",
        "href": "https://www.woolworths.com.au/shop/productdetails/276040/aveeno-daily-moisturising-lotion",
        "imgName": "276040.jpg",
        "imgSrc": "https://cdn0.woolworths.media/content/wowproductimages/medium/276040.jpg",
        "name": "Aveeno Daily Moisturising Lotion 354ml",
        "price": 13.38,
        "special": 10.7,
        "unitPrice": "$3.02 / 100ML"
    },
    {
        "category": "specials",
        "href": "https://www.woolworths.com.au/shop/productdetails/725770/i-j-beer-battered-fish-fillets",
        "imgName": "725770.jpg",
        "imgSrc": "https://cdn0.woolworths.media/content/wowproductimages/medium/725770.jpg",
        "name": "I&j Beer Battered Fish Fillets 570g",
        "price": 6.5,
        "unitPrice": "$11.40 / 1KG"
    },
    {
        "category": "specials",
        "href": "https://www.woolworths.com.au/shop/productdetails/46449/caffe-aurora-italian-coffee-beans-italian-blend",
        "imgName": "046449.jpg",
        "imgSrc": "https://cdn0.woolworths.media/content/wowproductimages/medium/046449.jpg",
        "name": "Caffe Aurora Italian Coffee Beans Italian Blend 1kg",
        "price": 15,
        "unitPrice": "$1.50 / 100G"
    },
    {
        "category": "specials",
        "href": "https://www.woolworths.com.au/shop/productdetails/259645/energizer-aa-rechargable-batteries",
        "imgName": "259645.jpg",
        "imgSrc": "https://cdn0.woolworths.media/content/wowproductimages/medium/259645.jpg",
        "name": "Energizer Aa Rechargable Batteries  4pk",
        "price": 23.5,
        "special": 18.8,
        "unitPrice": "$4.70 / 1EA"
    },
    {
        "category": "specials",
        "href": "https://www.woolworths.com.au/shop/productdetails/450544/ainsley-harriot-cous-cous-tomato-garlic",
        "imgName": "450544.jpg",
        "imgSrc": "https://cdn0.woolworths.media/content/wowproductimages/medium/450544.jpg",
        "name": "Ainsley Harriot Cous Cous Tomato & Garlic 100g",
        "price": 2.1,
        "unitPrice": "$2.10 / 100G"
    },
    {
        "category": "specials",
        "href": "https://www.woolworths.com.au/shop/productdetails/575847/twinings-defence",
        "imgName": "575847.jpg",
        "imgSrc": "https://cdn0.woolworths.media/content/wowproductimages/medium/575847.jpg",
        "name": "Twinings Defence  18pk",
        "price": 4,
        "unitPrice": "$0.22 / 1EA"
    },
    {
        "category": "specials",
        "href": "https://www.woolworths.com.au/shop/productdetails/757527/la-casa-del-formaggio-cherry-bocconcini",
        "imgName": "757527.jpg",
        "imgSrc": "https://cdn0.woolworths.media/content/wowproductimages/medium/757527.jpg",
        "name": "La Casa Del Formaggio Cherry Bocconcini  220g",
        "price": 5.25,
        "special": 4.2,
        "unitPrice": "$19.09 / 1KG"
    },
    {
        "category": "specials",
        "href": "https://www.woolworths.com.au/shop/productdetails/826441/cadbury-old-gold-dark-chocolate-roast-almond",
        "imgName": "826441.jpg",
        "imgSrc": "https://cdn0.woolworths.media/content/wowproductimages/medium/826441.jpg",
        "name": "Cadbury Old Gold Dark Chocolate Roast Almond 200g block",
        "price": 5,
        "special": 3.5,
        "unitPrice": "$1.75 / 100G"
    },
    {
        "category": "specials",
        "href": "https://www.woolworths.com.au/shop/productdetails/796357/tigi-bed-head-shampoo-dumb-blonde",
        "imgName": "796357.jpg",
        "imgSrc": "https://cdn0.woolworths.media/content/wowproductimages/medium/796357.jpg",
        "name": "Tigi Bed Head Shampoo Dumb Blonde 400ml",
        "price": 19,
        "unitPrice": "$4.75 / 100ML"
    },
    {
        "category": "specials",
        "href": "https://www.woolworths.com.au/shop/productdetails/36059/arnott-s-cruskits-original",
        "imgName": "036059.jpg",
        "imgSrc": "https://cdn0.woolworths.media/content/wowproductimages/medium/036059.jpg",
        "name": "Arnott's Cruskits Original 125g",
        "price": 3,
        "unitPrice": "$2.40 / 100G"
    },
    {
        "category": "specials",
        "href": "https://www.woolworths.com.au/shop/productdetails/312314/stayfree-pads-ultra-thin-regular-wings",
        "imgName": "312314.jpg",
        "imgSrc": "https://cdn0.woolworths.media/content/wowproductimages/medium/312314.jpg",
        "name": "Stayfree Pads Ultra Thin Regular Wings 24pk",
        "price": 8,
        "unitPrice": "$0.33 / 1EA"
    },
    {
        "category": "specials",
        "href": "https://www.woolworths.com.au/shop/productdetails/348995/tablelands-health-smart-reduced-cholesterol-spread",
        "imgName": "348995.jpg",
        "imgSrc": "https://cdn0.woolworths.media/content/wowproductimages/medium/348995.jpg",
        "name": "Tablelands Health Smart Reduced Cholesterol Spread 500g",
        "price": 4,
        "special": 3.7,
        "unitPrice": "$0.74 / 100G"
    },
    {
        "category": "specials",
        "href": "https://www.woolworths.com.au/shop/productdetails/476717/mud-lipstick-cocoa-berry",
        "imgName": "476717.jpg",
        "imgSrc": "https://cdn0.woolworths.media/content/wowproductimages/medium/476717.jpg",
        "name": "Mud Lipstick Cocoa Berry 2.1g",
        "price": 4.5,
        "unitPrice": "$4.50 / 1EA"
    },
    {
        "category": "specials",
        "href": "https://www.woolworths.com.au/shop/productdetails/643091/energizer-car-holder-vent",
        "imgName": "643091.jpg",
        "imgSrc": "https://cdn0.woolworths.media/content/wowproductimages/medium/643091.jpg",
        "name": "Energizer Car Holder Vent  each",
        "price": 20,
        "special": 16
    },
    {
        "category": "specials",
        "href": "https://www.woolworths.com.au/shop/productdetails/840285/sealord-gluten-free-hoki-fillets",
        "imgName": "840285.jpg",
        "imgSrc": "https://cdn0.woolworths.media/content/wowproductimages/medium/840285.jpg",
        "name": "Sealord Gluten Free Hoki Fillets 280g",
        "price": 8.8,
        "special": 7.8,
        "unitPrice": "$27.86 / 1KG"
    },
    {
        "category": "specials",
        "href": "https://www.woolworths.com.au/shop/productdetails/75263/maybelline-great-lash-mascara-very-black",
        "imgName": "075263.jpg",
        "imgSrc": "https://cdn0.woolworths.media/content/wowproductimages/medium/075263.jpg",
        "name": "Maybelline Great Lash Mascara Very Black 12.7ml",
        "price": 12.95,
        "special": 9,
        "unitPrice": "$7.09 / 10ML"
    },
    {
        "category": "specials",
        "href": "https://www.woolworths.com.au/shop/productdetails/360107/underworks-mens-all-day-cushion-foot-socks-black-size-7-10",
        "imgName": "360107.jpg",
        "imgSrc": "https://cdn0.woolworths.media/content/wowproductimages/medium/360107.jpg",
        "name": "Underworks Mens All Day Cushion Foot Socks Black Size 7-10 2pk",
        "price": 15,
        "special": 10,
        "unitPrice": "$5.00 / 1EA"
    },
    {
        "category": "specials",
        "href": "https://www.woolworths.com.au/shop/productdetails/858574/d-orsogna-roast-chicken",
        "imgName": "858574.jpg",
        "imgSrc": "https://cdn0.woolworths.media/content/wowproductimages/medium/858574.jpg",
        "name": "D'orsogna Roast Chicken  320g",
        "price": 5,
        "unitPrice": "$15.63 / 1KG"
    },
    {
        "category": "specials",
        "href": "https://www.woolworths.com.au/shop/productdetails/866762/dettol-healthy-clean-bathroom-foam",
        "imgName": "866762.jpg",
        "imgSrc": "https://cdn0.woolworths.media/content/wowproductimages/medium/866762.jpg",
        "name": "Dettol Healthy Clean Bathroom Foam 390g",
        "price": 5.99,
        "special": 3,
        "unitPrice": "$0.77 / 100G"
    },
    {
        "category": "specials",
        "href": "https://www.woolworths.com.au/shop/productdetails/881481/peters-drumstick-mini-chocolate-caramel",
        "imgName": "881481.jpg",
        "imgSrc": "https://cdn0.woolworths.media/content/wowproductimages/medium/881481.jpg",
        "name": "Peters Drumstick Mini Chocolate Caramel 6pk 490ml",
        "price": 8,
        "special": 5,
        "unitPrice": "$1.02 / 100ML"
    },
    {
        "category": "specials",
        "href": "https://www.woolworths.com.au/shop/productdetails/249628/nutino-hazelnut-spread-spread",
        "imgName": "249628.jpg",
        "imgSrc": "https://cdn0.woolworths.media/content/wowproductimages/medium/249628.jpg",
        "name": "Nutino Hazelnut Spread Spread 400g",
        "price": 3.5,
        "unitPrice": "$0.88 / 100G"
    },
    {
        "category": "specials",
        "href": "https://www.woolworths.com.au/shop/productdetails/380784/maybelline-ny-lip-colour-renovation-continuous-coral",
        "imgName": "380784.jpg",
        "imgSrc": "https://cdn0.woolworths.media/content/wowproductimages/medium/380784.jpg",
        "name": "Maybelline Ny Lip Colour Renovation Continuous Coral 1.8ml",
        "price": 22.95,
        "special": 16
    },
    {
        "category": "specials",
        "href": "https://www.woolworths.com.au/shop/productdetails/382990/validosil-intimate-hygiene-cream",
        "imgName": "382990.jpg",
        "imgSrc": "https://cdn0.woolworths.media/content/wowproductimages/medium/382990.jpg",
        "name": "Validosil Intimate Hygiene Cream 15g",
        "price": 6.97,
        "special": 5.95,
        "unitPrice": "$3.97 / 10G"
    },
    {
        "category": "specials",
        "href": "https://www.woolworths.com.au/shop/productdetails/748338/maggi-stir-fry-creations-teryaki-sesame-chicken",
        "imgName": "748338.jpg",
        "imgSrc": "https://cdn0.woolworths.media/content/wowproductimages/medium/748338.jpg",
        "name": "Maggi Stir Fry Creations Teryaki & Sesame Chicken 150g",
        "price": 3,
        "unitPrice": "$2.00 / 100G"
    },
    {
        "category": "specials",
        "href": "https://www.woolworths.com.au/shop/productdetails/373319/palmolive-dishwashing-liquid-ultra-dry-skin",
        "imgName": "373319.jpg",
        "imgSrc": "https://cdn0.woolworths.media/content/wowproductimages/medium/373319.jpg",
        "name": "Palmolive Dishwashing Liquid Ultra Dry Skin 400ml",
        "price": 3,
        "unitPrice": "$0.75 / 100ML"
    },
    {
        "category": "specials",
        "href": "https://www.woolworths.com.au/shop/productdetails/594847/artline-calligraphy-black-pen-2-00mm",
        "imgName": "594847.jpg",
        "imgSrc": "https://cdn0.woolworths.media/content/wowproductimages/medium/594847.jpg",
        "name": "Artline Calligraphy Black Pen 2.00mm each",
        "price": 5.5,
        "special": 3.85
    },
    {
        "category": "specials",
        "href": "https://www.woolworths.com.au/shop/productdetails/622352/maybelline-color-sensational-shaping-lip-liner-nude-whisperer",
        "imgName": "622352.jpg",
        "imgSrc": "https://cdn0.woolworths.media/content/wowproductimages/medium/622352.jpg",
        "name": "Maybelline Color Sensational Shaping Lip Liner Nude Whisperer 0.5g",
        "price": 13.95,
        "special": 9.75,
        "unitPrice": "$195.00 / 10G"
    },
    {
        "category": "specials",
        "href": "https://www.woolworths.com.au/shop/productdetails/648976/the-spice-tailor-tomato-garlic-and-chilli-chutni",
        "imgName": "648976.jpg",
        "imgSrc": "https://cdn0.woolworths.media/content/wowproductimages/medium/648976.jpg",
        "name": "The Spice Tailor Tomato Garlic And Chilli Chutni 70g",
        "price": 2,
        "special": 1.5,
        "unitPrice": "$2.14 / 100G"
    },
    {
        "category": "specials",
        "href": "https://www.woolworths.com.au/shop/productdetails/954524/tuckers-natural-wholegrain-bites-supergrains",
        "imgName": "954524.jpg",
        "imgSrc": "https://cdn0.woolworths.media/content/wowproductimages/medium/954524.jpg",
        "name": "Tuckers Natural Wholegrain Bites Supergrains 115g",
        "price": 4,
        "special": 2.5,
        "unitPrice": "$2.17 / 100G"
    },
    {
        "category": "specials",
        "href": "https://www.woolworths.com.au/shop/productdetails/21569/greenseas-tuna-sandwich-flakes",
        "imgName": "021569.jpg",
        "imgSrc": "https://cdn0.woolworths.media/content/wowproductimages/medium/021569.jpg",
        "name": "Greenseas Tuna Sandwich Flakes 95g",
        "price": 2,
        "special": 1,
        "unitPrice": "$10.53 / 1KG"
    },
    {
        "category": "specials",
        "href": "https://www.woolworths.com.au/shop/productdetails/85719/greenseas-tuna-sweet-chilli",
        "imgName": "085719.jpg",
        "imgSrc": "https://cdn0.woolworths.media/content/wowproductimages/medium/085719.jpg",
        "name": "Greenseas Tuna Sweet Chilli 95g",
        "price": 2,
        "special": 1,
        "unitPrice": "$10.53 / 1KG"
    },
    {
        "category": "specials",
        "href": "https://www.woolworths.com.au/shop/productdetails/95093/ocean-spray-berries-craisins-cranberry",
        "imgName": "095093.jpg",
        "imgSrc": "https://cdn0.woolworths.media/content/wowproductimages/medium/095093.jpg",
        "name": "Ocean Spray Berries Craisins Cranberry 170g",
        "price": 4,
        "special": 2,
        "unitPrice": "$11.76 / 1KG"
    },
    {
        "category": "specials",
        "href": "https://www.woolworths.com.au/shop/productdetails/201687/lindt-excellence-dark-chocolate-85-cocoa",
        "imgName": "201687.jpg",
        "imgSrc": "https://cdn0.woolworths.media/content/wowproductimages/medium/201687.jpg",
        "name": "Lindt Excellence Dark Chocolate 85% Cocoa 100g block",
        "price": 4.25,
        "special": 2.12,
        "unitPrice": "$2.12 / 100G"
    },
    {
        "category": "specials",
        "href": "https://www.woolworths.com.au/shop/productdetails/255080/lindt-excellence-dark-chocolate-mint-intense",
        "imgName": "255080.jpg",
        "imgSrc": "https://cdn0.woolworths.media/content/wowproductimages/medium/255080.jpg",
        "name": "Lindt Excellence Dark Chocolate Mint Intense 100g block",
        "price": 4.25,
        "special": 2.12,
        "unitPrice": "$2.12 / 100G"
    },
    {
        "category": "specials",
        "href": "https://www.woolworths.com.au/shop/productdetails/330967/peckish-rice-crackers-tangy-bbq",
        "imgName": "330967.jpg",
        "imgSrc": "https://cdn0.woolworths.media/content/wowproductimages/medium/330967.jpg",
        "name": "Peckish Rice Crackers Tangy Bbq 100g",
        "price": 2.2,
        "special": 1,
        "unitPrice": "$1.00 / 100G"
    },
    {
        "category": "specials",
        "href": "https://www.woolworths.com.au/shop/productdetails/589538/extra-care-conditioner-fibre-therapy",
        "imgName": "589538.jpg",
        "imgSrc": "https://cdn0.woolworths.media/content/wowproductimages/medium/589538.jpg",
        "name": "Extra Care Conditioner Fibre Therapy 400ml",
        "price": 6.9,
        "special": 3.44,
        "unitPrice": "$0.86 / 100ML"
    },
    {
        "category": "specials",
        "href": "https://www.woolworths.com.au/shop/productdetails/633601/olay-total-effects-citrus-scrub",
        "imgName": "633601.jpg",
        "imgSrc": "https://cdn0.woolworths.media/content/wowproductimages/medium/633601.jpg",
        "name": "Olay Total Effects Citrus Scrub 150ml",
        "price": 14,
        "special": 7,
        "unitPrice": "$4.67 / 100ML"
    },
    {
        "category": "specials",
        "href": "https://www.woolworths.com.au/shop/productdetails/662396/loreal-elvive-cp-conditioner",
        "imgName": "662396.jpg",
        "imgSrc": "https://cdn0.woolworths.media/content/wowproductimages/medium/662396.jpg",
        "name": "Loreal Elvive Cp Conditioner 325ml",
        "price": 8,
        "special": 4,
        "unitPrice": "$1.23 / 100ML"
    },
    {
        "category": "specials",
        "href": "https://www.woolworths.com.au/shop/productdetails/662408/loreal-elvive-clay-shampoo",
        "imgName": "662408.jpg",
        "imgSrc": "https://cdn0.woolworths.media/content/wowproductimages/medium/662408.jpg",
        "name": "Loreal Elvive Clay Shampoo 325ml",
        "price": 8,
        "special": 4,
        "unitPrice": "$1.23 / 100ML"
    },
    {
        "category": "specials",
        "href": "https://www.woolworths.com.au/shop/productdetails/858563/garnier-fructis-full-luscious-conditioner",
        "imgName": "858563.jpg",
        "imgSrc": "https://cdn0.woolworths.media/content/wowproductimages/medium/858563.jpg",
        "name": "Garnier Fructis Full & Luscious Conditioner 700ml",
        "price": 12,
        "special": 6,
        "unitPrice": "$0.86 / 100ML"
    },
    {
        "category": "specials",
        "href": "https://www.woolworths.com.au/shop/productdetails/38373/bonds-singlet-mens-chesty-coloured-size-22",
        "imgName": "038373.jpg",
        "imgSrc": "https://cdn0.woolworths.media/content/wowproductimages/medium/038373.jpg",
        "name": "Bonds Singlet Mens Chesty Coloured Size 22 1pk",
        "price": 14,
        "special": 7
    },
    {
        "category": "specials",
        "href": "https://www.woolworths.com.au/shop/productdetails/130581/bonds-no-show-footlets-nude-3-8-8-11-",
        "imgName": "130581.jpg",
        "imgSrc": "https://cdn0.woolworths.media/content/wowproductimages/medium/130581.jpg",
        "name": "Bonds No Show Footlets Nude  (3-8 & 8-11) each",
        "price": 4,
        "special": 2
    },
    {
        "category": "specials",
        "href": "https://www.woolworths.com.au/shop/productdetails/252151/decor-microsafe-soup-mug",
        "imgName": "252151.jpg",
        "imgSrc": "https://cdn0.woolworths.media/content/wowproductimages/medium/252151.jpg",
        "name": "Decor Microsafe Soup Mug  each",
        "price": 4.99,
        "special": 2.49
    },
    {
        "category": "specials",
        "href": "https://www.woolworths.com.au/shop/productdetails/828715/bonds-comfy-tops-sheer-tights-nude-sm",
        "imgName": "828715.jpg",
        "imgSrc": "https://cdn0.woolworths.media/content/wowproductimages/medium/828715.jpg",
        "name": "Bonds Comfy Tops Sheer Tights Nude Sm each",
        "price": 8,
        "special": 4
    },
    {
        "category": "specials",
        "href": "https://www.woolworths.com.au/shop/productdetails/246920/bonds-womens-underwear-hipster-boyleg-size-14",
        "imgName": "246920.jpg",
        "imgSrc": "https://cdn0.woolworths.media/content/wowproductimages/medium/246920.jpg",
        "name": "Bonds Womens Underwear Hipster Boyleg Size 14 2pk",
        "price": 18,
        "special": 9
    },
    {
        "category": "specials",
        "href": "https://www.woolworths.com.au/shop/productdetails/258674/lean-cuisine-steam-salmon-pasta-salmon-pasta",
        "imgName": "258674.jpg",
        "imgSrc": "https://cdn0.woolworths.media/content/wowproductimages/medium/258674.jpg",
        "name": "Lean Cuisine Steam Salmon & Pasta Salmon & Pasta 370g",
        "price": 5,
        "unitPrice": "$1.35 / 100G"
    },
    {
        "category": "specials",
        "href": "https://www.woolworths.com.au/shop/productdetails/657186/lean-cuisine-steam-vietnamese-chicken-with-rice",
        "imgName": "657186.jpg",
        "imgSrc": "https://cdn0.woolworths.media/content/wowproductimages/medium/657186.jpg",
        "name": "Lean Cuisine Steam Vietnamese Chicken With Rice 380g",
        "price": 5,
        "unitPrice": "$1.32 / 100G"
    },
    {
        "category": "specials",
        "href": "https://www.woolworths.com.au/shop/productdetails/657192/lean-cuisine-wholegrain-beef-rendang-curry-with-turmeric-rice",
        "imgName": "657192.jpg",
        "imgSrc": "https://cdn0.woolworths.media/content/wowproductimages/medium/657192.jpg",
        "name": "Lean Cuisine Wholegrain Beef Rendang Curry With Turmeric Rice 365g",
        "price": 5,
        "unitPrice": "$1.37 / 100G"
    },
    {
        "category": "specials",
        "href": "https://www.woolworths.com.au/shop/productdetails/720677/mini-bread-rolls-soft-hamburger",
        "imgName": "720677.jpg",
        "imgSrc": "https://cdn0.woolworths.media/content/wowproductimages/medium/720677.jpg",
        "name": "Mini Bread Rolls Soft Hamburger 12pk",
        "price": 4,
        "special": 3,
        "unitPrice": "$0.25 / 1EA"
    },
    {
        "category": "specials",
        "href": "https://www.woolworths.com.au/shop/productdetails/720678/mini-bread-rolls-soft-lunch",
        "imgName": "720678.jpg",
        "imgSrc": "https://cdn0.woolworths.media/content/wowproductimages/medium/720678.jpg",
        "name": "Mini Bread Rolls Soft Lunch 12pk",
        "price": 4,
        "special": 3,
        "unitPrice": "$0.25 / 1EA"
    },
    {
        "category": "specials",
        "href": "https://www.woolworths.com.au/shop/productdetails/78599/whiskas-adult-cat-food-chicken-mince",
        "imgName": "078599.jpg",
        "imgSrc": "https://cdn0.woolworths.media/content/wowproductimages/medium/078599.jpg",
        "name": "Whiskas Adult Cat Food Chicken Mince 400g",
        "price": 1.5,
        "unitPrice": "$0.38 / 100G"
    },
    {
        "category": "specials",
        "href": "https://www.woolworths.com.au/shop/productdetails/244191/mersey-valley-classic-cheedar-cheese",
        "imgName": "244191.jpg",
        "imgSrc": "https://cdn0.woolworths.media/content/wowproductimages/medium/244191.jpg",
        "name": "Mersey Valley Classic Cheedar Cheese 235g",
        "price": 7.45,
        "special": 5,
        "unitPrice": "$21.28 / 1KG"
    },
    {
        "category": "specials",
        "href": "https://www.woolworths.com.au/shop/productdetails/244194/mersey-valley-ploughmans-cheddar-cheese",
        "imgName": "244194.jpg",
        "imgSrc": "https://cdn0.woolworths.media/content/wowproductimages/medium/244194.jpg",
        "name": "Mersey Valley Ploughmans Cheddar Cheese 235g",
        "price": 7.45,
        "special": 5,
        "unitPrice": "$21.28 / 1KG"
    },
    {
        "category": "specials",
        "href": "https://www.woolworths.com.au/shop/productdetails/250852/mersey-valley-pickled-onion-cheddar-cheese",
        "imgName": "250852.jpg",
        "imgSrc": "https://cdn0.woolworths.media/content/wowproductimages/medium/250852.jpg",
        "name": "Mersey Valley Pickled Onion Cheddar Cheese 235g",
        "price": 7.45,
        "special": 5,
        "unitPrice": "$21.28 / 1KG"
    },
    {
        "category": "specials",
        "href": "https://www.woolworths.com.au/shop/productdetails/362472/cottee-s-cordial-apple-raspberry",
        "imgName": "362472.jpg",
        "imgSrc": "https://cdn0.woolworths.media/content/wowproductimages/medium/362472.jpg",
        "name": "Cottee's Cordial Apple & Raspberry 1l",
        "price": 4.2,
        "special": 3.5,
        "unitPrice": "$3.50 / 1L"
    },
    {
        "category": "specials",
        "href": "https://www.woolworths.com.au/shop/productdetails/842887/pantene-pro-v-always-smooth-conditioner",
        "imgName": "842887.jpg",
        "imgSrc": "https://cdn0.woolworths.media/content/wowproductimages/medium/842887.jpg",
        "name": "Pantene Pro-v Always Smooth Conditioner 900ml",
        "price": 15.7,
        "special": 10,
        "unitPrice": "$1.11 / 100ML"
    },
    {
        "category": "specials",
        "href": "https://www.woolworths.com.au/shop/productdetails/36066/arnott-s-tim-tam-chocolate-original",
        "imgName": "036066.jpg",
        "imgSrc": "https://cdn0.woolworths.media/content/wowproductimages/medium/036066.jpg",
        "name": "Arnott's Tim Tam Chocolate Original 200g",
        "price": 3.65,
        "special": 2.5,
        "unitPrice": "$1.25 / 100G"
    },
    {
        "category": "specials",
        "href": "https://www.woolworths.com.au/shop/productdetails/121531/pandaroo-ingredients-rice-paper-spring-roll",
        "imgName": "121531.jpg",
        "imgSrc": "https://cdn0.woolworths.media/content/wowproductimages/medium/121531.jpg",
        "name": "Pandaroo Ingredients Rice Paper Spring Roll 150g",
        "price": 2,
        "special": 1.8,
        "unitPrice": "$1.20 / 100G"
    },
    {
        "category": "specials",
        "href": "https://www.woolworths.com.au/shop/productdetails/217061/sard-wonder-degreasing-stain-remover-spray",
        "imgName": "217061.jpg",
        "imgSrc": "https://cdn0.woolworths.media/content/wowproductimages/medium/217061.jpg",
        "name": "Sard Wonder Degreasing Stain Remover Spray 500ml",
        "price": 4,
        "unitPrice": "$8.00 / 1L"
    },
    {
        "category": "specials",
        "href": "https://www.woolworths.com.au/shop/productdetails/446493/rexona-women-antibacterial-defence-roll-on",
        "imgName": "446493.jpg",
        "imgSrc": "https://cdn0.woolworths.media/content/wowproductimages/medium/446493.jpg",
        "name": "Rexona Women Antibacterial Defence Roll On 50ml",
        "price": 4,
        "special": 3,
        "unitPrice": "$6.00 / 100ML"
    },
    {
        "category": "specials",
        "href": "https://www.woolworths.com.au/shop/productdetails/446503/rexona-men-antibacterial-defence-roll-on",
        "imgName": "446503.jpg",
        "imgSrc": "https://cdn0.woolworths.media/content/wowproductimages/medium/446503.jpg",
        "name": "Rexona Men Antibacterial Defence Roll On 50ml",
        "price": 4,
        "special": 3,
        "unitPrice": "$6.00 / 100ML"
    },
    {
        "category": "specials",
        "href": "https://www.woolworths.com.au/shop/productdetails/720691/gaviscon-liquid-double-strength-antacid",
        "imgName": "720691.jpg",
        "imgSrc": "https://cdn0.woolworths.media/content/wowproductimages/medium/720691.jpg",
        "name": "Gaviscon Liquid Double Strength Antacid 500ml",
        "price": 13.5,
        "special": 12.15,
        "unitPrice": "$2.43 / 100ML"
    },
    {
        "category": "specials",
        "href": "https://www.woolworths.com.au/shop/productdetails/838780/cadbury-dairy-milk-ice-cream-cake-crunchie",
        "imgName": "838780.jpg",
        "imgSrc": "https://cdn0.woolworths.media/content/wowproductimages/medium/838780.jpg",
        "name": "Cadbury Dairy Milk Ice Cream Cake Crunchie 1.5l",
        "price": 14,
        "unitPrice": "$0.93 / 100ML"
    },
    {
        "category": "specials",
        "href": "https://www.woolworths.com.au/shop/productdetails/726133/aunt-bettys-gooey-caramel-steamy-puds",
        "imgName": "726133.jpg",
        "imgSrc": "https://cdn0.woolworths.media/content/wowproductimages/medium/726133.jpg",
        "name": "Aunt Bettys Gooey Caramel Steamy Puds 2x95g",
        "price": 4,
        "special": 3,
        "unitPrice": "$1.58 / 100G"
    },
    {
        "category": "specials",
        "href": "https://www.woolworths.com.au/shop/productdetails/49957/dishmatic-handle",
        "imgName": "049957.jpg",
        "imgSrc": "https://cdn0.woolworths.media/content/wowproductimages/medium/049957.jpg",
        "name": "Dishmatic Handle  each",
        "price": 3.99,
        "special": 2.99
    },
    {
        "category": "specials",
        "href": "https://www.woolworths.com.au/shop/productdetails/54373/continental-recipe-base-chow-mein-mince",
        "imgName": "054373.jpg",
        "imgSrc": "https://cdn0.woolworths.media/content/wowproductimages/medium/054373.jpg",
        "name": "Continental Recipe Base Chow Mein Mince 30g",
        "price": 1.6,
        "unitPrice": "$5.33 / 100G"
    },
    {
        "category": "specials",
        "href": "https://www.woolworths.com.au/shop/productdetails/94376/leggo-s-pesto-sundried-tomato",
        "imgName": "094376.jpg",
        "imgSrc": "https://cdn0.woolworths.media/content/wowproductimages/medium/094376.jpg",
        "name": "Leggo's Pesto Sundried Tomato 190g",
        "price": 4.59,
        "special": 4,
        "unitPrice": "$2.11 / 100G"
    },
    {
        "category": "specials",
        "href": "https://www.woolworths.com.au/shop/productdetails/213680/artline-200-fineline-pen-black",
        "imgName": "213680.jpg",
        "imgSrc": "https://cdn0.woolworths.media/content/wowproductimages/medium/213680.jpg",
        "name": "Artline 200 Fineline Pen Black 0.4mm 2pk",
        "price": 6,
        "special": 4.2
    },
    {
        "category": "specials",
        "href": "https://www.woolworths.com.au/shop/productdetails/334934/devondale-shredded-mozzarella-grated-cheese",
        "imgName": "334934.jpg",
        "imgSrc": "https://cdn0.woolworths.media/content/wowproductimages/medium/334934.jpg",
        "name": "Devondale Shredded Mozzarella Grated Cheese 600g",
        "price": 7,
        "unitPrice": "$11.67 / 1KG"
    },
    {
        "category": "specials",
        "href": "https://www.woolworths.com.au/shop/productdetails/733556/kellogg-s-sultana-bran-value-pack",
        "imgName": "733556.jpg",
        "imgSrc": "https://cdn0.woolworths.media/content/wowproductimages/medium/733556.jpg",
        "name": "Kellogg's Sultana Bran Value Pack 1.15kg",
        "price": 8,
        "unitPrice": "$0.70 / 100G"
    },
    {
        "category": "specials",
        "href": "https://www.woolworths.com.au/shop/productdetails/317224/woolworths-dark-chocolate-block",
        "imgName": "317224.jpg",
        "imgSrc": "https://cdn0.woolworths.media/content/wowproductimages/medium/317224.jpg",
        "name": "Woolworths Dark Chocolate Block 200g",
        "price": 2.5,
        "unitPrice": "$1.25 / 100G"
    },
    {
        "category": "specials",
        "href": "https://www.woolworths.com.au/shop/productdetails/787577/nivea-men-deodorant-aerosol-black-white",
        "imgName": "787577.jpg",
        "imgSrc": "https://cdn0.woolworths.media/content/wowproductimages/medium/787577.jpg",
        "name": "Nivea Men Deodorant Aerosol Black & White 35ml",
        "price": 3,
        "unitPrice": "$8.57 / 100ML"
    },
    {
        "category": "specials",
        "href": "https://www.woolworths.com.au/shop/productdetails/866763/dettol-healthy-clean-kitchen-cleaner",
        "imgName": "866763.jpg",
        "imgSrc": "https://cdn0.woolworths.media/content/wowproductimages/medium/866763.jpg",
        "name": "Dettol Healthy Clean Kitchen Cleaner 500ml",
        "price": 4.49,
        "special": 3,
        "unitPrice": "$0.60 / 100ML"
    },
    {
        "category": "specials",
        "href": "https://www.woolworths.com.au/shop/productdetails/842619/palmolive-naturals-vibrant-colour-conditioner",
        "imgName": "842619.jpg",
        "imgSrc": "https://cdn0.woolworths.media/content/wowproductimages/medium/842619.jpg",
        "name": "Palmolive Naturals Vibrant Colour Conditioner 350ml",
        "price": 5,
        "special": 4,
        "unitPrice": "$1.14 / 100ML"
    },
    {
        "category": "specials",
        "href": "https://www.woolworths.com.au/shop/productdetails/826546/colgate-optic-white-toothpaste-express-white-fresh-mint",
        "imgName": "826546.jpg",
        "imgSrc": "https://cdn0.woolworths.media/content/wowproductimages/medium/826546.jpg",
        "name": "Colgate Optic White Toothpaste Express White Fresh Mint 125g",
        "price": 12.99,
        "special": 10,
        "unitPrice": "$8.00 / 100G"
    },
    {
        "category": "specials",
        "href": "https://www.woolworths.com.au/shop/productdetails/926525/chobani-strawberry-banana-yoghurt",
        "imgName": "926525.jpg",
        "imgSrc": "https://cdn0.woolworths.media/content/wowproductimages/medium/926525.jpg",
        "name": "Chobani Strawberry Banana Yoghurt 170g",
        "price": 2.25,
        "special": 2,
        "unitPrice": "$1.18 / 100G"
    },
    {
        "category": "specials",
        "href": "https://www.woolworths.com.au/shop/productdetails/33174/libra-tampons-super",
        "imgName": "033174.jpg",
        "imgSrc": "https://cdn0.woolworths.media/content/wowproductimages/medium/033174.jpg",
        "name": "Libra Tampons Super 16pk",
        "price": 4,
        "unitPrice": "$0.25 / 1EA"
    },
    {
        "category": "specials",
        "href": "https://www.woolworths.com.au/shop/productdetails/98751/pedigree-adult-dog-food-with-real-beef",
        "imgName": "098751.jpg",
        "imgSrc": "https://cdn0.woolworths.media/content/wowproductimages/medium/098751.jpg",
        "name": "Pedigree Adult Dog Food With Real Beef 3kg",
        "price": 8.5,
        "unitPrice": "$0.28 / 100G"
    },
    {
        "category": "specials",
        "href": "https://www.woolworths.com.au/shop/productdetails/423316/maybelline-new-york-super-stay-24-hour-pump-021-nude-beige",
        "imgName": "423316.jpg",
        "imgSrc": "https://cdn0.woolworths.media/content/wowproductimages/medium/423316.jpg",
        "name": "Maybelline New York Super Stay 24 Hour Pump 021 Nude Beige 30ml",
        "price": 24.95,
        "special": 17.45,
        "unitPrice": "$5.82 / 10ML"
    },
    {
        "category": "specials",
        "href": "https://www.woolworths.com.au/shop/productdetails/259399/woolworths-select-peas-chick-no-added-salt",
        "imgName": "259399.jpg",
        "imgSrc": "https://cdn0.woolworths.media/content/wowproductimages/medium/259399.jpg",
        "name": "Woolworths Select Peas Chick No Added Salt 420g",
        "price": 0.8,
        "unitPrice": "$1.90 / 1KG"
    },
    {
        "category": "specials",
        "href": "https://www.woolworths.com.au/shop/productdetails/486410/tresemme-botanique-conditioner-damage-recovery",
        "imgName": "486410.jpg",
        "imgSrc": "https://cdn0.woolworths.media/content/wowproductimages/medium/486410.jpg",
        "name": "Tresemme Botanique Conditioner Damage Recovery 390ml",
        "price": 7,
        "special": 5,
        "unitPrice": "$1.28 / 100ML"
    },
    {
        "category": "specials",
        "href": "https://www.woolworths.com.au/shop/productdetails/768560/woolworths-australian-cauliflower-florets",
        "imgName": "768560.jpg",
        "imgSrc": "https://cdn0.woolworths.media/content/wowproductimages/medium/768560.jpg",
        "name": "Woolworths Australian Cauliflower Florets 500g",
        "price": 2.15,
        "unitPrice": "$4.30 / 1KG"
    },
    {
        "category": "specials",
        "href": "https://www.woolworths.com.au/shop/productdetails/825032/select-indian-selection-mixed-pack-24-pieces",
        "imgName": "825032.jpg",
        "imgSrc": "https://cdn0.woolworths.media/content/wowproductimages/medium/825032.jpg",
        "name": "Select Indian Selection Mixed Pack 24 Pieces 360g",
        "price": 5,
        "unitPrice": "$1.39 / 100G"
    },
    {
        "category": "specials",
        "href": "https://www.woolworths.com.au/shop/productdetails/62747/fantastic-beef-noodle-cup",
        "imgName": "062747.jpg",
        "imgSrc": "https://cdn0.woolworths.media/content/wowproductimages/medium/062747.jpg",
        "name": "Fantastic Beef Noodle Cup 70g",
        "price": 1.6,
        "special": 1.4,
        "unitPrice": "$2.00 / 100G"
    },
    {
        "category": "specials",
        "href": "https://www.woolworths.com.au/shop/productdetails/84275/plumrose-frankfurts-hot-dogs",
        "imgName": "084275.jpg",
        "imgSrc": "https://cdn0.woolworths.media/content/wowproductimages/medium/084275.jpg",
        "name": "Plumrose Frankfurts Hot Dogs 560g",
        "price": 4.8,
        "special": 3.5,
        "unitPrice": "$6.25 / 1KG"
    },
    {
        "category": "specials",
        "href": "https://www.woolworths.com.au/shop/productdetails/254928/arnott-s-shapes-nacho-cheese",
        "imgName": "254928.jpg",
        "imgSrc": "https://cdn0.woolworths.media/content/wowproductimages/medium/254928.jpg",
        "name": "Arnott's Shapes Nacho Cheese 160g",
        "price": 3,
        "special": 2,
        "unitPrice": "$1.25 / 100G"
    },
    {
        "category": "specials",
        "href": "https://www.woolworths.com.au/shop/productdetails/715124/woolworths-select-alpha-razor-mens-plus-2",
        "imgName": "715124.jpg",
        "imgSrc": "https://cdn0.woolworths.media/content/wowproductimages/medium/715124.jpg",
        "name": "Woolworths Select Alpha Razor Mens Plus 2 1each",
        "price": 6.5,
        "unitPrice": "$6.50 / 1EA"
    },
    {
        "category": "specials",
        "href": "https://www.woolworths.com.au/shop/productdetails/330414/crayola-half-size-coloured-pencils",
        "imgName": "330414.jpg",
        "imgSrc": "https://cdn0.woolworths.media/content/wowproductimages/medium/330414.jpg",
        "name": "Crayola Half Size Coloured Pencils  12pk",
        "price": 2.5,
        "special": 2
    },
    {
        "category": "specials",
        "href": "https://www.woolworths.com.au/shop/productdetails/347691/heinz-chicken-shredded-sweetcorn-mayo",
        "imgName": "347691.jpg",
        "imgSrc": "https://cdn0.woolworths.media/content/wowproductimages/medium/347691.jpg",
        "name": "Heinz Chicken Shredded Sweetcorn & Mayo 85g",
        "price": 1.5,
        "unitPrice": "$17.65 / 1KG"
    },
    {
        "category": "specials",
        "href": "https://www.woolworths.com.au/shop/productdetails/421256/armor-all-cream-cut-polish",
        "imgName": "421256.jpg",
        "imgSrc": "https://cdn0.woolworths.media/content/wowproductimages/medium/421256.jpg",
        "name": "Armor All Cream Cut & Polish  250g",
        "price": 13,
        "special": 10.4,
        "unitPrice": "$4.16 / 100G"
    },
    {
        "category": "specials",
        "href": "https://www.woolworths.com.au/shop/productdetails/829325/essentials-ironing-board-cover",
        "imgName": "829325.jpg",
        "imgSrc": "https://cdn0.woolworths.media/content/wowproductimages/medium/829325.jpg",
        "name": "Essentials Ironing Board Cover each",
        "price": 10,
        "unitPrice": "$10.00 / 1EA"
    },
    {
        "category": "specials",
        "href": "https://www.woolworths.com.au/shop/productdetails/830000/essentials-double-ended-pegs",
        "imgName": "830000.jpg",
        "imgSrc": "https://cdn0.woolworths.media/content/wowproductimages/medium/830000.jpg",
        "name": "Essentials Double Ended Pegs 30pk",
        "price": 3,
        "unitPrice": "$0.10 / 1EA"
    },
    {
        "category": "specials",
        "href": "https://www.woolworths.com.au/shop/productdetails/39697/san-remo-shells-large-pasta-no-29",
        "imgName": "039697.jpg",
        "imgSrc": "https://cdn0.woolworths.media/content/wowproductimages/medium/039697.jpg",
        "name": "San Remo Shells Large Pasta No 29 750g",
        "price": 2.9,
        "unitPrice": "$0.39 / 100G"
    },
    {
        "category": "specials",
        "href": "https://www.woolworths.com.au/shop/productdetails/575833/twinings-detox",
        "imgName": "575833.jpg",
        "imgSrc": "https://cdn0.woolworths.media/content/wowproductimages/medium/575833.jpg",
        "name": "Twinings Detox  18pk",
        "price": 4,
        "unitPrice": "$0.22 / 1EA"
    },
    {
        "category": "specials",
        "href": "https://www.woolworths.com.au/shop/productdetails/454652/white-wings-pancake-shaker-original-pikelets",
        "imgName": "454652.jpg",
        "imgSrc": "https://cdn0.woolworths.media/content/wowproductimages/medium/454652.jpg",
        "name": "White Wings Pancake Shaker Original Pikelets 300g",
        "price": 2.5,
        "unitPrice": "$0.83 / 100G"
    },
    {
        "category": "specials",
        "href": "https://www.woolworths.com.au/shop/productdetails/480046/darn-tough-steel-cap-boot-socks-black-orange",
        "imgName": "480046.jpg",
        "imgSrc": "https://cdn0.woolworths.media/content/wowproductimages/medium/480046.jpg",
        "name": "Darn Tough Steel Cap Boot Socks Black/orange 2pk",
        "price": 7.95,
        "special": 5.56
    },
    {
        "category": "specials",
        "href": "https://www.woolworths.com.au/shop/productdetails/713467/k-roo-kangaroo-sausages-kanga-bangas-bush-tomato",
        "imgName": "713467.jpg",
        "imgSrc": "https://cdn0.woolworths.media/content/wowproductimages/medium/713467.jpg",
        "name": "K Roo Kangaroo Sausages Kanga Bangas Bush Tomato 500g",
        "price": 5.49,
        "unitPrice": "$10.98 / 1KG"
    },
    {
        "category": "specials",
        "href": "https://www.woolworths.com.au/shop/productdetails/844397/nando-s-extra-bloody-hot-sauce",
        "imgName": "844397.jpg",
        "imgSrc": "https://cdn0.woolworths.media/content/wowproductimages/medium/844397.jpg",
        "name": "Nando's Extra Bloody Hot Sauce 125g",
        "price": 3.7,
        "special": 3,
        "unitPrice": "$2.40 / 100G"
    },
    {
        "category": "specials",
        "href": "https://www.woolworths.com.au/shop/productdetails/868506/mud-concealer-001-ivory",
        "imgName": "868506.jpg",
        "imgSrc": "https://cdn0.woolworths.media/content/wowproductimages/medium/868506.jpg",
        "name": "Mud Concealer 001 Ivory 2.1g",
        "price": 4.5,
        "unitPrice": "$21.43 / 10G"
    },
    {
        "category": "specials",
        "href": "https://www.woolworths.com.au/shop/productdetails/47571/libra-tampons-tapered-design-regular",
        "imgName": "047571.jpg",
        "imgSrc": "https://cdn0.woolworths.media/content/wowproductimages/medium/047571.jpg",
        "name": "Libra Tampons Tapered Design Regular 16pk",
        "price": 4,
        "unitPrice": "$0.25 / 1EA"
    },
    {
        "category": "specials",
        "href": "https://www.woolworths.com.au/shop/productdetails/86183/glad-tuff-stuff-kitchen-tidy-bags-medium",
        "imgName": "086183.jpg",
        "imgSrc": "https://cdn0.woolworths.media/content/wowproductimages/medium/086183.jpg",
        "name": "Glad Tuff Stuff Kitchen Tidy Bags Medium 15pk",
        "price": 4,
        "special": 3.4,
        "unitPrice": "$0.23 / 1EA"
    },
    {
        "category": "specials",
        "href": "https://www.woolworths.com.au/shop/productdetails/93526/spc-apricot-halves-in-natural-juice",
        "imgName": "093526.jpg",
        "imgSrc": "https://cdn0.woolworths.media/content/wowproductimages/medium/093526.jpg",
        "name": "Spc Apricot Halves In Natural Juice 825g",
        "price": 3.5,
        "special": 3,
        "unitPrice": "$3.64 / 1KG"
    },
    {
        "category": "specials",
        "href": "https://www.woolworths.com.au/shop/productdetails/205649/cenovis-echinacea-5000mg-capsules",
        "imgName": "205649.jpg",
        "imgSrc": "https://cdn0.woolworths.media/content/wowproductimages/medium/205649.jpg",
        "name": "Cenovis Echinacea 5000mg Capsules 60",
        "price": 13.5,
        "unitPrice": "$22.50 / 100EA"
    },
    {
        "category": "specials",
        "href": "https://www.woolworths.com.au/shop/productdetails/749401/maybelline-eye-liner-liquid-hyperglossy-black",
        "imgName": "749401.jpg",
        "imgSrc": "https://cdn0.woolworths.media/content/wowproductimages/medium/749401.jpg",
        "name": "Maybelline Eye Liner Liquid Hyperglossy Black each",
        "price": 9.95,
        "special": 6.95,
        "unitPrice": "$13.90 / 10G"
    },
    {
        "category": "specials",
        "href": "https://www.woolworths.com.au/shop/productdetails/751360/whittakers-milk-chocolate-33-cocoa-coconut",
        "imgName": "751360.jpg",
        "imgSrc": "https://cdn0.woolworths.media/content/wowproductimages/medium/751360.jpg",
        "name": "Whittakers Milk Chocolate 33% Cocoa Coconut 200g block",
        "price": 4.8,
        "special": 3.5,
        "unitPrice": "$1.75 / 100G"
    },
    {
        "category": "specials",
        "href": "https://www.woolworths.com.au/shop/productdetails/751305/on-the-go-forest-fruits-with-a-swirl",
        "imgName": "751305.jpg",
        "imgSrc": "https://cdn0.woolworths.media/content/wowproductimages/medium/751305.jpg",
        "name": "On The Go Forest Fruits With A Swirl 50g",
        "price": 2,
        "special": 1.5,
        "unitPrice": "$30.00 / 1KG"
    },
    {
        "category": "specials",
        "href": "https://www.woolworths.com.au/shop/productdetails/642036/blackmores-vitamin-c-500mg-tablets",
        "imgName": "642036.jpg",
        "imgSrc": "https://cdn0.woolworths.media/content/wowproductimages/medium/642036.jpg",
        "name": "Blackmores Vitamin C 500mg Tablets 50pk",
        "price": 10,
        "unitPrice": "$20.00 / 100EA"
    },
    {
        "category": "specials",
        "href": "https://www.woolworths.com.au/shop/productdetails/494128/praise-deli-style-whole-egg-mayonnaise-dijonnaise",
        "imgName": "494128.jpg",
        "imgSrc": "https://cdn0.woolworths.media/content/wowproductimages/medium/494128.jpg",
        "name": "Praise Deli Style Whole Egg Mayonnaise Dijonnaise 250ml",
        "price": 3,
        "special": 2.5,
        "unitPrice": "$1.00 / 100ML"
    },
    {
        "category": "specials",
        "href": "https://www.woolworths.com.au/shop/productdetails/781689/darell-lea-stix-raspberry-choc-raspberry-milk-chocolate",
        "imgName": "781689.jpg",
        "imgSrc": "https://cdn0.woolworths.media/content/wowproductimages/medium/781689.jpg",
        "name": "Darell Lea Stix Raspberry Choc Raspberry Milk Chocolate 200g",
        "price": 3.5,
        "unitPrice": "$1.75 / 100G"
    },
    {
        "category": "specials",
        "href": "https://www.woolworths.com.au/shop/productdetails/877390/maybelline-lash-sensational-washable-mascara-blackest-black",
        "imgName": "877390.jpg",
        "imgSrc": "https://cdn0.woolworths.media/content/wowproductimages/medium/877390.jpg",
        "name": "Maybelline Lash Sensational Washable Mascara Blackest Black 9.5ml",
        "price": 21.95,
        "special": 15,
        "unitPrice": "$15.79 / 10ML"
    },
    {
        "category": "specials",
        "href": "https://www.woolworths.com.au/shop/productdetails/69734/ansell-lifestyles-condoms-ultra-thin",
        "imgName": "069734.jpg",
        "imgSrc": "https://cdn0.woolworths.media/content/wowproductimages/medium/069734.jpg",
        "name": "Ansell Lifestyles Condoms Ultra Thin 24pk",
        "price": 12.7,
        "special": 11.7,
        "unitPrice": "$0.49 / 1EA"
    },
    {
        "category": "specials",
        "href": "https://www.woolworths.com.au/shop/productdetails/708654/vo5-texture-putty-rework",
        "imgName": "708654.jpg",
        "imgSrc": "https://cdn0.woolworths.media/content/wowproductimages/medium/708654.jpg",
        "name": "Vo5 Texture Putty Rework 150ml",
        "price": 7.5,
        "unitPrice": "$5.00 / 100ML"
    },
    {
        "category": "specials",
        "href": "https://www.woolworths.com.au/shop/productdetails/713598/macro-organic-food-6-months-pumpkin-spinach-ricotta-pasta",
        "imgName": "713598.jpg",
        "imgSrc": "https://cdn0.woolworths.media/content/wowproductimages/medium/713598.jpg",
        "name": "Macro Organic Food 6 Months Pumpkin Spinach Ricotta Pasta 120g",
        "price": 1.5,
        "unitPrice": "$1.25 / 100G"
    },
    {
        "category": "specials",
        "href": "https://www.woolworths.com.au/shop/productdetails/763696/banana-boat-baby-sunscreen-roll-on-spf-50-",
        "imgName": "763696.jpg",
        "imgSrc": "https://cdn0.woolworths.media/content/wowproductimages/medium/763696.jpg",
        "name": "Banana Boat Baby Sunscreen Roll On Spf 50+ 75ml",
        "price": 11,
        "special": 8.8,
        "unitPrice": "$11.73 / 100ML"
    },
    {
        "category": "specials",
        "href": "https://www.woolworths.com.au/shop/productdetails/763683/banana-boat-spf-50-sunscreen-kids-clear-spray",
        "imgName": "763683.jpg",
        "imgSrc": "https://cdn0.woolworths.media/content/wowproductimages/medium/763683.jpg",
        "name": "Banana Boat Spf 50+ Sunscreen Kids Clear Spray 175g",
        "price": 17.5,
        "special": 14,
        "unitPrice": "$8.00 / 100G"
    },
    {
        "category": "specials",
        "href": "https://www.woolworths.com.au/shop/productdetails/768519/flora-proactiv-light-margarine",
        "imgName": "768519.jpg",
        "imgSrc": "https://cdn0.woolworths.media/content/wowproductimages/medium/768519.jpg",
        "name": "Flora Proactiv Light Margarine 750g",
        "price": 10,
        "unitPrice": "$1.33 / 100G"
    },
    {
        "category": "specials",
        "href": "https://www.woolworths.com.au/shop/productdetails/825168/woolworths-hundreds-thousands-biscuits",
        "imgName": "825168.jpg",
        "imgSrc": "https://cdn0.woolworths.media/content/wowproductimages/medium/825168.jpg",
        "name": "Woolworths Hundreds & Thousands Biscuits 200g",
        "price": 2,
        "unitPrice": "$1.00 / 100G"
    },
    {
        "category": "specials",
        "href": "https://www.woolworths.com.au/shop/productdetails/827791/reeses-peanut-butter-chips",
        "imgName": "827791.jpg",
        "imgSrc": "https://cdn0.woolworths.media/content/wowproductimages/medium/827791.jpg",
        "name": "Reeses Peanut Butter Chips  283g",
        "price": 5,
        "special": 4.3,
        "unitPrice": "$1.52 / 100G"
    },
    {
        "category": "specials",
        "href": "https://www.woolworths.com.au/shop/productdetails/923172/real-iced-tea-peach",
        "imgName": "923172.jpg",
        "imgSrc": "https://cdn0.woolworths.media/content/wowproductimages/medium/923172.jpg",
        "name": "Real Iced Tea Peach  1.25l",
        "price": 3.95,
        "special": 3.15,
        "unitPrice": "$2.52 / 1L"
    },
    {
        "category": "specials",
        "href": "https://www.woolworths.com.au/shop/productdetails/543768/obela-tzatziki-dip-spinach-feta",
        "imgName": "543768.jpg",
        "imgSrc": "https://cdn0.woolworths.media/content/wowproductimages/medium/543768.jpg",
        "name": "Obela Tzatziki Dip Spinach & Feta 220g",
        "price": 4.4,
        "special": 4,
        "unitPrice": "$1.82 / 100G"
    },
    {
        "category": "specials",
        "href": "https://www.woolworths.com.au/shop/productdetails/713590/baby-macro-organic-4-months-apple-blueberry",
        "imgName": "713590.jpg",
        "imgSrc": "https://cdn0.woolworths.media/content/wowproductimages/medium/713590.jpg",
        "name": "Baby Macro Organic 4 Months+ Apple & Blueberry 120g",
        "price": 1.5,
        "unitPrice": "$1.25 / 100G"
    },
    {
        "category": "specials",
        "href": "https://www.woolworths.com.au/shop/productdetails/715078/heinz-big-n-chunky-canned-soup-steak-mushroom",
        "imgName": "715078.jpg",
        "imgSrc": "https://cdn0.woolworths.media/content/wowproductimages/medium/715078.jpg",
        "name": "Heinz Big N Chunky Canned Soup Steak & Mushroom 535g",
        "price": 2.5,
        "unitPrice": "$0.47 / 100G"
    },
    {
        "category": "specials",
        "href": "https://www.woolworths.com.au/shop/productdetails/748353/maggi-stir-fry-creations-chinese-five-spice-soy-beef",
        "imgName": "748353.jpg",
        "imgSrc": "https://cdn0.woolworths.media/content/wowproductimages/medium/748353.jpg",
        "name": "Maggi Stir Fry Creations Chinese Five Spice & Soy Beef 150g",
        "price": 3,
        "unitPrice": "$2.00 / 100G"
    },
    {
        "category": "specials",
        "href": "https://www.woolworths.com.au/shop/productdetails/793384/sanitarium-so-good-unsweetened-almond-coconut-milk",
        "imgName": "793384.jpg",
        "imgSrc": "https://cdn0.woolworths.media/content/wowproductimages/medium/793384.jpg",
        "name": "Sanitarium So Good Unsweetened Almond & Coconut Milk 1l",
        "price": 3,
        "unitPrice": "$3.00 / 1L"
    },
    {
        "category": "specials",
        "href": "https://www.woolworths.com.au/shop/productdetails/225628/elastoplast-plastic-plasters-water-resistant-assorted",
        "imgName": "225628.jpg",
        "imgSrc": "https://cdn0.woolworths.media/content/wowproductimages/medium/225628.jpg",
        "name": "Elastoplast Plastic Plasters Water-resistant Assorted 40pk",
        "price": 4,
        "special": 3.5,
        "unitPrice": "$0.09 / 1EA"
    },
    {
        "category": "specials",
        "href": "https://www.woolworths.com.au/shop/productdetails/226801/energizer-lithium-ultimate-aa-batteries",
        "imgName": "226801.jpg",
        "imgSrc": "https://cdn0.woolworths.media/content/wowproductimages/medium/226801.jpg",
        "name": "Energizer Lithium Ultimate Aa Batteries  4pk",
        "price": 19,
        "special": 14.99,
        "unitPrice": "$3.75 / 1EA"
    },
    {
        "category": "specials",
        "href": "https://www.woolworths.com.au/shop/productdetails/233126/sard-wonder-power-stain-remover-spray-eucalyptus",
        "imgName": "233126.jpg",
        "imgSrc": "https://cdn0.woolworths.media/content/wowproductimages/medium/233126.jpg",
        "name": "Sard Wonder Power Stain Remover Spray Eucalyptus 500ml",
        "price": 4,
        "unitPrice": "$8.00 / 1L"
    },
    {
        "category": "specials",
        "href": "https://www.woolworths.com.au/shop/productdetails/297221/gravox-gourmet-gravy-peppercorn-with-cream",
        "imgName": "297221.jpg",
        "imgSrc": "https://cdn0.woolworths.media/content/wowproductimages/medium/297221.jpg",
        "name": "Gravox Gourmet Gravy Peppercorn With Cream 165g",
        "price": 2,
        "unitPrice": "$1.21 / 100G"
    },
    {
        "category": "specials",
        "href": "https://www.woolworths.com.au/shop/productdetails/207661/carefree-procomfort-tampons-mini",
        "imgName": "207661.jpg",
        "imgSrc": "https://cdn0.woolworths.media/content/wowproductimages/medium/207661.jpg",
        "name": "Carefree Procomfort Tampons Mini 16pk",
        "price": 4.7,
        "unitPrice": "$0.29 / 1EA"
    },
    {
        "category": "specials",
        "href": "https://www.woolworths.com.au/shop/productdetails/491254/coon-tasty-cheese-block",
        "imgName": "491254.jpg",
        "imgSrc": "https://cdn0.woolworths.media/content/wowproductimages/medium/491254.jpg",
        "name": "Coon Tasty Cheese Block  1kg",
        "price": 9.5,
        "unitPrice": "$9.50 / 1KG"
    },
    {
        "category": "specials",
        "href": "https://www.woolworths.com.au/shop/productdetails/508521/connoisseur-belgian-chocolate-fudge-with-roasted-hazelnut",
        "imgName": "508521.jpg",
        "imgSrc": "https://cdn0.woolworths.media/content/wowproductimages/medium/508521.jpg",
        "name": "Connoisseur Belgian Chocolate Fudge With Roasted Hazelnut 4pk 456ml",
        "price": 8.4,
        "special": 6,
        "unitPrice": "$1.32 / 100ML"
    },
    {
        "category": "specials",
        "href": "https://www.woolworths.com.au/shop/productdetails/380446/maybelline-fit-me-foundation-liquid-medium-buff",
        "imgName": "380446.jpg",
        "imgSrc": "https://cdn0.woolworths.media/content/wowproductimages/medium/380446.jpg",
        "name": "Maybelline Fit Me Foundation Liquid Medium Buff 30ml",
        "price": 19.95,
        "special": 13.95,
        "unitPrice": "$4.65 / 10ML"
    },
    {
        "category": "specials",
        "href": "https://www.woolworths.com.au/shop/productdetails/664790/mccain-pizza-takeaway-super-supreme",
        "imgName": "664790.jpg",
        "imgSrc": "https://cdn0.woolworths.media/content/wowproductimages/medium/664790.jpg",
        "name": "Mccain Pizza Takeaway Super Supreme 500g",
        "price": 7.5,
        "unitPrice": "$1.50 / 100G"
    },
    {
        "category": "specials",
        "href": "https://www.woolworths.com.au/shop/productdetails/511124/zooper-dooper-ice-blocks-sourz",
        "imgName": "511124.jpg",
        "imgSrc": "https://cdn0.woolworths.media/content/wowproductimages/medium/511124.jpg",
        "name": "Zooper Dooper Ice Blocks Sourz 24x70ml",
        "price": 5.79,
        "special": 5,
        "unitPrice": "$0.30 / 100ML"
    },
    {
        "category": "specials",
        "href": "https://www.woolworths.com.au/shop/productdetails/520578/farmers-market-adult-dog-food-chicken-with-lentils",
        "imgName": "520578.jpg",
        "imgSrc": "https://cdn0.woolworths.media/content/wowproductimages/medium/520578.jpg",
        "name": "Farmers Market Adult Dog Food Chicken With Lentils 100g",
        "price": 1.5,
        "special": 1,
        "unitPrice": "$1.00 / 100G"
    },
    {
        "category": "specials",
        "href": "https://www.woolworths.com.au/shop/productdetails/729176/veet-hair-removal-wax-mini-facial-strips",
        "imgName": "729176.jpg",
        "imgSrc": "https://cdn0.woolworths.media/content/wowproductimages/medium/729176.jpg",
        "name": "Veet Hair Removal Wax Mini Facial Strips 20pk",
        "price": 9,
        "unitPrice": "$0.45 / 1EA"
    },
    {
        "category": "specials",
        "href": "https://www.woolworths.com.au/shop/productdetails/757750/fountain-soy-honey-sauce",
        "imgName": "757750.jpg",
        "imgSrc": "https://cdn0.woolworths.media/content/wowproductimages/medium/757750.jpg",
        "name": "Fountain Soy & Honey Sauce 250ml",
        "price": 2.7,
        "special": 2.2,
        "unitPrice": "$0.88 / 100ML"
    },
    {
        "category": "specials",
        "href": "https://www.woolworths.com.au/shop/productdetails/740385/philips-cfl-tornado-warm-white-12w-bc-base",
        "imgName": "740385.jpg",
        "imgSrc": "https://cdn0.woolworths.media/content/wowproductimages/medium/740385.jpg",
        "name": "Philips Cfl Tornado Warm White 12w Bc Base each",
        "price": 6.5,
        "special": 5.2,
        "unitPrice": "$5.20 / 1EA"
    },
    {
        "category": "specials",
        "href": "https://www.woolworths.com.au/shop/productdetails/785279/bic-kids-visa-colour-markers-xl",
        "imgName": "785279.jpg",
        "imgSrc": "https://cdn0.woolworths.media/content/wowproductimages/medium/785279.jpg",
        "name": "Bic Kids Visa Colour Markers Xl 12pk",
        "price": 7,
        "special": 4.9
    },
    {
        "category": "specials",
        "href": "https://www.woolworths.com.au/shop/productdetails/788612/woolworths-select-paper-cup-pink",
        "imgName": "788612.jpg",
        "imgSrc": "https://cdn0.woolworths.media/content/wowproductimages/medium/788612.jpg",
        "name": "Woolworths Select Paper Cup Pink 20pk",
        "price": 3,
        "special": 2.4,
        "unitPrice": "$0.12 / 1EA"
    },
    {
        "category": "specials",
        "href": "https://www.woolworths.com.au/shop/productdetails/353439/lucky-mixed-fruit-almonds-yoghurt-sultanas",
        "imgName": "353439.jpg",
        "imgSrc": "https://cdn0.woolworths.media/content/wowproductimages/medium/353439.jpg",
        "name": "Lucky Mixed Fruit Almonds Yoghurt Sultanas 180g",
        "price": 6.3,
        "special": 5,
        "unitPrice": "$27.78 / 1KG"
    },
    {
        "category": "specials",
        "href": "https://www.woolworths.com.au/shop/productdetails/36506/chatelle-napoleon-brandy",
        "imgName": "036506.jpg",
        "imgSrc": "https://cdn0.woolworths.media/content/wowproductimages/medium/036506.jpg",
        "name": "Chatelle Napoleon Brandy  700ml",
        "price": 45,
        "special": 36
    },
    {
        "category": "specials",
        "href": "https://www.woolworths.com.au/shop/productdetails/384265/sellotape-sticky-tape-roll-24mmx66m",
        "imgName": "384265.jpg",
        "imgSrc": "https://cdn0.woolworths.media/content/wowproductimages/medium/384265.jpg",
        "name": "Sellotape Sticky Tape Roll 24mmx66m each",
        "price": 3,
        "special": 2.4
    },
    {
        "category": "specials",
        "href": "https://www.woolworths.com.au/shop/productdetails/452082/woolworths-camembert-cheese",
        "imgName": "452082.jpg",
        "imgSrc": "https://cdn0.woolworths.media/content/wowproductimages/medium/452082.jpg",
        "name": "Woolworths Camembert Cheese  125g",
        "price": 3,
        "unitPrice": "$24.00 / 1KG"
    },
    {
        "category": "specials",
        "href": "https://www.woolworths.com.au/shop/productdetails/764672/gillette-mach-3-shaving-gel-soothing-irritation-defence",
        "imgName": "764672.jpg",
        "imgSrc": "https://cdn0.woolworths.media/content/wowproductimages/medium/764672.jpg",
        "name": "Gillette Mach 3 Shaving Gel Soothing Irritation Defence 195g",
        "price": 6,
        "unitPrice": "$3.08 / 100G"
    },
    {
        "category": "specials",
        "href": "https://www.woolworths.com.au/shop/productdetails/771829/naturally-good-cookies-munchy-muesli-vanilla",
        "imgName": "771829.jpg",
        "imgSrc": "https://cdn0.woolworths.media/content/wowproductimages/medium/771829.jpg",
        "name": "Naturally Good Cookies Munchy Muesli Vanilla 160g",
        "price": 4.95,
        "special": 4,
        "unitPrice": "$2.50 / 100G"
    },
    {
        "category": "specials",
        "href": "https://www.woolworths.com.au/shop/productdetails/22074/armor-all-car-care-wash-wax",
        "imgName": "022074.jpg",
        "imgSrc": "https://cdn0.woolworths.media/content/wowproductimages/medium/022074.jpg",
        "name": "Armor All Car Care Wash & Wax 1l",
        "price": 8,
        "special": 6.4,
        "unitPrice": "$0.64 / 100ML"
    },
    {
        "category": "specials",
        "href": "https://www.woolworths.com.au/shop/productdetails/25758/sargents-pies-chicken-vegetable",
        "imgName": "025758.jpg",
        "imgSrc": "https://cdn0.woolworths.media/content/wowproductimages/medium/025758.jpg",
        "name": "Sargents Pies Chicken & Vegetable 4pk 700g",
        "price": 4.5,
        "unitPrice": "$0.64 / 100G"
    },
    {
        "category": "specials",
        "href": "https://www.woolworths.com.au/shop/productdetails/34444/fountain-steak-sauce",
        "imgName": "034444.jpg",
        "imgSrc": "https://cdn0.woolworths.media/content/wowproductimages/medium/034444.jpg",
        "name": "Fountain Steak Sauce  250ml",
        "price": 2.7,
        "special": 2.2,
        "unitPrice": "$0.88 / 100ML"
    },
    {
        "category": "specials",
        "href": "https://www.woolworths.com.au/shop/productdetails/30368/carefree-tampons-super",
        "imgName": "030368.jpg",
        "imgSrc": "https://cdn0.woolworths.media/content/wowproductimages/medium/030368.jpg",
        "name": "Carefree Tampons Super 16pk",
        "price": 4.7,
        "unitPrice": "$0.29 / 1EA"
    },
    {
        "category": "specials",
        "href": "https://www.woolworths.com.au/shop/productdetails/6198/avent-bottle-feeding",
        "imgName": "006198.jpg",
        "imgSrc": "https://cdn0.woolworths.media/content/wowproductimages/medium/006198.jpg",
        "name": "Avent Bottle Feeding 260ml",
        "price": 11.5,
        "special": 8.05,
        "unitPrice": "$8.05 / 1EA"
    },
    {
        "category": "specials",
        "href": "https://www.woolworths.com.au/shop/productdetails/156690/tetley-decaffeinated-tea-bags",
        "imgName": "156690.jpg",
        "imgSrc": "https://cdn0.woolworths.media/content/wowproductimages/medium/156690.jpg",
        "name": "Tetley Decaffeinated Tea Bags 100pk 185g",
        "price": 8,
        "special": 6,
        "unitPrice": "$3.24 / 100G"
    },
    {
        "category": "specials",
        "href": "https://www.woolworths.com.au/shop/productdetails/72364/masterfoods-marinade-soy-honey-garlic",
        "imgName": "072364.jpg",
        "imgSrc": "https://cdn0.woolworths.media/content/wowproductimages/medium/072364.jpg",
        "name": "Masterfoods Marinade Soy, Honey & Garlic 375g",
        "price": 2.5,
        "unitPrice": "$0.67 / 100G"
    },
    {
        "category": "specials",
        "href": "https://www.woolworths.com.au/shop/productdetails/107470/garnier-nutrisse-4-3-cappuccino",
        "imgName": "107470.jpg",
        "imgSrc": "https://cdn0.woolworths.media/content/wowproductimages/medium/107470.jpg",
        "name": "Garnier Nutrisse 4.3 Cappuccino 1pk",
        "price": 12
    },
    {
        "category": "specials",
        "href": "https://www.woolworths.com.au/shop/productdetails/208689/schwarzkopf-extra-care-conditioner-liquid-silk",
        "imgName": "208689.jpg",
        "imgSrc": "https://cdn0.woolworths.media/content/wowproductimages/medium/208689.jpg",
        "name": "Schwarzkopf Extra Care Conditioner Liquid Silk 400ml",
        "price": 6.9,
        "special": 3.44,
        "unitPrice": "$0.86 / 100ML"
    },
    {
        "category": "specials",
        "href": "https://www.woolworths.com.au/shop/productdetails/202368/blackmores-mens-performance-multi",
        "imgName": "202368.jpg",
        "imgSrc": "https://cdn0.woolworths.media/content/wowproductimages/medium/202368.jpg",
        "name": "Blackmores Mens Performance Multi 50pk",
        "price": 20,
        "unitPrice": "$40.00 / 100EA"
    },
    {
        "category": "specials",
        "href": "https://www.woolworths.com.au/shop/productdetails/231529/rexona-women-antiperspirant-deodorant-spray-cotton-dry",
        "imgName": "231529.jpg",
        "imgSrc": "https://cdn0.woolworths.media/content/wowproductimages/medium/231529.jpg",
        "name": "Rexona Women Antiperspirant Deodorant Spray Cotton Dry 250ml",
        "price": 7,
        "special": 5,
        "unitPrice": "$2.00 / 100ML"
    },
    {
        "category": "specials",
        "href": "https://www.woolworths.com.au/shop/productdetails/232336/schick-razor-quattro-for-women-2-blades",
        "imgName": "232336.jpg",
        "imgSrc": "https://cdn0.woolworths.media/content/wowproductimages/medium/232336.jpg",
        "name": "Schick Razor Quattro For Women + 2 Blades each",
        "price": 8
    },
    {
        "category": "specials",
        "href": "https://www.woolworths.com.au/shop/productdetails/118614/masterfoods-marinade-sweet-plum",
        "imgName": "118614.jpg",
        "imgSrc": "https://cdn0.woolworths.media/content/wowproductimages/medium/118614.jpg",
        "name": "Masterfoods Marinade Sweet Plum 375g",
        "price": 2.5,
        "unitPrice": "$0.67 / 100G"
    },
    {
        "category": "specials",
        "href": "https://www.woolworths.com.au/shop/productdetails/215943/sanitarium-crunchy-peanut-butter-no-added-sugar-or-salt",
        "imgName": "215943.jpg",
        "imgSrc": "https://cdn0.woolworths.media/content/wowproductimages/medium/215943.jpg",
        "name": "Sanitarium Crunchy Peanut Butter No Added Sugar Or Salt 500g",
        "price": 4,
        "unitPrice": "$0.80 / 100G"
    },
    {
        "category": "specials",
        "href": "https://www.woolworths.com.au/shop/productdetails/187718/optrex-eye-drops-fresh-eye-drops",
        "imgName": "187718.jpg",
        "imgSrc": "https://cdn0.woolworths.media/content/wowproductimages/medium/187718.jpg",
        "name": "Optrex Eye Drops Fresh Eye Drops 10ml",
        "price": 7.5,
        "special": 6.75,
        "unitPrice": "$67.50 / 100ML"
    },
    {
        "category": "specials",
        "href": "https://www.woolworths.com.au/shop/productdetails/212875/arnott-s-wagon-wheels-mini",
        "imgName": "212875.jpg",
        "imgSrc": "https://cdn0.woolworths.media/content/wowproductimages/medium/212875.jpg",
        "name": "Arnott's Wagon Wheels Mini 190g",
        "price": 2.5,
        "unitPrice": "$1.32 / 100G"
    },
    {
        "category": "specials",
        "href": "https://www.woolworths.com.au/shop/productdetails/158315/whiskas-adult-cat-food-chicken-liver-beef-vegetable",
        "imgName": "158315.jpg",
        "imgSrc": "https://cdn0.woolworths.media/content/wowproductimages/medium/158315.jpg",
        "name": "Whiskas Adult Cat Food Chicken Liver Beef & Vegetable 1kg",
        "price": 4.7,
        "special": 4,
        "unitPrice": "$0.40 / 100G"
    },
    {
        "category": "specials",
        "href": "https://www.woolworths.com.au/shop/productdetails/192424/glad-snap-lock-mini-storage-bags",
        "imgName": "192424.jpg",
        "imgSrc": "https://cdn0.woolworths.media/content/wowproductimages/medium/192424.jpg",
        "name": "Glad Snap Lock Mini Storage Bags 60pk",
        "price": 3.3,
        "special": 3,
        "unitPrice": "$0.05 / 1EA"
    },
    {
        "category": "specials",
        "href": "https://www.woolworths.com.au/shop/productdetails/313710/l-oreal-preference-4-15-rome-deep-brown",
        "imgName": "313710.jpg",
        "imgSrc": "https://cdn0.woolworths.media/content/wowproductimages/medium/313710.jpg",
        "name": "L'oreal Preference 4.15 Rome Deep Brown 1pk",
        "price": 19,
        "special": 13
    },
    {
        "category": "specials",
        "href": "https://www.woolworths.com.au/shop/productdetails/311466/sunrice-microwave-long-grain-white-rice-family",
        "imgName": "311466.jpg",
        "imgSrc": "https://cdn0.woolworths.media/content/wowproductimages/medium/311466.jpg",
        "name": "Sunrice Microwave Long Grain White Rice Family 450g",
        "price": 3.5,
        "unitPrice": "$0.78 / 100G"
    },
    {
        "category": "specials",
        "href": "https://www.woolworths.com.au/shop/productdetails/633677/urbane-mess-beard-hair-trimmer",
        "imgName": "633677.jpg",
        "imgSrc": "https://cdn0.woolworths.media/content/wowproductimages/medium/633677.jpg",
        "name": "Urbane Mess Beard & Hair Trimmer each",
        "price": 20,
        "special": 15,
        "unitPrice": "$15.00 / 1EA"
    },
    {
        "category": "specials",
        "href": "https://www.woolworths.com.au/shop/productdetails/500661/babyu-moisturiser-goats-milk",
        "imgName": "500661.jpg",
        "imgSrc": "https://cdn0.woolworths.media/content/wowproductimages/medium/500661.jpg",
        "name": "Babyu Moisturiser Goats Milk 250ml",
        "price": 9,
        "special": 7,
        "unitPrice": "$2.80 / 100ML"
    },
    {
        "category": "specials",
        "href": "https://www.woolworths.com.au/shop/productdetails/529191/tresemme-colour-revitalise-conditioner",
        "imgName": "529191.jpg",
        "imgSrc": "https://cdn0.woolworths.media/content/wowproductimages/medium/529191.jpg",
        "name": "Tresemme Colour Revitalise Conditioner  390ml",
        "price": 7,
        "special": 5,
        "unitPrice": "$1.28 / 100ML"
    },
    {
        "category": "specials",
        "href": "https://www.woolworths.com.au/shop/productdetails/484484/original-source-body-wash-coconut-shea-butter",
        "imgName": "484484.jpg",
        "imgSrc": "https://cdn0.woolworths.media/content/wowproductimages/medium/484484.jpg",
        "name": "Original Source Body Wash Coconut & Shea Butter 250ml",
        "price": 4,
        "special": 3.5,
        "unitPrice": "$1.40 / 100ML"
    },
    {
        "category": "specials",
        "href": "https://www.woolworths.com.au/shop/productdetails/360389/calci-yum-kids-squeezie-vanilla-yoghurt",
        "imgName": "360389.jpg",
        "imgSrc": "https://cdn0.woolworths.media/content/wowproductimages/medium/360389.jpg",
        "name": "Calci Yum Kids Squeezie Vanilla Yoghurt 70g",
        "price": 1,
        "unitPrice": "$1.43 / 100G"
    },
    {
        "category": "specials",
        "href": "https://www.woolworths.com.au/shop/productdetails/367899/maybelline-volum-express-mascara-falsies-blackes-black",
        "imgName": "367899.jpg",
        "imgSrc": "https://cdn0.woolworths.media/content/wowproductimages/medium/367899.jpg",
        "name": "Maybelline Volum Express Mascara Falsies Blackes Black 7.5ml",
        "price": 20,
        "special": 14,
        "unitPrice": "$18.67 / 10ML"
    },
    {
        "category": "specials",
        "href": "https://www.woolworths.com.au/shop/productdetails/314278/maggie-beer-plum-paste-plum",
        "imgName": "314278.jpg",
        "imgSrc": "https://cdn0.woolworths.media/content/wowproductimages/medium/314278.jpg",
        "name": "Maggie Beer Plum Paste Plum 100g",
        "price": 5.98,
        "special": 5,
        "unitPrice": "$50.00 / 1KG"
    },
    {
        "category": "specials",
        "href": "https://www.woolworths.com.au/shop/productdetails/330915/peters-light-creamy-raspberry-ripple-ice-cream",
        "imgName": "330915.jpg",
        "imgSrc": "https://cdn0.woolworths.media/content/wowproductimages/medium/330915.jpg",
        "name": "Peters Light & Creamy Raspberry Ripple Ice Cream 1.8l",
        "price": 5,
        "unitPrice": "$0.28 / 100ML"
    },
    {
        "category": "specials",
        "href": "https://www.woolworths.com.au/shop/productdetails/465084/always-fresh-kalamata-olives-pitted",
        "imgName": "465084.jpg",
        "imgSrc": "https://cdn0.woolworths.media/content/wowproductimages/medium/465084.jpg",
        "name": "Always Fresh Kalamata Olives Pitted 220g",
        "price": 5,
        "special": 4.5,
        "unitPrice": "$20.45 / 1KG"
    },
    {
        "category": "specials",
        "href": "https://www.woolworths.com.au/shop/productdetails/454527/woolworths-olives-mixed-marinated",
        "imgName": "454527.jpg",
        "imgSrc": "https://cdn0.woolworths.media/content/wowproductimages/medium/454527.jpg",
        "name": "Woolworths Olives Mixed Marinated per kg",
        "price": 19.95,
        "unitPrice": "$19.95 / 1KG"
    },
    {
        "category": "specials",
        "href": "https://www.woolworths.com.au/shop/productdetails/748417/u-by-kotex-designer-series-ultrathin-with-wings-super",
        "imgName": "748417.jpg",
        "imgSrc": "https://cdn0.woolworths.media/content/wowproductimages/medium/748417.jpg",
        "name": "U By Kotex Designer Series Ultrathin With Wings Super 10pk",
        "price": 5,
        "special": 4,
        "unitPrice": "$0.40 / 1EA"
    },
    {
        "category": "specials",
        "href": "https://www.woolworths.com.au/shop/productdetails/559258/mud-full-colour-lip-lacquer-pink-champagne",
        "imgName": "559258.jpg",
        "imgSrc": "https://cdn0.woolworths.media/content/wowproductimages/medium/559258.jpg",
        "name": "Mud Full Colour Lip Lacquer Pink Champagne 14ml",
        "price": 5.5,
        "unitPrice": "$3.93 / 10ML"
    },
    {
        "category": "specials",
        "href": "https://www.woolworths.com.au/shop/productdetails/568732/olay-eyes-illuminate-eye-cream",
        "imgName": "568732.jpg",
        "imgSrc": "https://cdn0.woolworths.media/content/wowproductimages/medium/568732.jpg",
        "name": "Olay Eyes Illuminate Eye Cream  15ml",
        "price": 49,
        "special": 24.5,
        "unitPrice": "$163.33 / 100ML"
    },
    {
        "category": "specials",
        "href": "https://www.woolworths.com.au/shop/productdetails/460965/omo-active-clean-laundry-detergent-washing-powder-front-top-loader",
        "imgName": "460965.jpg",
        "imgSrc": "https://cdn0.woolworths.media/content/wowproductimages/medium/460965.jpg",
        "name": "Omo Active Clean Laundry Detergent Washing Powder Front & Top Loader 1kg",
        "price": 10,
        "special": 7.5,
        "unitPrice": "$7.50 / 1KG"
    },
    {
        "category": "specials",
        "href": "https://www.woolworths.com.au/shop/productdetails/354574/praise-ranch-dressing-ranch",
        "imgName": "354574.jpg",
        "imgSrc": "https://cdn0.woolworths.media/content/wowproductimages/medium/354574.jpg",
        "name": "Praise Ranch Dressing Ranch 330ml",
        "price": 3,
        "special": 1.75,
        "unitPrice": "$0.53 / 100ML"
    },
    {
        "category": "specials",
        "href": "https://www.woolworths.com.au/shop/productdetails/622353/maybelline-push-up-drama-angel-mascara-very-black",
        "imgName": "622353.jpg",
        "imgSrc": "https://cdn0.woolworths.media/content/wowproductimages/medium/622353.jpg",
        "name": "Maybelline Push Up Drama Angel Mascara Very Black 9.7ml",
        "price": 20,
        "special": 14,
        "unitPrice": "$14.43 / 10ML"
    },
    {
        "category": "specials",
        "href": "https://www.woolworths.com.au/shop/productdetails/434034/heinz-soup-tomato-beans-oregano-basil",
        "imgName": "434034.jpg",
        "imgSrc": "https://cdn0.woolworths.media/content/wowproductimages/medium/434034.jpg",
        "name": "Heinz Soup Tomato Beans Oregano Basil 300g",
        "price": 2,
        "unitPrice": "$0.67 / 100G"
    },
    {
        "category": "specials",
        "href": "https://www.woolworths.com.au/shop/productdetails/646878/buyers-find-great-western-shiraz",
        "imgName": "646878.jpg",
        "imgSrc": "https://cdn0.woolworths.media/content/wowproductimages/medium/646878.jpg",
        "name": "Buyers Find Great Western Shiraz 750ml",
        "price": 16,
        "special": 12
    },
    {
        "category": "specials",
        "href": "https://www.woolworths.com.au/shop/productdetails/761189/cattle-country-meatball-gluten-free",
        "imgName": "761189.jpg",
        "imgSrc": "https://cdn0.woolworths.media/content/wowproductimages/medium/761189.jpg",
        "name": "Cattle Country Meatball Gluten Free 500g",
        "price": 6.99,
        "special": 6.11,
        "unitPrice": "$1.22 / 100G"
    },
    {
        "category": "specials",
        "href": "https://www.woolworths.com.au/shop/productdetails/778224/maybelline-volum-express-mascara-colossal-smokey",
        "imgName": "778224.jpg",
        "imgSrc": "https://cdn0.woolworths.media/content/wowproductimages/medium/778224.jpg",
        "name": "Maybelline Volum' Express Mascara Colossal Smokey 11ml",
        "price": 20,
        "special": 14,
        "unitPrice": "$13.08 / 10ML"
    },
    {
        "category": "specials",
        "href": "https://www.woolworths.com.au/shop/productdetails/708823/gloria-jeans-coffee-beans-smooth-classic-blend",
        "imgName": "708823.jpg",
        "imgSrc": "https://cdn0.woolworths.media/content/wowproductimages/medium/708823.jpg",
        "name": "Gloria Jeans Coffee Beans Smooth Classic Blend 1kg",
        "price": 20,
        "unitPrice": "$2.00 / 100G"
    },
    {
        "category": "specials",
        "href": "https://www.woolworths.com.au/shop/productdetails/622249/maybelline-push-up-drama-angel-mascara-blackest-black",
        "imgName": "622249.jpg",
        "imgSrc": "https://cdn0.woolworths.media/content/wowproductimages/medium/622249.jpg",
        "name": "Maybelline Push Up Drama Angel Mascara Blackest Black 9.8ml",
        "price": 20,
        "special": 14,
        "unitPrice": "$14.29 / 10ML"
    },
    {
        "category": "specials",
        "href": "https://www.woolworths.com.au/shop/productdetails/622557/maybelline-color-sensational-matte-nudes-lipstick-purely-nude",
        "imgName": "622557.jpg",
        "imgSrc": "https://cdn0.woolworths.media/content/wowproductimages/medium/622557.jpg",
        "name": "Maybelline Color Sensational Matte Nudes Lipstick Purely Nude 4.2g",
        "price": 17.95,
        "special": 12.55,
        "unitPrice": "$29.88 / 10G"
    },
    {
        "category": "specials",
        "href": "https://www.woolworths.com.au/shop/productdetails/726226/toni-guy-hair-mask-damage-reconstruction",
        "imgName": "726226.jpg",
        "imgSrc": "https://cdn0.woolworths.media/content/wowproductimages/medium/726226.jpg",
        "name": "Toni & Guy Hair Mask Damage Reconstruction 200ml",
        "price": 16,
        "unitPrice": "$8.00 / 100ML"
    },
    {
        "category": "specials",
        "href": "https://www.woolworths.com.au/shop/productdetails/666834/pantalica-piping-dessert-ricotta-cheese",
        "imgName": "666834.jpg",
        "imgSrc": "https://cdn0.woolworths.media/content/wowproductimages/medium/666834.jpg",
        "name": "Pantalica Piping Dessert Ricotta Cheese 250g",
        "price": 4.5,
        "special": 3.5,
        "unitPrice": "$14.00 / 1KG"
    },
    {
        "category": "specials",
        "href": "https://www.woolworths.com.au/shop/productdetails/715963/true-foods-bread-naan-garlic",
        "imgName": "715963.jpg",
        "imgSrc": "https://cdn0.woolworths.media/content/wowproductimages/medium/715963.jpg",
        "name": "True Foods Bread Naan Garlic 2pk 250g",
        "price": 3,
        "unitPrice": "$1.20 / 100G"
    },
    {
        "category": "specials",
        "href": "https://www.woolworths.com.au/shop/productdetails/757326/bed-head-shampoo-resurrection",
        "imgName": "757326.jpg",
        "imgSrc": "https://cdn0.woolworths.media/content/wowproductimages/medium/757326.jpg",
        "name": "Bed Head Shampoo Resurrection 250ml",
        "price": 19,
        "unitPrice": "$7.60 / 100ML"
    },
    {
        "category": "specials",
        "href": "https://www.woolworths.com.au/shop/productdetails/940170/nature-s-own-focus-support",
        "imgName": "940170.jpg",
        "imgSrc": "https://cdn0.woolworths.media/content/wowproductimages/medium/940170.jpg",
        "name": "Nature's Own Focus & Support  40ea",
        "price": 16,
        "unitPrice": "$40.00 / 100EA"
    },
    {
        "category": "specials",
        "href": "https://www.woolworths.com.au/shop/productdetails/826732/doritos-share-pack-original",
        "imgName": "826732.jpg",
        "imgSrc": "https://cdn0.woolworths.media/content/wowproductimages/medium/826732.jpg",
        "name": "Doritos Share Pack Original 170g",
        "price": 3.29,
        "special": 2.5,
        "unitPrice": "$1.47 / 100G"
    },
    {
        "category": "specials",
        "href": "https://www.woolworths.com.au/shop/productdetails/795867/dairylea-cream-cheese-spread-cheddar",
        "imgName": "795867.jpg",
        "imgSrc": "https://cdn0.woolworths.media/content/wowproductimages/medium/795867.jpg",
        "name": "Dairylea Cream Cheese Spread Cheddar 500g",
        "price": 6.5,
        "unitPrice": "$13.00 / 1KG"
    },
    {
        "category": "specials",
        "href": "https://www.woolworths.com.au/shop/productdetails/781402/red-rock-deli-share-pack-sea-salt-balsamic-vinegar",
        "imgName": "781402.jpg",
        "imgSrc": "https://cdn0.woolworths.media/content/wowproductimages/medium/781402.jpg",
        "name": "Red Rock Deli Share Pack Sea Salt & Balsamic Vinegar 165g",
        "price": 4.49,
        "special": 3,
        "unitPrice": "$1.82 / 100G"
    },
    {
        "category": "specials",
        "href": "https://www.woolworths.com.au/shop/productdetails/888464/twinings-pure-chamomile-tea-bags",
        "imgName": "888464.jpg",
        "imgSrc": "https://cdn0.woolworths.media/content/wowproductimages/medium/888464.jpg",
        "name": "Twinings Pure Chamomile Tea Bags 80pk",
        "price": 11,
        "special": 7,
        "unitPrice": "$0.09 / 1EA"
    },
    {
        "category": "specials",
        "href": "https://www.woolworths.com.au/shop/productdetails/940136/cenovis-liver-support",
        "imgName": "940136.jpg",
        "imgSrc": "https://cdn0.woolworths.media/content/wowproductimages/medium/940136.jpg",
        "name": "Cenovis Liver Support  75pk",
        "price": 13,
        "unitPrice": "$17.33 / 100EA"
    },
    {
        "category": "specials",
        "href": "https://www.woolworths.com.au/shop/productdetails/800768/tigi-bed-head-recovery-shampoo",
        "imgName": "800768.jpg",
        "imgSrc": "https://cdn0.woolworths.media/content/wowproductimages/medium/800768.jpg",
        "name": "Tigi Bed Head Recovery Shampoo  250ml",
        "price": 19,
        "unitPrice": "$7.60 / 100ML"
    },
    {
        "category": "specials",
        "href": "https://www.woolworths.com.au/shop/productdetails/755868/thursday-plantation-oil-lavender",
        "imgName": "755868.jpg",
        "imgSrc": "https://cdn0.woolworths.media/content/wowproductimages/medium/755868.jpg",
        "name": "Thursday Plantation Oil Lavender 50ml",
        "price": 17,
        "special": 15,
        "unitPrice": "$30.00 / 100ML"
    },
    {
        "category": "specials",
        "href": "https://www.woolworths.com.au/shop/productdetails/723988/libra-girl-good-night-pads-with-wings",
        "imgName": "723988.jpg",
        "imgSrc": "https://cdn0.woolworths.media/content/wowproductimages/medium/723988.jpg",
        "name": "Libra Girl Good Night Pads With Wings 10pk",
        "price": 4.65,
        "unitPrice": "$0.47 / 1EA"
    },
    {
        "category": "specials",
        "href": "https://www.woolworths.com.au/shop/productdetails/797883/applaws-cat-food-tuna-prawn",
        "imgName": "797883.jpg",
        "imgSrc": "https://cdn0.woolworths.media/content/wowproductimages/medium/797883.jpg",
        "name": "Applaws Cat Food Tuna & Prawn 70g",
        "price": 1.85,
        "special": 1.5,
        "unitPrice": "$2.14 / 100G"
    },
    {
        "category": "specials",
        "href": "https://www.woolworths.com.au/shop/productdetails/829413/finish-powerball-quantum-tablets-lemon-sparkle",
        "imgName": "829413.jpg",
        "imgSrc": "https://cdn0.woolworths.media/content/wowproductimages/medium/829413.jpg",
        "name": "Finish Powerball Quantum Tablets Lemon  Sparkle 60pk",
        "price": 26,
        "unitPrice": "$0.43 / 1EA"
    },
    {
        "category": "specials",
        "href": "https://www.woolworths.com.au/shop/productdetails/909176/fiji-still-water",
        "imgName": "909176.jpg",
        "imgSrc": "https://cdn0.woolworths.media/content/wowproductimages/medium/909176.jpg",
        "name": "Fiji Still Water 1l",
        "price": 2.7,
        "special": 2.15,
        "unitPrice": "$2.15 / 1L"
    },
    {
        "category": "specials",
        "href": "https://www.woolworths.com.au/shop/productdetails/772014/garnier-bb-cream-anti-age-medium",
        "imgName": "772014.jpg",
        "imgSrc": "https://cdn0.woolworths.media/content/wowproductimages/medium/772014.jpg",
        "name": "Garnier Bb Cream Anti Age Medium 50ml",
        "price": 14.99,
        "special": 10.49,
        "unitPrice": "$20.98 / 100ML"
    },
    {
        "category": "specials",
        "href": "https://www.woolworths.com.au/shop/productdetails/778210/maybelline-fit-me-foundation-classic-ivory",
        "imgName": "778210.jpg",
        "imgSrc": "https://cdn0.woolworths.media/content/wowproductimages/medium/778210.jpg",
        "name": "Maybelline Fit Me Foundation Classic Ivory 9g",
        "price": 15.95,
        "special": 11.15,
        "unitPrice": "$12.39 / 10G"
    },
    {
        "category": "specials",
        "href": "https://www.woolworths.com.au/shop/productdetails/935903/skyn-maximum-performance-lubricant",
        "imgName": "935903.jpg",
        "imgSrc": "https://cdn0.woolworths.media/content/wowproductimages/medium/935903.jpg",
        "name": "Skyn Maximum Performance Lubricant 80ml",
        "price": 10,
        "special": 8.9,
        "unitPrice": "$11.13 / 100ML"
    },
    {
        "category": "specials",
        "href": "https://www.woolworths.com.au/shop/productdetails/583308/fairy-dishwashing-tablets-platinum-lemon",
        "imgName": "583308.jpg",
        "imgSrc": "https://cdn0.woolworths.media/content/wowproductimages/medium/583308.jpg",
        "name": "Fairy Dishwashing Tablets Platinum Lemon 55pk",
        "price": 27,
        "unitPrice": "$0.49 / 1EA"
    },
    {
        "category": "specials",
        "href": "https://www.woolworths.com.au/shop/productdetails/38121/coca-cola-bottle",
        "imgName": "038121.jpg",
        "imgSrc": "https://cdn0.woolworths.media/content/wowproductimages/medium/038121.jpg",
        "name": "Coca-cola Bottle  2l",
        "price": 2.85,
        "unitPrice": "$1.43 / 1L"
    },
    {
        "category": "specials",
        "href": "https://www.woolworths.com.au/shop/productdetails/575029/fairy-dish-tablets-all-in-one-lemon",
        "imgName": "575029.jpg",
        "imgSrc": "https://cdn0.woolworths.media/content/wowproductimages/medium/575029.jpg",
        "name": "Fairy Dish Tablets All In One Lemon 44pk",
        "price": 19,
        "unitPrice": "$0.43 / 1EA"
    },
    {
        "category": "specials",
        "href": "https://www.woolworths.com.au/shop/productdetails/106246/nobbys-nuts-cashews-salted",
        "imgName": "106246.jpg",
        "imgSrc": "https://cdn0.woolworths.media/content/wowproductimages/medium/106246.jpg",
        "name": "Nobbys Nuts Cashews Salted 300g",
        "price": 9.15,
        "special": 8,
        "unitPrice": "$26.67 / 1KG"
    },
    {
        "category": "specials",
        "href": "https://www.woolworths.com.au/shop/productdetails/185815/greenseas-tuna-sundried-tomato-onion",
        "imgName": "185815.jpg",
        "imgSrc": "https://cdn0.woolworths.media/content/wowproductimages/medium/185815.jpg",
        "name": "Greenseas Tuna Sundried Tomato & Onion 95g",
        "price": 2,
        "special": 1,
        "unitPrice": "$10.53 / 1KG"
    },
    {
        "category": "specials",
        "href": "https://www.woolworths.com.au/shop/productdetails/34442/fountain-spicy-red-sauce",
        "imgName": "034442.jpg",
        "imgSrc": "https://cdn0.woolworths.media/content/wowproductimages/medium/034442.jpg",
        "name": "Fountain Spicy Red Sauce 250ml",
        "price": 2.7,
        "special": 2.2,
        "unitPrice": "$0.88 / 100ML"
    },
    {
        "category": "specials",
        "href": "https://www.woolworths.com.au/shop/productdetails/725006/johnson-s-body-wash-extra-rich",
        "imgName": "725006.jpg",
        "imgSrc": "https://cdn0.woolworths.media/content/wowproductimages/medium/725006.jpg",
        "name": "Johnson's Body Wash Extra Rich 1l",
        "price": 8.5,
        "unitPrice": "$0.85 / 100ML"
    },
    {
        "category": "specials",
        "href": "https://www.woolworths.com.au/shop/productdetails/781536/connoisseur-ice-cream-cookies-cream",
        "imgName": "781536.jpg",
        "imgSrc": "https://cdn0.woolworths.media/content/wowproductimages/medium/781536.jpg",
        "name": "Connoisseur Ice Cream Cookies & Cream 4pk 455ml",
        "price": 8.4,
        "special": 6,
        "unitPrice": "$1.32 / 100ML"
    },
    {
        "category": "specials",
        "href": "https://www.woolworths.com.au/shop/productdetails/94563/equal-sweetener-sachets",
        "imgName": "094563.jpg",
        "imgSrc": "https://cdn0.woolworths.media/content/wowproductimages/medium/094563.jpg",
        "name": "Equal Sweetener Sachets 50pk",
        "price": 3.7,
        "special": 2.9,
        "unitPrice": "$5.80 / 100G"
    },
    {
        "category": "specials",
        "href": "https://www.woolworths.com.au/shop/productdetails/21075/home-essentials-utensil-pastry-brush",
        "imgName": "021075.jpg",
        "imgSrc": "https://cdn0.woolworths.media/content/wowproductimages/medium/021075.jpg",
        "name": "Home Essentials Utensil Pastry Brush each",
        "price": 3
    },
    {
        "category": "specials",
        "href": "https://www.woolworths.com.au/shop/productdetails/24460/bonds-womens-underwear-cottontails-size-18",
        "imgName": "024460.jpg",
        "imgSrc": "https://cdn0.woolworths.media/content/wowproductimages/medium/024460.jpg",
        "name": "Bonds Womens Underwear Cottontails Size 18 2pk",
        "price": 13,
        "special": 6.5
    },
    {
        "category": "specials",
        "href": "https://www.woolworths.com.au/shop/productdetails/33250/john-west-oysters-smoked-in-bbq-sauce",
        "imgName": "033250.jpg",
        "imgSrc": "https://cdn0.woolworths.media/content/wowproductimages/medium/033250.jpg",
        "name": "John West Oysters Smoked In Bbq Sauce 85g",
        "price": 2.75,
        "special": 2,
        "unitPrice": "$23.53 / 1KG"
    },
    {
        "category": "specials",
        "href": "https://www.woolworths.com.au/shop/productdetails/36369/uncle-tobys-vita-brits",
        "imgName": "036369.jpg",
        "imgSrc": "https://cdn0.woolworths.media/content/wowproductimages/medium/036369.jpg",
        "name": "Uncle Tobys Vita Brits  1kg",
        "price": 4.59,
        "special": 3,
        "unitPrice": "$0.30 / 100G"
    },
    {
        "category": "specials",
        "href": "https://www.woolworths.com.au/shop/productdetails/1500/pedigree-puppy-food-chicken-rice",
        "imgName": "001500.jpg",
        "imgSrc": "https://cdn0.woolworths.media/content/wowproductimages/medium/001500.jpg",
        "name": "Pedigree Puppy Food Chicken & Rice 2.5kg",
        "price": 8.5,
        "unitPrice": "$0.34 / 100G"
    },
    {
        "category": "specials",
        "href": "https://www.woolworths.com.au/shop/productdetails/9801/revlon-colour-silk-hair-colour-4-8-burgundy",
        "imgName": "009801.jpg",
        "imgSrc": "https://cdn0.woolworths.media/content/wowproductimages/medium/009801.jpg",
        "name": "Revlon Colour Silk Hair Colour 4.8 Burgundy each",
        "price": 9,
        "special": 7
    },
    {
        "category": "specials",
        "href": "https://www.woolworths.com.au/shop/productdetails/46216/palmolive-naturals-active-nourishment-conditioner",
        "imgName": "046216.jpg",
        "imgSrc": "https://cdn0.woolworths.media/content/wowproductimages/medium/046216.jpg",
        "name": "Palmolive Naturals Active Nourishment Conditioner 700ml",
        "price": 7,
        "unitPrice": "$1.00 / 100ML"
    },
    {
        "category": "specials",
        "href": "https://www.woolworths.com.au/shop/productdetails/82194/cenovis-cold-immunity-echinacea-garlic-zinc-c",
        "imgName": "082194.jpg",
        "imgSrc": "https://cdn0.woolworths.media/content/wowproductimages/medium/082194.jpg",
        "name": "Cenovis Cold & Immunity Echinacea, Garlic, Zinc & C 60pk",
        "price": 14,
        "unitPrice": "$23.33 / 100EA"
    },
    {
        "category": "specials",
        "href": "https://www.woolworths.com.au/shop/productdetails/89972/arnott-s-tim-tam-classic-dark",
        "imgName": "089972.jpg",
        "imgSrc": "https://cdn0.woolworths.media/content/wowproductimages/medium/089972.jpg",
        "name": "Arnott's Tim Tam Classic Dark 200g",
        "price": 3.65,
        "special": 2.5,
        "unitPrice": "$1.25 / 100G"
    },
    {
        "category": "specials",
        "href": "https://www.woolworths.com.au/shop/productdetails/93487/veet-hair-removal-cream-sensitive",
        "imgName": "093487.jpg",
        "imgSrc": "https://cdn0.woolworths.media/content/wowproductimages/medium/093487.jpg",
        "name": "Veet Hair Removal Cream Sensitive 100g",
        "price": 7,
        "unitPrice": "$7.00 / 100G"
    },
    {
        "category": "specials",
        "href": "https://www.woolworths.com.au/shop/productdetails/46271/head-shoulders-smooth-silky-anti-dandruff-shampoo",
        "imgName": "046271.jpg",
        "imgSrc": "https://cdn0.woolworths.media/content/wowproductimages/medium/046271.jpg",
        "name": "Head & Shoulders Smooth & Silky Anti-dandruff Shampoo 620ml",
        "price": 16,
        "special": 11,
        "unitPrice": "$1.77 / 100ML"
    },
    {
        "category": "specials",
        "href": "https://www.woolworths.com.au/shop/productdetails/183671/symphony-facial-tissues-white-228ss",
        "imgName": "183671.jpg",
        "imgSrc": "https://cdn0.woolworths.media/content/wowproductimages/medium/183671.jpg",
        "name": "Symphony Facial Tissues White 228ss 3pk",
        "price": 4,
        "unitPrice": "$0.58 / 100SS"
    },
    {
        "category": "specials",
        "href": "https://www.woolworths.com.au/shop/productdetails/117843/cenovis-guarana-2000mg-ginseng-500mg",
        "imgName": "117843.jpg",
        "imgSrc": "https://cdn0.woolworths.media/content/wowproductimages/medium/117843.jpg",
        "name": "Cenovis Guarana 2000mg & Ginseng 500mg  60pk",
        "price": 13,
        "unitPrice": "$21.67 / 100EA"
    },
    {
        "category": "specials",
        "href": "https://www.woolworths.com.au/shop/productdetails/168814/cenovis-mega-c-value-pack-1000mg-orange-flavour-tablets",
        "imgName": "168814.jpg",
        "imgSrc": "https://cdn0.woolworths.media/content/wowproductimages/medium/168814.jpg",
        "name": "Cenovis Mega C Value Pack 1000mg Orange Flavour Tablets 60",
        "price": 8.5,
        "unitPrice": "$14.17 / 100EA"
    },
    {
        "category": "specials",
        "href": "https://www.woolworths.com.au/shop/productdetails/106256/wokka-noodles-hokkien-shelf-fresh",
        "imgName": "106256.jpg",
        "imgSrc": "https://cdn0.woolworths.media/content/wowproductimages/medium/106256.jpg",
        "name": "Wokka Noodles Hokkien Shelf Fresh 440g",
        "price": 2.7,
        "unitPrice": "$0.61 / 100G"
    },
    {
        "category": "specials",
        "href": "https://www.woolworths.com.au/shop/productdetails/198606/maybelline-great-lash-mascara-blackest-black",
        "imgName": "198606.jpg",
        "imgSrc": "https://cdn0.woolworths.media/content/wowproductimages/medium/198606.jpg",
        "name": "Maybelline Great Lash Mascara Blackest Black 12.7ml",
        "price": 12.95,
        "special": 9,
        "unitPrice": "$7.09 / 10ML"
    },
    {
        "category": "specials",
        "href": "https://www.woolworths.com.au/shop/productdetails/213134/homebrand-multipurpose-cleaner-trigger",
        "imgName": "213134.jpg",
        "imgSrc": "https://cdn0.woolworths.media/content/wowproductimages/medium/213134.jpg",
        "name": "Homebrand Multipurpose Cleaner Trigger 750ml",
        "price": 1.69,
        "unitPrice": "$0.23 / 100ML"
    },
    {
        "category": "specials",
        "href": "https://www.woolworths.com.au/shop/productdetails/192366/pureharvest-organic-malt-free-soy-milk",
        "imgName": "192366.jpg",
        "imgSrc": "https://cdn0.woolworths.media/content/wowproductimages/medium/192366.jpg",
        "name": "Pureharvest Organic Malt Free Soy Milk 1l",
        "price": 1.7,
        "unitPrice": "$1.70 / 1L"
    },
    {
        "category": "specials",
        "href": "https://www.woolworths.com.au/shop/productdetails/180048/panadol-rapid-caplets",
        "imgName": "180048.jpg",
        "imgSrc": "https://cdn0.woolworths.media/content/wowproductimages/medium/180048.jpg",
        "name": "Panadol Rapid Caplets 20pk",
        "price": 5.5,
        "special": 4.5,
        "unitPrice": "$0.23 / 1EA"
    },
    {
        "category": "specials",
        "href": "https://www.woolworths.com.au/shop/productdetails/146327/carman-s-natural-bircher-muesli",
        "imgName": "146327.jpg",
        "imgSrc": "https://cdn0.woolworths.media/content/wowproductimages/medium/146327.jpg",
        "name": "Carman's Natural Bircher Muesli 500g",
        "price": 5.7,
        "special": 4,
        "unitPrice": "$0.80 / 100G"
    },
    {
        "category": "specials",
        "href": "https://www.woolworths.com.au/shop/productdetails/187995/laxettes-laxatives-chocolate",
        "imgName": "187995.jpg",
        "imgSrc": "https://cdn0.woolworths.media/content/wowproductimages/medium/187995.jpg",
        "name": "Laxettes Laxatives Chocolate 24pk",
        "price": 4.5,
        "special": 3.6,
        "unitPrice": "$0.15 / 1EA"
    },
    {
        "category": "specials",
        "href": "https://www.woolworths.com.au/shop/productdetails/226270/saxa-iodised-sea-salt-grinder",
        "imgName": "226270.jpg",
        "imgSrc": "https://cdn0.woolworths.media/content/wowproductimages/medium/226270.jpg",
        "name": "Saxa Iodised Sea Salt Grinder 90g",
        "price": 5,
        "special": 4,
        "unitPrice": "$0.44 / 10G"
    },
    {
        "category": "specials",
        "href": "https://www.woolworths.com.au/shop/productdetails/209236/viva-paper-towel-prints",
        "imgName": "209236.jpg",
        "imgSrc": "https://cdn0.woolworths.media/content/wowproductimages/medium/209236.jpg",
        "name": "Viva Paper Towel Prints 3pk",
        "price": 4,
        "unitPrice": "$2.22 / 100SS"
    },
    {
        "category": "specials",
        "href": "https://www.woolworths.com.au/shop/productdetails/185189/pyrex-cookware-rectangle-bowl-with-lid-6-cup",
        "imgName": "185189.jpg",
        "imgSrc": "https://cdn0.woolworths.media/content/wowproductimages/medium/185189.jpg",
        "name": "Pyrex Cookware Rectangle Bowl With Lid 6 Cup each",
        "price": 17,
        "special": 11.9
    },
    {
        "category": "specials",
        "href": "https://www.woolworths.com.au/shop/productdetails/213265/deeko-serviettes-lunch-prints-2ply",
        "imgName": "213265.jpg",
        "imgSrc": "https://cdn0.woolworths.media/content/wowproductimages/medium/213265.jpg",
        "name": "Deeko Serviettes Lunch Prints 2ply 25pk",
        "price": 4.79,
        "special": 3.83,
        "unitPrice": "$0.15 / 1EA"
    },
    {
        "category": "specials",
        "href": "https://www.woolworths.com.au/shop/productdetails/253958/colgate-cavity-protection-toothpaste-blue-minty-gel",
        "imgName": "253958.jpg",
        "imgSrc": "https://cdn0.woolworths.media/content/wowproductimages/medium/253958.jpg",
        "name": "Colgate Cavity Protection Toothpaste Blue Minty Gel 160g",
        "price": 2.99,
        "unitPrice": "$1.87 / 100G"
    },
    {
        "category": "specials",
        "href": "https://www.woolworths.com.au/shop/productdetails/253621/bonds-kids-socks-lowcut-logo-9-12",
        "imgName": "253621.jpg",
        "imgSrc": "https://cdn0.woolworths.media/content/wowproductimages/medium/253621.jpg",
        "name": "Bonds Kids Socks Lowcut Logo 9 - 12 3pk",
        "price": 14,
        "special": 7,
        "unitPrice": "$2.33 / 1EA"
    },
    {
        "category": "specials",
        "href": "https://www.woolworths.com.au/shop/productdetails/263289/lavazza-ground-coffee-caffe-espresso",
        "imgName": "263289.jpg",
        "imgSrc": "https://cdn0.woolworths.media/content/wowproductimages/medium/263289.jpg",
        "name": "Lavazza Ground Coffee Caffe Espresso 200g",
        "price": 7.5,
        "unitPrice": "$3.75 / 100G"
    },
    {
        "category": "specials",
        "href": "https://www.woolworths.com.au/shop/productdetails/246914/bonds-womens-underwear-bikini-hipster-size-12",
        "imgName": "246914.jpg",
        "imgSrc": "https://cdn0.woolworths.media/content/wowproductimages/medium/246914.jpg",
        "name": "Bonds Womens Underwear Bikini Hipster Size 12 2pk",
        "price": 18,
        "special": 9
    },
    {
        "category": "specials",
        "href": "https://www.woolworths.com.au/shop/productdetails/231582/wrigley-s-eclipse-ice-sugarfree-gum-spearmint",
        "imgName": "231582.jpg",
        "imgSrc": "https://cdn0.woolworths.media/content/wowproductimages/medium/231582.jpg",
        "name": "Wrigley's Eclipse Ice Sugarfree Gum Spearmint 4pk 56g",
        "price": 3.5,
        "special": 3,
        "unitPrice": "$5.36 / 100G"
    },
    {
        "category": "specials",
        "href": "https://www.woolworths.com.au/shop/productdetails/244979/coca-cola-zero",
        "imgName": "244979.jpg",
        "imgSrc": "https://cdn0.woolworths.media/content/wowproductimages/medium/244979.jpg",
        "name": "Coca Cola Zero  2l",
        "price": 2.85,
        "unitPrice": "$1.43 / 1L"
    },
    {
        "category": "specials",
        "href": "https://www.woolworths.com.au/shop/productdetails/248353/always-fresh-grissini-crispbread-sesame-and-sea-salt",
        "imgName": "248353.jpg",
        "imgSrc": "https://cdn0.woolworths.media/content/wowproductimages/medium/248353.jpg",
        "name": "Always Fresh Grissini Crispbread Sesame And Sea Salt 125g",
        "price": 3.45,
        "special": 2.5,
        "unitPrice": "$2.00 / 100G"
    },
    {
        "category": "specials",
        "href": "https://www.woolworths.com.au/shop/productdetails/297798/yoplait-forme-zero-tropical-paradise-yoghurt",
        "imgName": "297798.jpg",
        "imgSrc": "https://cdn0.woolworths.media/content/wowproductimages/medium/297798.jpg",
        "name": "Yoplait Forme Zero Tropical Paradise Yoghurt 6x175g",
        "price": 5,
        "unitPrice": "$0.48 / 100G"
    },
    {
        "category": "specials",
        "href": "https://www.woolworths.com.au/shop/productdetails/330824/peters-drumstick-chocolate-mint",
        "imgName": "330824.jpg",
        "imgSrc": "https://cdn0.woolworths.media/content/wowproductimages/medium/330824.jpg",
        "name": "Peters Drumstick Chocolate Mint  4pk 476ml",
        "price": 8,
        "special": 5,
        "unitPrice": "$1.05 / 100ML"
    },
    {
        "category": "specials",
        "href": "https://www.woolworths.com.au/shop/productdetails/379446/south-island-pinot-noir",
        "imgName": "379446.jpg",
        "imgSrc": "https://cdn0.woolworths.media/content/wowproductimages/medium/379446.jpg",
        "name": "South Island Pinot Noir  750ml",
        "price": 22,
        "special": 18
    },
    {
        "category": "specials",
        "href": "https://www.woolworths.com.au/shop/productdetails/380104/prize-medal-oatmeal-soap-bar",
        "imgName": "380104.jpg",
        "imgSrc": "https://cdn0.woolworths.media/content/wowproductimages/medium/380104.jpg",
        "name": "Prize Medal Oatmeal Soap Bar  5x90g",
        "price": 3.4,
        "special": 3,
        "unitPrice": "$0.67 / 100G"
    },
    {
        "category": "specials",
        "href": "https://www.woolworths.com.au/shop/productdetails/284455/vittoria-coffee-mountain-ground-coffee-beans",
        "imgName": "284455.jpg",
        "imgSrc": "https://cdn0.woolworths.media/content/wowproductimages/medium/284455.jpg",
        "name": "Vittoria Coffee Mountain Ground Coffee Beans 1kg",
        "price": 36.5,
        "special": 20,
        "unitPrice": "$2.00 / 100G"
    },
    {
        "category": "specials",
        "href": "https://www.woolworths.com.au/shop/productdetails/328741/dove-women-clinical-protection-antiperspirant-fresh-touch",
        "imgName": "328741.jpg",
        "imgSrc": "https://cdn0.woolworths.media/content/wowproductimages/medium/328741.jpg",
        "name": "Dove Women Clinical Protection Antiperspirant Fresh Touch 45ml",
        "price": 15,
        "special": 10,
        "unitPrice": "$22.22 / 100ML"
    },
    {
        "category": "specials",
        "href": "https://www.woolworths.com.au/shop/productdetails/477652/maybelline-master-contour-light-to-medium",
        "imgName": "477652.jpg",
        "imgSrc": "https://cdn0.woolworths.media/content/wowproductimages/medium/477652.jpg",
        "name": "Maybelline Master Contour Light To Medium 367",
        "price": 19.95,
        "special": 13.95,
        "unitPrice": "$13.95 / 10G"
    },
    {
        "category": "specials",
        "href": "https://www.woolworths.com.au/shop/productdetails/433276/soften-fabric-softener-lavender-hill",
        "imgName": "433276.jpg",
        "imgSrc": "https://cdn0.woolworths.media/content/wowproductimages/medium/433276.jpg",
        "name": "Soften Fabric Softener Lavender Hill 2l",
        "price": 2.99,
        "unitPrice": "$1.50 / 1L"
    },
    {
        "category": "specials",
        "href": "https://www.woolworths.com.au/shop/productdetails/425219/olsent-light-globe-led-gls-bc-52-470lum",
        "imgName": "425219.jpg",
        "imgSrc": "https://cdn0.woolworths.media/content/wowproductimages/medium/425219.jpg",
        "name": "Olsent Light Globe Led Gls Bc 52 470lum 2pk",
        "price": 10,
        "unitPrice": "$5.00 / 1EA"
    },
    {
        "category": "specials",
        "href": "https://www.woolworths.com.au/shop/productdetails/363545/glad-bake-cooking-paper",
        "imgName": "363545.jpg",
        "imgSrc": "https://cdn0.woolworths.media/content/wowproductimages/medium/363545.jpg",
        "name": "Glad Bake & Cooking Paper  60m",
        "price": 9,
        "unitPrice": "$0.15 / 1M"
    },
    {
        "category": "specials",
        "href": "https://www.woolworths.com.au/shop/productdetails/367889/maybelline-eye-studio-eye-liner-gel-blackest-black",
        "imgName": "367889.jpg",
        "imgSrc": "https://cdn0.woolworths.media/content/wowproductimages/medium/367889.jpg",
        "name": "Maybelline Eye Studio Eye Liner Gel Blackest Black 3g",
        "price": 16.95,
        "special": 11.85,
        "unitPrice": "$39.50 / 10G"
    },
    {
        "category": "specials",
        "href": "https://www.woolworths.com.au/shop/productdetails/362473/cottee-s-cordial-apple-blackcurrant",
        "imgName": "362473.jpg",
        "imgSrc": "https://cdn0.woolworths.media/content/wowproductimages/medium/362473.jpg",
        "name": "Cottee's Cordial Apple & Blackcurrant 1l",
        "price": 4.2,
        "special": 3.5,
        "unitPrice": "$3.50 / 1L"
    },
    {
        "category": "specials",
        "href": "https://www.woolworths.com.au/shop/productdetails/446456/maggi-apricot-chicken-recipe-base",
        "imgName": "446456.jpg",
        "imgSrc": "https://cdn0.woolworths.media/content/wowproductimages/medium/446456.jpg",
        "name": "Maggi Apricot Chicken Recipe Base 35g",
        "price": 1.75,
        "unitPrice": "$5.00 / 100G"
    },
    {
        "category": "specials",
        "href": "https://www.woolworths.com.au/shop/productdetails/446477/maggi-chicken-chasseur-recipe-base",
        "imgName": "446477.jpg",
        "imgSrc": "https://cdn0.woolworths.media/content/wowproductimages/medium/446477.jpg",
        "name": "Maggi Chicken Chasseur Recipe Base 35g",
        "price": 1.75,
        "unitPrice": "$5.00 / 100G"
    },
    {
        "category": "specials",
        "href": "https://www.woolworths.com.au/shop/productdetails/460246/maltesers-sharepack",
        "imgName": "460246.jpg",
        "imgSrc": "https://cdn0.woolworths.media/content/wowproductimages/medium/460246.jpg",
        "name": "Maltesers Sharepack  250g bag",
        "price": 6.7,
        "special": 5,
        "unitPrice": "$2.00 / 100G"
    },
    {
        "category": "specials",
        "href": "https://www.woolworths.com.au/shop/productdetails/501408/woolworths-snapz-original",
        "imgName": "501408.jpg",
        "imgSrc": "https://cdn0.woolworths.media/content/wowproductimages/medium/501408.jpg",
        "name": "Woolworths Snapz Original  250g",
        "price": 1.5,
        "unitPrice": "$0.60 / 100G"
    },
    {
        "category": "specials",
        "href": "https://www.woolworths.com.au/shop/productdetails/436473/schick-hydro-razor-groomer-kit",
        "imgName": "436473.jpg",
        "imgSrc": "https://cdn0.woolworths.media/content/wowproductimages/medium/436473.jpg",
        "name": "Schick Hydro Razor Groomer Kit each",
        "price": 23,
        "special": 11.5,
        "unitPrice": "$11.50 / 1EA"
    },
    {
        "category": "specials",
        "href": "https://www.woolworths.com.au/shop/productdetails/622366/maybelline-tattoo-brow-gel-tint-dark-brown",
        "imgName": "622366.jpg",
        "imgSrc": "https://cdn0.woolworths.media/content/wowproductimages/medium/622366.jpg",
        "name": "Maybelline Tattoo Brow Gel Tint Dark Brown 5ml",
        "price": 25,
        "special": 17.5,
        "unitPrice": "$35.00 / 10ML"
    },
    {
        "category": "specials",
        "href": "https://www.woolworths.com.au/shop/productdetails/516948/lucky-dog-meaty-chew-mini-roo",
        "imgName": "516948.jpg",
        "imgSrc": "https://cdn0.woolworths.media/content/wowproductimages/medium/516948.jpg",
        "name": "Lucky Dog Meaty Chew Mini Roo 5pk 70g",
        "price": 5.5,
        "special": 4,
        "unitPrice": "$5.71 / 100G"
    },
    {
        "category": "specials",
        "href": "https://www.woolworths.com.au/shop/productdetails/600551/energizer-lightning-1-2m-cable-blue",
        "imgName": "600551.jpg",
        "imgSrc": "https://cdn0.woolworths.media/content/wowproductimages/medium/600551.jpg",
        "name": "Energizer Lightning 1.2m Cable - Blue  each",
        "price": 20,
        "special": 18
    },
    {
        "category": "specials",
        "href": "https://www.woolworths.com.au/shop/productdetails/600567/energizer-hightec-steel-metal-lightning-cable-1-2m",
        "imgName": "600567.jpg",
        "imgSrc": "https://cdn0.woolworths.media/content/wowproductimages/medium/600567.jpg",
        "name": "Energizer Hightec Steel Metal Lightning Cable - 1.2m each",
        "price": 30,
        "special": 27
    },
    {
        "category": "specials",
        "href": "https://www.woolworths.com.au/shop/productdetails/575970/bulldog-original-face-wash",
        "imgName": "575970.jpg",
        "imgSrc": "https://cdn0.woolworths.media/content/wowproductimages/medium/575970.jpg",
        "name": "Bulldog Original Face Wash 150ml",
        "price": 10,
        "special": 7,
        "unitPrice": "$4.67 / 100ML"
    },
    {
        "category": "specials",
        "href": "https://www.woolworths.com.au/shop/productdetails/571965/finish-quantum-ultimate-tablets",
        "imgName": "571965.jpg",
        "imgSrc": "https://cdn0.woolworths.media/content/wowproductimages/medium/571965.jpg",
        "name": "Finish Quantum Ultimate Tablets 64pk",
        "price": 35,
        "unitPrice": "$35.00 / 1EA"
    },
    {
        "category": "specials",
        "href": "https://www.woolworths.com.au/shop/productdetails/583398/quest-bar-oatmeal-chocolate-chip",
        "imgName": "583398.jpg",
        "imgSrc": "https://cdn0.woolworths.media/content/wowproductimages/medium/583398.jpg",
        "name": "Quest Bar Oatmeal & Chocolate Chip  60g",
        "price": 4,
        "special": 3.5,
        "unitPrice": "$5.83 / 100G"
    },
    {
        "category": "specials",
        "href": "https://www.woolworths.com.au/shop/productdetails/659174/bosistos-sensitive-laundry-liquid",
        "imgName": "659174.jpg",
        "imgSrc": "https://cdn0.woolworths.media/content/wowproductimages/medium/659174.jpg",
        "name": "Bosistos Sensitive Laundry Liquid 1l",
        "price": 9.7,
        "special": 7.5,
        "unitPrice": "$7.50 / 1L"
    },
    {
        "category": "specials",
        "href": "https://www.woolworths.com.au/shop/productdetails/558971/mud-gel-nail-colour-rosette",
        "imgName": "558971.jpg",
        "imgSrc": "https://cdn0.woolworths.media/content/wowproductimages/medium/558971.jpg",
        "name": "Mud Gel Nail Colour Rosette 13ml",
        "price": 3,
        "unitPrice": "$2.31 / 10ML"
    },
    {
        "category": "specials",
        "href": "https://www.woolworths.com.au/shop/productdetails/549613/nescafe-coffee-sachets-caramel-latte",
        "imgName": "549613.jpg",
        "imgSrc": "https://cdn0.woolworths.media/content/wowproductimages/medium/549613.jpg",
        "name": "Nescafe Coffee Sachets Caramel Latte 26pk",
        "price": 11.5,
        "unitPrice": "$2.60 / 100G"
    },
    {
        "category": "specials",
        "href": "https://www.woolworths.com.au/shop/productdetails/540343/sard-super-power-stain-remover",
        "imgName": "540343.jpg",
        "imgSrc": "https://cdn0.woolworths.media/content/wowproductimages/medium/540343.jpg",
        "name": "Sard Super Power Stain Remover 1.8kg",
        "price": 9.5,
        "unitPrice": "$5.28 / 1KG"
    },
    {
        "category": "specials",
        "href": "https://www.woolworths.com.au/shop/productdetails/543588/red-rock-deli-dip-peri-peri-lime",
        "imgName": "543588.jpg",
        "imgSrc": "https://cdn0.woolworths.media/content/wowproductimages/medium/543588.jpg",
        "name": "Red Rock Deli Dip Peri Peri & Lime 150g",
        "price": 4.6,
        "special": 4,
        "unitPrice": "$2.67 / 100G"
    },
    {
        "category": "specials",
        "href": "https://www.woolworths.com.au/shop/productdetails/694551/woolworths-select-basmati-rice",
        "imgName": "694551.jpg",
        "imgSrc": "https://cdn0.woolworths.media/content/wowproductimages/medium/694551.jpg",
        "name": "Woolworths Select Basmati Rice  2kg",
        "price": 5.5,
        "unitPrice": "$0.28 / 100G"
    },
    {
        "category": "specials",
        "href": "https://www.woolworths.com.au/shop/productdetails/703453/chris-dips-traditional-hommus",
        "imgName": "703453.jpg",
        "imgSrc": "https://cdn0.woolworths.media/content/wowproductimages/medium/703453.jpg",
        "name": "Chris' Dips Traditional Hommus  200g",
        "price": 3.5,
        "unitPrice": "$1.75 / 100G"
    },
    {
        "category": "specials",
        "href": "https://www.woolworths.com.au/shop/productdetails/732414/woolworths-select-bathroom-cleaner-mould-killer",
        "imgName": "732414.jpg",
        "imgSrc": "https://cdn0.woolworths.media/content/wowproductimages/medium/732414.jpg",
        "name": "Woolworths Select Bathroom Cleaner Mould Killer 500ml",
        "price": 2.95,
        "unitPrice": "$0.59 / 100ML"
    },
    {
        "category": "specials",
        "href": "https://www.woolworths.com.au/shop/productdetails/741022/liddells-block-lactose-free",
        "imgName": "741022.jpg",
        "imgSrc": "https://cdn0.woolworths.media/content/wowproductimages/medium/741022.jpg",
        "name": "Liddells Block Lactose Free 250g",
        "price": 5.25,
        "special": 4.5,
        "unitPrice": "$18.00 / 1KG"
    },
    {
        "category": "specials",
        "href": "https://www.woolworths.com.au/shop/productdetails/690361/macro-organic-fairtrade-coffee-beans-medium",
        "imgName": "690361.jpg",
        "imgSrc": "https://cdn0.woolworths.media/content/wowproductimages/medium/690361.jpg",
        "name": "Macro Organic Fairtrade Coffee Beans Medium 200g",
        "price": 6,
        "unitPrice": "$3.00 / 100G"
    },
    {
        "category": "specials",
        "href": "https://www.woolworths.com.au/shop/productdetails/721255/farex-breakfast-on-the-go-6-months-creamy-baby-porridge-w-apple",
        "imgName": "721255.jpg",
        "imgSrc": "https://cdn0.woolworths.media/content/wowproductimages/medium/721255.jpg",
        "name": "Farex Breakfast On The Go 6 Months Creamy Baby Porridge W/ Apple 120g",
        "price": 1.5,
        "unitPrice": "$1.25 / 100G"
    },
    {
        "category": "specials",
        "href": "https://www.woolworths.com.au/shop/productdetails/721293/l-oreal-preference-p67-scarlet-intense-red",
        "imgName": "721293.jpg",
        "imgSrc": "https://cdn0.woolworths.media/content/wowproductimages/medium/721293.jpg",
        "name": "L'oreal Preference P67 Scarlet Intense Red 1pk",
        "price": 19,
        "special": 13
    },
    {
        "category": "specials",
        "href": "https://www.woolworths.com.au/shop/productdetails/726124/aunt-betty-s-sticky-date-steamy-puds",
        "imgName": "726124.jpg",
        "imgSrc": "https://cdn0.woolworths.media/content/wowproductimages/medium/726124.jpg",
        "name": "Aunt Betty's Sticky Date Steamy Puds 2x95g",
        "price": 4,
        "special": 3,
        "unitPrice": "$1.58 / 100G"
    },
    {
        "category": "specials",
        "href": "https://www.woolworths.com.au/shop/productdetails/712644/ajax-spray-n-wipe-multi-purpose-antibacterial-sparkling-fresh-wipes",
        "imgName": "712644.jpg",
        "imgSrc": "https://cdn0.woolworths.media/content/wowproductimages/medium/712644.jpg",
        "name": "Ajax Spray N Wipe Multi-purpose Antibacterial Sparkling Fresh Wipes 40pk",
        "price": 4,
        "special": 3,
        "unitPrice": "$0.08 / 1EA"
    },
    {
        "category": "specials",
        "href": "https://www.woolworths.com.au/shop/productdetails/714192/strike-carpet-cleaner",
        "imgName": "714192.jpg",
        "imgSrc": "https://cdn0.woolworths.media/content/wowproductimages/medium/714192.jpg",
        "name": "Strike Carpet Cleaner  500ml",
        "price": 2.5,
        "unitPrice": "$0.50 / 100ML"
    },
    {
        "category": "specials",
        "href": "https://www.woolworths.com.au/shop/productdetails/715129/woolworths-select-razor-triglide-disposable",
        "imgName": "715129.jpg",
        "imgSrc": "https://cdn0.woolworths.media/content/wowproductimages/medium/715129.jpg",
        "name": "Woolworths Select Razor Triglide Disposable 8pk",
        "price": 4.49,
        "unitPrice": "$0.56 / 1EA"
    },
    {
        "category": "specials",
        "href": "https://www.woolworths.com.au/shop/productdetails/724069/tom-organic-pads-regular-ultra-thin",
        "imgName": "724069.jpg",
        "imgSrc": "https://cdn0.woolworths.media/content/wowproductimages/medium/724069.jpg",
        "name": "Tom Organic Pads Regular Ultra Thin 10pk",
        "price": 6,
        "unitPrice": "$0.60 / 1EA"
    },
    {
        "category": "specials",
        "href": "https://www.woolworths.com.au/shop/productdetails/720363/elastoplast-fabric-strips-waterproof",
        "imgName": "720363.jpg",
        "imgSrc": "https://cdn0.woolworths.media/content/wowproductimages/medium/720363.jpg",
        "name": "Elastoplast Fabric Strips Waterproof 16pk",
        "price": 4.29,
        "special": 3.75,
        "unitPrice": "$0.23 / 1EA"
    },
    {
        "category": "specials",
        "href": "https://www.woolworths.com.au/shop/productdetails/711761/abe-s-bagel-bakery-caramelised-onion-balsamic-vinegar-bagel-crisps",
        "imgName": "711761.jpg",
        "imgSrc": "https://cdn0.woolworths.media/content/wowproductimages/medium/711761.jpg",
        "name": "Abe's Bagel Bakery Caramelised Onion & Balsamic Vinegar Bagel Crisps 150g",
        "price": 3.2,
        "special": 2,
        "unitPrice": "$1.33 / 100G"
    },
    {
        "category": "specials",
        "href": "https://www.woolworths.com.au/shop/productdetails/750884/woolworths-select-floor-carpet-foam",
        "imgName": "750884.jpg",
        "imgSrc": "https://cdn0.woolworths.media/content/wowproductimages/medium/750884.jpg",
        "name": "Woolworths Select Floor Carpet   Foam 500g",
        "price": 3.99,
        "unitPrice": "$0.80 / 100G"
    },
    {
        "category": "specials",
        "href": "https://www.woolworths.com.au/shop/productdetails/694856/woolworths-frozen-meal-thai-green-curry-rice",
        "imgName": "694856.jpg",
        "imgSrc": "https://cdn0.woolworths.media/content/wowproductimages/medium/694856.jpg",
        "name": "Woolworths Frozen Meal Thai Green Curry & Rice 375g",
        "price": 3,
        "unitPrice": "$0.80 / 100G"
    },
    {
        "category": "specials",
        "href": "https://www.woolworths.com.au/shop/productdetails/703670/pyrex-cookware-easygrab-covered-casserole",
        "imgName": "703670.jpg",
        "imgSrc": "https://cdn0.woolworths.media/content/wowproductimages/medium/703670.jpg",
        "name": "Pyrex Cookware Easygrab Covered Casserole 1.9l",
        "price": 22,
        "special": 15.4
    },
    {
        "category": "specials",
        "href": "https://www.woolworths.com.au/shop/productdetails/760873/batiste-medium-brunette-dry-shampoo",
        "imgName": "760873.jpg",
        "imgSrc": "https://cdn0.woolworths.media/content/wowproductimages/medium/760873.jpg",
        "name": "Batiste Medium & Brunette Dry Shampoo 200ml",
        "price": 13,
        "special": 9,
        "unitPrice": "$4.50 / 100ML"
    },
    {
        "category": "specials",
        "href": "https://www.woolworths.com.au/shop/productdetails/751076/streets-paddle-pop-vanilla",
        "imgName": "751076.jpg",
        "imgSrc": "https://cdn0.woolworths.media/content/wowproductimages/medium/751076.jpg",
        "name": "Streets Paddle Pop Vanilla 10pk",
        "price": 7,
        "special": 4,
        "unitPrice": "$0.59 / 100ML"
    },
    {
        "category": "specials",
        "href": "https://www.woolworths.com.au/shop/productdetails/754992/nivea-for-men-body-wash-senstitive",
        "imgName": "754992.jpg",
        "imgSrc": "https://cdn0.woolworths.media/content/wowproductimages/medium/754992.jpg",
        "name": "Nivea For Men Body Wash Senstitive 500 ml",
        "price": 6,
        "unitPrice": "$1.20 / 100ML"
    },
    {
        "category": "specials",
        "href": "https://www.woolworths.com.au/shop/productdetails/779510/nivea-men-shower-gel-refresh",
        "imgName": "779510.jpg",
        "imgSrc": "https://cdn0.woolworths.media/content/wowproductimages/medium/779510.jpg",
        "name": "Nivea Men Shower Gel Refresh 500ml",
        "price": 6,
        "unitPrice": "$1.20 / 100ML"
    },
    {
        "category": "specials",
        "href": "https://www.woolworths.com.au/shop/productdetails/755032/tampax-pearl-tampons-super",
        "imgName": "755032.jpg",
        "imgSrc": "https://cdn0.woolworths.media/content/wowproductimages/medium/755032.jpg",
        "name": "Tampax Pearl Tampons Super 18pk",
        "price": 7.7,
        "unitPrice": "$0.43 / 1EA"
    },
    {
        "category": "specials",
        "href": "https://www.woolworths.com.au/shop/productdetails/768914/bonds-explorer-socks-mens-sport-lowcut-6-10",
        "imgName": "768914.jpg",
        "imgSrc": "https://cdn0.woolworths.media/content/wowproductimages/medium/768914.jpg",
        "name": "Bonds Explorer Socks Mens Sport Lowcut 6-10 each",
        "price": 9,
        "special": 4.5,
        "unitPrice": "$4.50 / 1EA"
    },
    {
        "category": "specials",
        "href": "https://www.woolworths.com.au/shop/productdetails/739843/artline-marker-fineliner-200",
        "imgName": "739843.jpg",
        "imgSrc": "https://cdn0.woolworths.media/content/wowproductimages/medium/739843.jpg",
        "name": "Artline Marker Fineliner 200 each",
        "price": 3,
        "special": 2.1
    },
    {
        "category": "specials",
        "href": "https://www.woolworths.com.au/shop/productdetails/782474/inspire-bakeware-cooling-rack",
        "imgName": "782474.jpg",
        "imgSrc": "https://cdn0.woolworths.media/content/wowproductimages/medium/782474.jpg",
        "name": "Inspire Bakeware Cooling Rack 44cm ea",
        "price": 6,
        "special": 4.2
    },
    {
        "category": "specials",
        "href": "https://www.woolworths.com.au/shop/productdetails/750024/cockburns-special-port-reserve",
        "imgName": "750024.jpg",
        "imgSrc": "https://cdn0.woolworths.media/content/wowproductimages/medium/750024.jpg",
        "name": "Cockburns Special Port Reserve 375ml",
        "price": 17,
        "special": 12
    },
    {
        "category": "specials",
        "href": "https://www.woolworths.com.au/shop/productdetails/785297/bic-kids-circus-pencils-pencil-circus",
        "imgName": "785297.jpg",
        "imgSrc": "https://cdn0.woolworths.media/content/wowproductimages/medium/785297.jpg",
        "name": "Bic Kids Circus Pencils Pencil Circus 12pk",
        "price": 4.5,
        "special": 2.9
    },
    {
        "category": "specials",
        "href": "https://www.woolworths.com.au/shop/productdetails/765494/olsent-spiral-cfl-warm-white-es-20w",
        "imgName": "765494.jpg",
        "imgSrc": "https://cdn0.woolworths.media/content/wowproductimages/medium/765494.jpg",
        "name": "Olsent Spiral Cfl Warm White Es 20w 2pk",
        "price": 10,
        "unitPrice": "$5.00 / 1EA"
    },
    {
        "category": "specials",
        "href": "https://www.woolworths.com.au/shop/productdetails/789981/inspire-knife-set-cooks-utility",
        "imgName": "789981.jpg",
        "imgSrc": "https://cdn0.woolworths.media/content/wowproductimages/medium/789981.jpg",
        "name": "Inspire Knife Set Cooks & Utility 2pk",
        "price": 6
    },
    {
        "category": "specials",
        "href": "https://www.woolworths.com.au/shop/productdetails/825905/wow-360-drinking-cup-266ml",
        "imgName": "825905.jpg",
        "imgSrc": "https://cdn0.woolworths.media/content/wowproductimages/medium/825905.jpg",
        "name": "Wow 360 Drinking Cup 266ml each",
        "price": 13,
        "special": 9.75
    },
    {
        "category": "specials",
        "href": "https://www.woolworths.com.au/shop/productdetails/842620/vip-fussy-cat-grain-free-liver-bites-cat-treats",
        "imgName": "842620.jpg",
        "imgSrc": "https://cdn0.woolworths.media/content/wowproductimages/medium/842620.jpg",
        "name": "Vip Fussy Cat Grain Free Liver Bites Cat Treats 100g",
        "price": 2.99,
        "special": 2.5,
        "unitPrice": "$2.50 / 100G"
    },
    {
        "category": "specials",
        "href": "https://www.woolworths.com.au/shop/productdetails/842615/vip-fussy-cat-grain-free-kangaroo-snackers-cat-treats",
        "imgName": "842615.jpg",
        "imgSrc": "https://cdn0.woolworths.media/content/wowproductimages/medium/842615.jpg",
        "name": "Vip Fussy Cat Grain Free Kangaroo Snackers Cat Treats 100g",
        "price": 2.99,
        "special": 2.5,
        "unitPrice": "$2.50 / 100G"
    },
    {
        "category": "specials",
        "href": "https://www.woolworths.com.au/shop/productdetails/828981/the-natural-confectionery-co-berry-bliss",
        "imgName": "828981.jpg",
        "imgSrc": "https://cdn0.woolworths.media/content/wowproductimages/medium/828981.jpg",
        "name": "The Natural Confectionery Co Berry Bliss  200g bag",
        "price": 4,
        "special": 3,
        "unitPrice": "$1.50 / 100G"
    },
    {
        "category": "specials",
        "href": "https://www.woolworths.com.au/shop/productdetails/892601/garnier-skin-naturals-micellar-cleansing-water",
        "imgName": "892601.jpg",
        "imgSrc": "https://cdn0.woolworths.media/content/wowproductimages/medium/892601.jpg",
        "name": "Garnier Skin Naturals Micellar Cleansing Water 125ml",
        "price": 6.95,
        "special": 4.85,
        "unitPrice": "$3.88 / 100ML"
    },
    {
        "category": "specials",
        "href": "https://www.woolworths.com.au/shop/productdetails/944537/felix-cat-party-mix-original-mix",
        "imgName": "944537.jpg",
        "imgSrc": "https://cdn0.woolworths.media/content/wowproductimages/medium/944537.jpg",
        "name": "Felix Cat Party Mix Original Mix 60g",
        "price": 2.99,
        "special": 2.5,
        "unitPrice": "$4.17 / 100G"
    },
    {
        "category": "specials",
        "href": "https://www.woolworths.com.au/shop/productdetails/903508/absolut-vanilia-vodka",
        "imgName": "903508.jpg",
        "imgSrc": "https://cdn0.woolworths.media/content/wowproductimages/medium/903508.jpg",
        "name": "Absolut Vanilia Vodka  700ml",
        "price": 51,
        "special": 40
    },
    {
        "category": "specials",
        "href": "https://www.woolworths.com.au/shop/productdetails/879126/caffitaly-milk-frother-sm9495",
        "imgName": "879126.jpg",
        "imgSrc": "https://cdn0.woolworths.media/content/wowproductimages/medium/879126.jpg",
        "name": "Caffitaly Milk Frother Sm9495 each",
        "price": 49,
        "special": 38
    },
    {
        "category": "specials",
        "href": "https://www.woolworths.com.au/shop/productdetails/158311/peters-drumstick-caramel",
        "imgName": "158311.jpg",
        "imgSrc": "https://cdn0.woolworths.media/content/wowproductimages/medium/158311.jpg",
        "name": "Peters Drumstick Caramel  4pk 475ml",
        "price": 8,
        "special": 5,
        "unitPrice": "$1.05 / 100ML"
    },
    {
        "category": "specials",
        "href": "https://www.woolworths.com.au/shop/productdetails/28703/chris-dips-spicy-capsicum",
        "imgName": "028703.jpg",
        "imgSrc": "https://cdn0.woolworths.media/content/wowproductimages/medium/028703.jpg",
        "name": "Chris' Dips Spicy Capsicum  200g",
        "price": 3.5,
        "unitPrice": "$1.75 / 100G"
    },
    {
        "category": "specials",
        "href": "https://www.woolworths.com.au/shop/productdetails/293610/french-fries-multipack-original",
        "imgName": "293610.jpg",
        "imgSrc": "https://cdn0.woolworths.media/content/wowproductimages/medium/293610.jpg",
        "name": "French Fries Multipack Original 6pk 111g",
        "price": 3.19,
        "unitPrice": "$2.87 / 100G"
    },
    {
        "category": "specials",
        "href": "https://www.woolworths.com.au/shop/productdetails/295649/woolworths-select-light-whipped-cream",
        "imgName": "295649.jpg",
        "imgSrc": "https://cdn0.woolworths.media/content/wowproductimages/medium/295649.jpg",
        "name": "Woolworths Select Light Whipped Cream 250g",
        "price": 4,
        "unitPrice": "$1.60 / 100G"
    },
    {
        "category": "specials",
        "href": "https://www.woolworths.com.au/shop/productdetails/334492/rafferty-s-garden-food-6-months-bangers-mash-veggie-puree",
        "imgName": "334492.jpg",
        "imgSrc": "https://cdn0.woolworths.media/content/wowproductimages/medium/334492.jpg",
        "name": "Rafferty's Garden Food 6 Months Bangers Mash & Veggie Puree 120g",
        "price": 1.65,
        "unitPrice": "$1.38 / 100G"
    },
    {
        "category": "specials",
        "href": "https://www.woolworths.com.au/shop/productdetails/345104/decor-match-ups-storer-oblong",
        "imgName": "345104.jpg",
        "imgSrc": "https://cdn0.woolworths.media/content/wowproductimages/medium/345104.jpg",
        "name": "Decor Match-ups Storer Oblong 500ml",
        "price": 4.99,
        "special": 2.49
    },
    {
        "category": "specials",
        "href": "https://www.woolworths.com.au/shop/productdetails/430633/omo-sensitive-laundry-detergent-washing-powder-front-top-loader",
        "imgName": "430633.jpg",
        "imgSrc": "https://cdn0.woolworths.media/content/wowproductimages/medium/430633.jpg",
        "name": "Omo Sensitive Laundry Detergent Washing Powder Front & Top Loader 5kg",
        "price": 30,
        "unitPrice": "$6.00 / 1KG"
    },
    {
        "category": "specials",
        "href": "https://www.woolworths.com.au/shop/productdetails/442182/pepsi-cans",
        "imgName": "442182.jpg",
        "imgSrc": "https://cdn0.woolworths.media/content/wowproductimages/medium/442182.jpg",
        "name": "Pepsi Cans  10x375ml",
        "price": 12.6,
        "special": 7.4,
        "unitPrice": "$1.97 / 1L"
    },
    {
        "category": "specials",
        "href": "https://www.woolworths.com.au/shop/productdetails/693787/woolworths-ice-cream-honey-caramel-macadamia",
        "imgName": "693787.jpg",
        "imgSrc": "https://cdn0.woolworths.media/content/wowproductimages/medium/693787.jpg",
        "name": "Woolworths Ice Cream Honey Caramel Macadamia 1l tub",
        "price": 4.7,
        "unitPrice": "$0.47 / 100ML"
    },
    {
        "category": "specials",
        "href": "https://www.woolworths.com.au/shop/productdetails/704085/schick-mens-razor-disposable-xtreme-3-sensitive",
        "imgName": "704085.jpg",
        "imgSrc": "https://cdn0.woolworths.media/content/wowproductimages/medium/704085.jpg",
        "name": "Schick Mens Razor Disposable Xtreme 3 Sensitive 10 pack",
        "price": 9.5,
        "special": 7.5,
        "unitPrice": "$0.75 / 1EA"
    },
    {
        "category": "specials",
        "href": "https://www.woolworths.com.au/shop/productdetails/740040/babylove-nappy-pants-junior-15-25kg",
        "imgName": "740040.jpg",
        "imgSrc": "https://cdn0.woolworths.media/content/wowproductimages/medium/740040.jpg",
        "name": "Babylove Nappy Pants Junior 15-25kg 22pk",
        "price": 17,
        "special": 12,
        "unitPrice": "$0.60 / 1EA"
    },
    {
        "category": "specials",
        "href": "https://www.woolworths.com.au/shop/productdetails/756670/little-quacker-1-3-years-rice-biscuit-strawberry",
        "imgName": "756670.jpg",
        "imgSrc": "https://cdn0.woolworths.media/content/wowproductimages/medium/756670.jpg",
        "name": "Little Quacker 1-3 Years Rice Biscuit Strawberry 40g",
        "price": 2.5,
        "unitPrice": "$6.25 / 100G"
    },
    {
        "category": "specials",
        "href": "https://www.woolworths.com.au/shop/productdetails/14550/latina-fresh-ham-cheese-tortellini",
        "imgName": "014550.jpg",
        "imgSrc": "https://cdn0.woolworths.media/content/wowproductimages/medium/014550.jpg",
        "name": "Latina Fresh Ham Cheese Tortellini 625g",
        "price": 7,
        "unitPrice": "$1.12 / 100G"
    },
    {
        "category": "specials",
        "href": "https://www.woolworths.com.au/shop/productdetails/36531/heinz-pureed-food-4-months-fruity-apple",
        "imgName": "036531.jpg",
        "imgSrc": "https://cdn0.woolworths.media/content/wowproductimages/medium/036531.jpg",
        "name": "Heinz Pureed Food 4 Months Fruity Apple 110g",
        "price": 1,
        "unitPrice": "$0.91 / 100G"
    },
    {
        "category": "specials",
        "href": "https://www.woolworths.com.au/shop/productdetails/5545/gillette-shaving-gel-sensitive-skin",
        "imgName": "005545.jpg",
        "imgSrc": "https://cdn0.woolworths.media/content/wowproductimages/medium/005545.jpg",
        "name": "Gillette Shaving Gel Sensitive Skin 200ml",
        "price": 5.75,
        "unitPrice": "$2.93 / 100G"
    },
    {
        "category": "specials",
        "href": "https://www.woolworths.com.au/shop/productdetails/5612/green-s-gravy-granules-for-roast-meat",
        "imgName": "005612.jpg",
        "imgSrc": "https://cdn0.woolworths.media/content/wowproductimages/medium/005612.jpg",
        "name": "Green's Gravy Granules For Roast Meat 120g",
        "price": 3.8,
        "special": 3,
        "unitPrice": "$0.25 / 10G"
    },
    {
        "category": "specials",
        "href": "https://www.woolworths.com.au/shop/productdetails/31058/schwarzkopf-live-colour-natural-brown",
        "imgName": "031058.jpg",
        "imgSrc": "https://cdn0.woolworths.media/content/wowproductimages/medium/031058.jpg",
        "name": "Schwarzkopf Live Colour Natural Brown 1pk",
        "price": 5,
        "special": 4
    },
    {
        "category": "specials",
        "href": "https://www.woolworths.com.au/shop/productdetails/15765/bic-cristal-original-blue-pen",
        "imgName": "015765.jpg",
        "imgSrc": "https://cdn0.woolworths.media/content/wowproductimages/medium/015765.jpg",
        "name": "Bic Cristal Original Blue Pen 10pk",
        "price": 4
    },
    {
        "category": "specials",
        "href": "https://www.woolworths.com.au/shop/productdetails/38806/whiskas-adult-cat-food-pilchards-whiting-loaf",
        "imgName": "038806.jpg",
        "imgSrc": "https://cdn0.woolworths.media/content/wowproductimages/medium/038806.jpg",
        "name": "Whiskas Adult Cat Food Pilchards & Whiting Loaf 400g",
        "price": 1.5,
        "unitPrice": "$0.38 / 100G"
    },
    {
        "category": "specials",
        "href": "https://www.woolworths.com.au/shop/productdetails/34114/edgell-peas-green",
        "imgName": "034114.jpg",
        "imgSrc": "https://cdn0.woolworths.media/content/wowproductimages/medium/034114.jpg",
        "name": "Edgell Peas Green 420g",
        "price": 1.45,
        "special": 1.25,
        "unitPrice": "$2.98 / 1KG"
    },
    {
        "category": "specials",
        "href": "https://www.woolworths.com.au/shop/productdetails/20391/huggies-baby-wipes-fragrance-free",
        "imgName": "020391.jpg",
        "imgSrc": "https://cdn0.woolworths.media/content/wowproductimages/medium/020391.jpg",
        "name": "Huggies Baby Wipes Fragrance Free 80pk",
        "price": 4,
        "unitPrice": "$5.00 / 100EA"
    },
    {
        "category": "specials",
        "href": "https://www.woolworths.com.au/shop/productdetails/52181/spc-baked-beans-salt-reduced-tomato-sauce",
        "imgName": "052181.jpg",
        "imgSrc": "https://cdn0.woolworths.media/content/wowproductimages/medium/052181.jpg",
        "name": "Spc Baked Beans Salt Reduced Tomato Sauce 425g",
        "price": 1.15,
        "special": 1,
        "unitPrice": "$0.24 / 100G"
    },
    {
        "category": "specials",
        "href": "https://www.woolworths.com.au/shop/productdetails/70316/l-oreal-excellence-cr-me-8-1-ash-blonde",
        "imgName": "070316.jpg",
        "imgSrc": "https://cdn0.woolworths.media/content/wowproductimages/medium/070316.jpg",
        "name": "L'oreal Excellence Cr\u00e8me 8.1 Ash Blonde 1pk",
        "price": 17.5,
        "special": 12
    },
    {
        "category": "specials",
        "href": "https://www.woolworths.com.au/shop/productdetails/79118/mortein-insect-spray-fast-knockdown",
        "imgName": "079118.jpg",
        "imgSrc": "https://cdn0.woolworths.media/content/wowproductimages/medium/079118.jpg",
        "name": "Mortein Insect Spray Fast Knockdown 300g",
        "price": 6.49,
        "unitPrice": "$2.16 / 100G"
    },
    {
        "category": "specials",
        "href": "https://www.woolworths.com.au/shop/productdetails/41225/pureharvest-organic-aussie-dream-rice-milk",
        "imgName": "041225.jpg",
        "imgSrc": "https://cdn0.woolworths.media/content/wowproductimages/medium/041225.jpg",
        "name": "Pureharvest Organic Aussie Dream Rice Milk 1l",
        "price": 2.2,
        "unitPrice": "$2.20 / 1L"
    },
    {
        "category": "specials",
        "href": "https://www.woolworths.com.au/shop/productdetails/45167/paradise-cottage-cookies-macadamia",
        "imgName": "045167.jpg",
        "imgSrc": "https://cdn0.woolworths.media/content/wowproductimages/medium/045167.jpg",
        "name": "Paradise Cottage Cookies Macadamia 220g",
        "price": 2.6,
        "special": 2,
        "unitPrice": "$0.91 / 100G"
    },
    {
        "category": "specials",
        "href": "https://www.woolworths.com.au/shop/productdetails/44168/colgate-toothpaste-fluoride-great",
        "imgName": "044168.jpg",
        "imgSrc": "https://cdn0.woolworths.media/content/wowproductimages/medium/044168.jpg",
        "name": "Colgate Toothpaste Fluoride Great 175g",
        "price": 2.99,
        "unitPrice": "$1.71 / 100G"
    },
    {
        "category": "specials",
        "href": "https://www.woolworths.com.au/shop/productdetails/47882/annalisa-beans-cannellini",
        "imgName": "047882.jpg",
        "imgSrc": "https://cdn0.woolworths.media/content/wowproductimages/medium/047882.jpg",
        "name": "Annalisa Beans Cannellini 400g",
        "price": 1.5,
        "special": 1,
        "unitPrice": "$2.50 / 1KG"
    },
    {
        "category": "specials",
        "href": "https://www.woolworths.com.au/shop/productdetails/43974/san-remo-spaghetti-pasta-no-5",
        "imgName": "043974.jpg",
        "imgSrc": "https://cdn0.woolworths.media/content/wowproductimages/medium/043974.jpg",
        "name": "San Remo Spaghetti Pasta No 5 500g",
        "price": 1.95,
        "unitPrice": "$0.39 / 100G"
    },
    {
        "category": "specials",
        "href": "https://www.woolworths.com.au/shop/productdetails/36359/spc-baked-beans-tomato-sauce",
        "imgName": "036359.jpg",
        "imgSrc": "https://cdn0.woolworths.media/content/wowproductimages/medium/036359.jpg",
        "name": "Spc Baked Beans Tomato Sauce 425g",
        "price": 1.15,
        "special": 1,
        "unitPrice": "$0.24 / 100G"
    },
    {
        "category": "specials",
        "href": "https://www.woolworths.com.au/shop/productdetails/48019/flora-margarine-spread-original",
        "imgName": "048019.jpg",
        "imgSrc": "https://cdn0.woolworths.media/content/wowproductimages/medium/048019.jpg",
        "name": "Flora Margarine Spread Original 500g",
        "price": 2.99,
        "unitPrice": "$0.60 / 100G"
    },
    {
        "category": "specials",
        "href": "https://www.woolworths.com.au/shop/productdetails/93383/barilla-fusilli-pasta-no-98",
        "imgName": "093383.jpg",
        "imgSrc": "https://cdn0.woolworths.media/content/wowproductimages/medium/093383.jpg",
        "name": "Barilla Fusilli Pasta No 98 500g",
        "price": 1.99,
        "unitPrice": "$0.40 / 100G"
    },
    {
        "category": "specials",
        "href": "https://www.woolworths.com.au/shop/productdetails/173140/mccain-pizza-margherita",
        "imgName": "173140.jpg",
        "imgSrc": "https://cdn0.woolworths.media/content/wowproductimages/medium/173140.jpg",
        "name": "Mccain Pizza Margherita 500g",
        "price": 6.5,
        "special": 5,
        "unitPrice": "$1.00 / 100G"
    },
    {
        "category": "specials",
        "href": "https://www.woolworths.com.au/shop/productdetails/107466/garnier-nutrisse-4-0-tamarind",
        "imgName": "107466.jpg",
        "imgSrc": "https://cdn0.woolworths.media/content/wowproductimages/medium/107466.jpg",
        "name": "Garnier Nutrisse 4.0 Tamarind 1pk",
        "price": 12
    },
    {
        "category": "specials",
        "href": "https://www.woolworths.com.au/shop/productdetails/201132/schwarzkopf-live-colour-chocolate",
        "imgName": "201132.jpg",
        "imgSrc": "https://cdn0.woolworths.media/content/wowproductimages/medium/201132.jpg",
        "name": "Schwarzkopf Live Colour Chocolate 1pk",
        "price": 5,
        "special": 4
    },
    {
        "category": "specials",
        "href": "https://www.woolworths.com.au/shop/productdetails/158687/rspca-approved-chicken-kebab-smokey-bbq",
        "imgName": "158687.jpg",
        "imgSrc": "https://cdn0.woolworths.media/content/wowproductimages/medium/158687.jpg",
        "name": "Rspca Approved Chicken Kebab Smokey Bbq each",
        "price": 1.4,
        "special": 1,
        "unitPrice": "$1.00 / 1EA"
    },
    {
        "category": "specials",
        "href": "https://www.woolworths.com.au/shop/productdetails/255980/primo-cabanossi",
        "imgName": "255980.jpg",
        "imgSrc": "https://cdn0.woolworths.media/content/wowproductimages/medium/255980.jpg",
        "name": "Primo Cabanossi  375g",
        "price": 6.25,
        "special": 5.5,
        "unitPrice": "$14.67 / 1KG"
    },
    {
        "category": "specials",
        "href": "https://www.woolworths.com.au/shop/productdetails/250033/essentials-plastic-tumblers-large",
        "imgName": "250033.jpg",
        "imgSrc": "https://cdn0.woolworths.media/content/wowproductimages/medium/250033.jpg",
        "name": "Essentials Plastic Tumblers Large 25pk",
        "price": 3,
        "unitPrice": "$0.12 / 1EA"
    },
    {
        "category": "specials",
        "href": "https://www.woolworths.com.au/shop/productdetails/294262/woolworths-select-jelly-raspberry",
        "imgName": "294262.jpg",
        "imgSrc": "https://cdn0.woolworths.media/content/wowproductimages/medium/294262.jpg",
        "name": "Woolworths Select Jelly Raspberry 85g",
        "price": 0.9,
        "unitPrice": "$1.06 / 100G"
    },
    {
        "category": "specials",
        "href": "https://www.woolworths.com.au/shop/productdetails/294263/woolworths-select-jelly-lime",
        "imgName": "294263.jpg",
        "imgSrc": "https://cdn0.woolworths.media/content/wowproductimages/medium/294263.jpg",
        "name": "Woolworths Select Jelly Lime 85g",
        "price": 0.9,
        "unitPrice": "$1.06 / 100G"
    },
    {
        "category": "specials",
        "href": "https://www.woolworths.com.au/shop/productdetails/203229/bepanthen-ointment",
        "imgName": "203229.jpg",
        "imgSrc": "https://cdn0.woolworths.media/content/wowproductimages/medium/203229.jpg",
        "name": "Bepanthen Ointment  100g",
        "price": 9.5,
        "special": 7.5,
        "unitPrice": "$7.50 / 100G"
    },
    {
        "category": "specials",
        "href": "https://www.woolworths.com.au/shop/productdetails/238473/colgate-plax-mouthwash-fresh-mint",
        "imgName": "238473.jpg",
        "imgSrc": "https://cdn0.woolworths.media/content/wowproductimages/medium/238473.jpg",
        "name": "Colgate Plax Mouthwash Fresh Mint 1l",
        "price": 8,
        "unitPrice": "$0.80 / 100ML"
    },
    {
        "category": "specials",
        "href": "https://www.woolworths.com.au/shop/productdetails/233149/cenovis-garlic-horseradish-c-complex-capsules",
        "imgName": "233149.jpg",
        "imgSrc": "https://cdn0.woolworths.media/content/wowproductimages/medium/233149.jpg",
        "name": "Cenovis Garlic & Horseradish + C Complex Capsules 120",
        "price": 13,
        "unitPrice": "$10.83 / 100EA"
    },
    {
        "category": "specials",
        "href": "https://www.woolworths.com.au/shop/productdetails/200703/huggies-ultra-dry-nappies-junior-16kg-girl",
        "imgName": "200703.jpg",
        "imgSrc": "https://cdn0.woolworths.media/content/wowproductimages/medium/200703.jpg",
        "name": "Huggies Ultra Dry Nappies Junior 16kg+ Girl 30pk bulk",
        "price": 16,
        "unitPrice": "$0.53 / 1EA"
    },
    {
        "category": "specials",
        "href": "https://www.woolworths.com.au/shop/productdetails/210784/radox-shower-gel-body-wash-feel-oxygenated",
        "imgName": "210784.jpg",
        "imgSrc": "https://cdn0.woolworths.media/content/wowproductimages/medium/210784.jpg",
        "name": "Radox Shower Gel Body Wash Feel Oxygenated 1l",
        "price": 7,
        "unitPrice": "$0.70 / 100ML"
    },
    {
        "category": "specials",
        "href": "https://www.woolworths.com.au/shop/productdetails/230139/maybelline-unstoppable-eye-liner-smudgeproof-10-onyx",
        "imgName": "230139.jpg",
        "imgSrc": "https://cdn0.woolworths.media/content/wowproductimages/medium/230139.jpg",
        "name": "Maybelline Unstoppable Eye Liner Smudgeproof 10 Onyx 0.28g",
        "price": 17.25,
        "special": 12,
        "unitPrice": "$428.57 / 10G"
    },
    {
        "category": "specials",
        "href": "https://www.woolworths.com.au/shop/productdetails/297764/yoplait-forme-zero-french-vanilla-yoghurt",
        "imgName": "297764.jpg",
        "imgSrc": "https://cdn0.woolworths.media/content/wowproductimages/medium/297764.jpg",
        "name": "Yoplait Forme Zero French Vanilla Yoghurt 1kg",
        "price": 4,
        "unitPrice": "$0.40 / 100G"
    },
    {
        "category": "specials",
        "href": "https://www.woolworths.com.au/shop/productdetails/323173/essentials-plastic-tumblers-small",
        "imgName": "323173.jpg",
        "imgSrc": "https://cdn0.woolworths.media/content/wowproductimages/medium/323173.jpg",
        "name": "Essentials Plastic Tumblers Small 25pk",
        "price": 2,
        "unitPrice": "$0.08 / 1EA"
    },
    {
        "category": "specials",
        "href": "https://www.woolworths.com.au/shop/productdetails/224613/white-king-bathroom-power-gel-lemon",
        "imgName": "224613.jpg",
        "imgSrc": "https://cdn0.woolworths.media/content/wowproductimages/medium/224613.jpg",
        "name": "White King Bathroom Power Gel Lemon 750ml",
        "price": 3.99,
        "special": 3.4,
        "unitPrice": "$0.45 / 100ML"
    },
    {
        "category": "specials",
        "href": "https://www.woolworths.com.au/shop/productdetails/205162/corelle-lunch-plate-white",
        "imgName": "205162.jpg",
        "imgSrc": "https://cdn0.woolworths.media/content/wowproductimages/medium/205162.jpg",
        "name": "Corelle Lunch Plate White 22cm",
        "price": 6,
        "special": 4.2
    },
    {
        "category": "specials",
        "href": "https://www.woolworths.com.au/shop/productdetails/362709/heinz-simply-food-4-months-pear-banana-apple",
        "imgName": "362709.jpg",
        "imgSrc": "https://cdn0.woolworths.media/content/wowproductimages/medium/362709.jpg",
        "name": "Heinz Simply Food 4 Months Pear Banana & Apple 120g",
        "price": 1.5,
        "unitPrice": "$1.25 / 100G"
    },
    {
        "category": "specials",
        "href": "https://www.woolworths.com.au/shop/productdetails/363082/oxfam-organic-fair-trade-ground-coffee-world-blend",
        "imgName": "363082.jpg",
        "imgSrc": "https://cdn0.woolworths.media/content/wowproductimages/medium/363082.jpg",
        "name": "Oxfam Organic Fair Trade Ground Coffee World Blend 250g",
        "price": 9,
        "special": 7,
        "unitPrice": "$2.80 / 100G"
    },
    {
        "category": "specials",
        "href": "https://www.woolworths.com.au/shop/productdetails/205578/listerine-teeth-defence-mouthwash-antiseptic-with-fluoride",
        "imgName": "205578.jpg",
        "imgSrc": "https://cdn0.woolworths.media/content/wowproductimages/medium/205578.jpg",
        "name": "Listerine Teeth Defence Mouthwash Antiseptic With Fluoride 1l",
        "price": 9.39,
        "unitPrice": "$0.94 / 100ML"
    },
    {
        "category": "specials",
        "href": "https://www.woolworths.com.au/shop/productdetails/260410/napro-palette-permanent-colour-black",
        "imgName": "260410.jpg",
        "imgSrc": "https://cdn0.woolworths.media/content/wowproductimages/medium/260410.jpg",
        "name": "Napro Palette Permanent Colour Black 140ml",
        "price": 7.95,
        "unitPrice": "$7.95 / 1EA"
    },
    {
        "category": "specials",
        "href": "https://www.woolworths.com.au/shop/productdetails/313023/sprite-mini-cans",
        "imgName": "313023.jpg",
        "imgSrc": "https://cdn0.woolworths.media/content/wowproductimages/medium/313023.jpg",
        "name": "Sprite Mini Cans 8x200ml pack",
        "price": 9.5,
        "unitPrice": "$5.94 / 1L"
    },
    {
        "category": "specials",
        "href": "https://www.woolworths.com.au/shop/productdetails/263092/original-juice-apple-forest-fruits-juice",
        "imgName": "263092.jpg",
        "imgSrc": "https://cdn0.woolworths.media/content/wowproductimages/medium/263092.jpg",
        "name": "Original Juice Apple Forest Fruits Juice 1.5l",
        "price": 5,
        "unitPrice": "$3.33 / 1L"
    },
    {
        "category": "specials",
        "href": "https://www.woolworths.com.au/shop/productdetails/258266/biore-facial-scrub-pore-unclogging",
        "imgName": "258266.jpg",
        "imgSrc": "https://cdn0.woolworths.media/content/wowproductimages/medium/258266.jpg",
        "name": "Biore Facial Scrub Pore Unclogging 141g",
        "price": 9.99,
        "special": 6.99,
        "unitPrice": "$5.18 / 100ML"
    },
    {
        "category": "specials",
        "href": "https://www.woolworths.com.au/shop/productdetails/368693/huggies-baby-wipes-cucumber-aloe",
        "imgName": "368693.jpg",
        "imgSrc": "https://cdn0.woolworths.media/content/wowproductimages/medium/368693.jpg",
        "name": "Huggies Baby Wipes Cucumber & Aloe 80pk",
        "price": 4,
        "unitPrice": "$5.00 / 100EA"
    },
    {
        "category": "specials",
        "href": "https://www.woolworths.com.au/shop/productdetails/376554/essentials-wine-glasses-plastic",
        "imgName": "376554.jpg",
        "imgSrc": "https://cdn0.woolworths.media/content/wowproductimages/medium/376554.jpg",
        "name": "Essentials Wine Glasses Plastic 20pk",
        "price": 6,
        "unitPrice": "$0.30 / 1EA"
    },
    {
        "category": "specials",
        "href": "https://www.woolworths.com.au/shop/productdetails/248696/energizer-lithium-ultimate-aaa-batteries",
        "imgName": "248696.jpg",
        "imgSrc": "https://cdn0.woolworths.media/content/wowproductimages/medium/248696.jpg",
        "name": "Energizer Lithium Ultimate Aaa Batteries  4pk",
        "price": 19,
        "special": 14.99,
        "unitPrice": "$3.75 / 1EA"
    },
    {
        "category": "specials",
        "href": "https://www.woolworths.com.au/shop/productdetails/249281/devondale-shredded-colby-cheese-grated-cheese",
        "imgName": "249281.jpg",
        "imgSrc": "https://cdn0.woolworths.media/content/wowproductimages/medium/249281.jpg",
        "name": "Devondale Shredded Colby Cheese Grated Cheese 600g",
        "price": 7,
        "unitPrice": "$11.67 / 1KG"
    },
    {
        "category": "specials",
        "href": "https://www.woolworths.com.au/shop/productdetails/345860/l-oreal-excellence-cr-me-71-dark-ash-blonde",
        "imgName": "345860.jpg",
        "imgSrc": "https://cdn0.woolworths.media/content/wowproductimages/medium/345860.jpg",
        "name": "L'oreal Excellence Cr\u00e8me 71 Dark Ash Blonde 1pk",
        "price": 17.5,
        "special": 12
    },
    {
        "category": "specials",
        "href": "https://www.woolworths.com.au/shop/productdetails/371049/sunrice-steamed-rice-basmati-2-quick-cups",
        "imgName": "371049.jpg",
        "imgSrc": "https://cdn0.woolworths.media/content/wowproductimages/medium/371049.jpg",
        "name": "Sunrice Steamed Rice Basmati 2 Quick Cups 240g",
        "price": 2.5,
        "unitPrice": "$1.04 / 100G"
    },
    {
        "category": "specials",
        "href": "https://www.woolworths.com.au/shop/productdetails/341145/four-seasons-naked-condoms-larger-pack",
        "imgName": "341145.jpg",
        "imgSrc": "https://cdn0.woolworths.media/content/wowproductimages/medium/341145.jpg",
        "name": "Four Seasons Naked Condoms Larger Pack 12pk",
        "price": 7,
        "special": 6,
        "unitPrice": "$0.50 / 1EA"
    },
    {
        "category": "specials",
        "href": "https://www.woolworths.com.au/shop/productdetails/483290/pantene-shampoo-sheer-volume",
        "imgName": "483290.jpg",
        "imgSrc": "https://cdn0.woolworths.media/content/wowproductimages/medium/483290.jpg",
        "name": "Pantene Shampoo Sheer Volume 350ml",
        "price": 4.5,
        "unitPrice": "$1.29 / 100ML"
    },
    {
        "category": "specials",
        "href": "https://www.woolworths.com.au/shop/productdetails/505183/bulla-creamy-classics-ice-cream-chocolate-hazelnut",
        "imgName": "505183.jpg",
        "imgSrc": "https://cdn0.woolworths.media/content/wowproductimages/medium/505183.jpg",
        "name": "Bulla Creamy Classics Ice Cream Chocolate Hazelnut 2l",
        "price": 8,
        "special": 5,
        "unitPrice": "$0.25 / 100ML"
    },
    {
        "category": "specials",
        "href": "https://www.woolworths.com.au/shop/productdetails/374454/woolworths-select-storage-bag-large",
        "imgName": "374454.jpg",
        "imgSrc": "https://cdn0.woolworths.media/content/wowproductimages/medium/374454.jpg",
        "name": "Woolworths Select Storage Bag Large 15pk",
        "price": 2,
        "unitPrice": "$0.13 / 1EA"
    },
    {
        "category": "specials",
        "href": "https://www.woolworths.com.au/shop/productdetails/446482/the-natural-confectionery-co-sour-patch-lineups",
        "imgName": "446482.jpg",
        "imgSrc": "https://cdn0.woolworths.media/content/wowproductimages/medium/446482.jpg",
        "name": "The Natural Confectionery Co Sour Patch Lineups 200g bag",
        "price": 4,
        "special": 3,
        "unitPrice": "$1.50 / 100G"
    },
    {
        "category": "specials",
        "href": "https://www.woolworths.com.au/shop/productdetails/260407/napro-palette-permanent-colour-choc-brown",
        "imgName": "260407.jpg",
        "imgSrc": "https://cdn0.woolworths.media/content/wowproductimages/medium/260407.jpg",
        "name": "Napro Palette Permanent Colour Choc Brown 140ml",
        "price": 7.95,
        "unitPrice": "$7.95 / 1EA"
    },
    {
        "category": "specials",
        "href": "https://www.woolworths.com.au/shop/productdetails/370969/voltaren-gels-osteo-gel",
        "imgName": "370969.jpg",
        "imgSrc": "https://cdn0.woolworths.media/content/wowproductimages/medium/370969.jpg",
        "name": "Voltaren Gels Osteo Gel 75g",
        "price": 21,
        "special": 17,
        "unitPrice": "$22.67 / 100G"
    },
    {
        "category": "specials",
        "href": "https://www.woolworths.com.au/shop/productdetails/282756/bonds-womens-socks-logo-1-4-sports-size-3-8",
        "imgName": "282756.jpg",
        "imgSrc": "https://cdn0.woolworths.media/content/wowproductimages/medium/282756.jpg",
        "name": "Bonds Womens Socks Logo 1/4 Sports Size 3-8 3pk",
        "price": 14,
        "special": 7,
        "unitPrice": "$2.33 / 1EA"
    },
    {
        "category": "specials",
        "href": "https://www.woolworths.com.au/shop/productdetails/361095/bonds-socks-mens-no-show-trainers-11-14",
        "imgName": "361095.jpg",
        "imgSrc": "https://cdn0.woolworths.media/content/wowproductimages/medium/361095.jpg",
        "name": "Bonds Socks Mens No Show Trainers 11-14 3pk",
        "price": 14,
        "special": 7,
        "unitPrice": "$2.33 / 1EA"
    },
    {
        "category": "specials",
        "href": "https://www.woolworths.com.au/shop/productdetails/421920/kantong-stir-fry-sauce-honey-soy-garlic",
        "imgName": "421920.jpg",
        "imgSrc": "https://cdn0.woolworths.media/content/wowproductimages/medium/421920.jpg",
        "name": "Kantong Stir Fry Sauce Honey Soy Garlic 500g",
        "price": 3.29,
        "unitPrice": "$0.66 / 100G"
    },
    {
        "category": "specials",
        "href": "https://www.woolworths.com.au/shop/productdetails/264102/jackson-6-outlet-surge-protected-powerboard-with-spaced-power-outlets-black",
        "imgName": "264102.jpg",
        "imgSrc": "https://cdn0.woolworths.media/content/wowproductimages/medium/264102.jpg",
        "name": "Jackson 6 Outlet Surge Protected Powerboard With Spaced Power Outlets - Black each",
        "price": 21,
        "special": 10.5
    },
    {
        "category": "specials",
        "href": "https://www.woolworths.com.au/shop/productdetails/265551/lean-cuisine-steam-chicken-cheese-pepper-pasta",
        "imgName": "265551.jpg",
        "imgSrc": "https://cdn0.woolworths.media/content/wowproductimages/medium/265551.jpg",
        "name": "Lean Cuisine Steam Chicken Cheese & Pepper Pasta 380g",
        "price": 5,
        "unitPrice": "$1.32 / 100G"
    },
    {
        "category": "specials",
        "href": "https://www.woolworths.com.au/shop/productdetails/511499/bonds-womens-logo-socks-light-no-show-sz-8-plus",
        "imgName": "511499.jpg",
        "imgSrc": "https://cdn0.woolworths.media/content/wowproductimages/medium/511499.jpg",
        "name": "Bonds Womens Logo Socks Light No Show Sz 8 Plus 4pk",
        "price": 14,
        "special": 7
    },
    {
        "category": "specials",
        "href": "https://www.woolworths.com.au/shop/productdetails/517616/jackson-4-outlet-surge-protected-powerboard-with-child-safety-covers",
        "imgName": "517616.jpg",
        "imgSrc": "https://cdn0.woolworths.media/content/wowproductimages/medium/517616.jpg",
        "name": "Jackson 4 Outlet Surge Protected Powerboard With Child Safety Covers each",
        "price": 15,
        "special": 7.5,
        "unitPrice": "$7.50 / 1EA"
    },
    {
        "category": "specials",
        "href": "https://www.woolworths.com.au/shop/productdetails/452465/the-spice-tailor-proper-parsi-dhansak",
        "imgName": "452465.jpg",
        "imgSrc": "https://cdn0.woolworths.media/content/wowproductimages/medium/452465.jpg",
        "name": "The Spice Tailor Proper Parsi Dhansak  300g",
        "price": 5.5,
        "special": 4.4,
        "unitPrice": "$1.47 / 100G"
    },
    {
        "category": "specials",
        "href": "https://www.woolworths.com.au/shop/productdetails/513195/wrigley-extra-gum-bubblemint",
        "imgName": "513195.jpg",
        "imgSrc": "https://cdn0.woolworths.media/content/wowproductimages/medium/513195.jpg",
        "name": "Wrigley Extra Gum Bubblemint 42pc 3pk",
        "price": 4,
        "unitPrice": "$4.94 / 100G"
    },
    {
        "category": "specials",
        "href": "https://www.woolworths.com.au/shop/productdetails/541253/purina-tidy-cats-performance-non-clumping-clay-litter",
        "imgName": "541253.jpg",
        "imgSrc": "https://cdn0.woolworths.media/content/wowproductimages/medium/541253.jpg",
        "name": "Purina Tidy Cats Performance Non-clumping Clay Litter 4.54kg",
        "price": 10,
        "unitPrice": "$2.20 / 1KG"
    },
    {
        "category": "specials",
        "href": "https://www.woolworths.com.au/shop/productdetails/512328/decor-thermostone-realseal-round-pie-dish",
        "imgName": "512328.jpg",
        "imgSrc": "https://cdn0.woolworths.media/content/wowproductimages/medium/512328.jpg",
        "name": "Decor Thermostone Realseal Round Pie Dish 2l",
        "price": 25.99,
        "special": 12.99
    },
    {
        "category": "specials",
        "href": "https://www.woolworths.com.au/shop/productdetails/572476/woolworths-pear-slices-in-juice",
        "imgName": "572476.jpg",
        "imgSrc": "https://cdn0.woolworths.media/content/wowproductimages/medium/572476.jpg",
        "name": "Woolworths Pear Slices In Juice 695g",
        "price": 3.5,
        "special": 3,
        "unitPrice": "$4.32 / 1KG"
    },
    {
        "category": "specials",
        "href": "https://www.woolworths.com.au/shop/productdetails/359118/nudie-nothing-but-oranges-with-pulp",
        "imgName": "359118.jpg",
        "imgSrc": "https://cdn0.woolworths.media/content/wowproductimages/medium/359118.jpg",
        "name": "Nudie Nothing But Oranges With Pulp 2l",
        "price": 6.6,
        "special": 5.5,
        "unitPrice": "$2.75 / 1L"
    },
    {
        "category": "specials",
        "href": "https://www.woolworths.com.au/shop/productdetails/258669/lean-cuisine-steam-butter-chicken-butter-chicken",
        "imgName": "258669.jpg",
        "imgSrc": "https://cdn0.woolworths.media/content/wowproductimages/medium/258669.jpg",
        "name": "Lean Cuisine Steam Butter Chicken Butter Chicken 370g",
        "price": 5,
        "unitPrice": "$1.35 / 100G"
    },
    {
        "category": "specials",
        "href": "https://www.woolworths.com.au/shop/productdetails/299138/glad-bake-cooking-paper",
        "imgName": "299138.jpg",
        "imgSrc": "https://cdn0.woolworths.media/content/wowproductimages/medium/299138.jpg",
        "name": "Glad Bake & Cooking Paper  25m",
        "price": 5.99,
        "special": 5,
        "unitPrice": "$0.20 / 1M"
    },
    {
        "category": "specials",
        "href": "https://www.woolworths.com.au/shop/productdetails/503279/garnier-micellar-oil-cleansing-wipes",
        "imgName": "503279.jpg",
        "imgSrc": "https://cdn0.woolworths.media/content/wowproductimages/medium/503279.jpg",
        "name": "Garnier Micellar Oil Cleansing Wipes  25pk",
        "price": 8,
        "special": 5.6,
        "unitPrice": "$0.22 / 1EA"
    },
    {
        "category": "specials",
        "href": "https://www.woolworths.com.au/shop/productdetails/578387/fantastic-delites-extreme-chilli",
        "imgName": "578387.jpg",
        "imgSrc": "https://cdn0.woolworths.media/content/wowproductimages/medium/578387.jpg",
        "name": "Fantastic Delites Extreme Chilli 100g",
        "price": 2,
        "special": 1.5,
        "unitPrice": "$1.50 / 100G"
    },
    {
        "category": "specials",
        "href": "https://www.woolworths.com.au/shop/productdetails/481077/baxter-s-straps-beef",
        "imgName": "481077.jpg",
        "imgSrc": "https://cdn0.woolworths.media/content/wowproductimages/medium/481077.jpg",
        "name": "Baxter's Straps Beef 500g",
        "price": 7,
        "unitPrice": "$1.40 / 100G"
    },
    {
        "category": "specials",
        "href": "https://www.woolworths.com.au/shop/productdetails/325251/emmaline-s-cornflake-biscuits",
        "imgName": "325251.jpg",
        "imgSrc": "https://cdn0.woolworths.media/content/wowproductimages/medium/325251.jpg",
        "name": "Emmaline's Cornflake Biscuits  350g",
        "price": 6.99,
        "special": 5.49,
        "unitPrice": "$1.57 / 100G"
    },
    {
        "category": "specials",
        "href": "https://www.woolworths.com.au/shop/productdetails/716125/maybelline-instant-age-rewind-eye-eraser-concealer-light",
        "imgName": "716125.jpg",
        "imgSrc": "https://cdn0.woolworths.media/content/wowproductimages/medium/716125.jpg",
        "name": "Maybelline Instant Age Rewind Eye Eraser Concealer Light 6ml",
        "price": 18.95,
        "special": 13,
        "unitPrice": "$21.67 / 10ML"
    },
    {
        "category": "specials",
        "href": "https://www.woolworths.com.au/shop/productdetails/336411/morning-sun-peach-pecan-muesli",
        "imgName": "336411.jpg",
        "imgSrc": "https://cdn0.woolworths.media/content/wowproductimages/medium/336411.jpg",
        "name": "Morning Sun Peach & Pecan Muesli 650g",
        "price": 4,
        "special": 3,
        "unitPrice": "$0.46 / 100G"
    },
    {
        "category": "specials",
        "href": "https://www.woolworths.com.au/shop/productdetails/730998/pauls-zymil-full-cream-long-life-milk",
        "imgName": "730998.jpg",
        "imgSrc": "https://cdn0.woolworths.media/content/wowproductimages/medium/730998.jpg",
        "name": "Pauls Zymil Full Cream Long Life Milk 1l",
        "price": 2.5,
        "special": 2,
        "unitPrice": "$2.00 / 1L"
    },
    {
        "category": "specials",
        "href": "https://www.woolworths.com.au/shop/productdetails/741429/lucky-hazelnut-meal",
        "imgName": "741429.jpg",
        "imgSrc": "https://cdn0.woolworths.media/content/wowproductimages/medium/741429.jpg",
        "name": "Lucky Hazelnut Meal 350g",
        "price": 13,
        "special": 10.4,
        "unitPrice": "$29.71 / 1KG"
    },
    {
        "category": "specials",
        "href": "https://www.woolworths.com.au/shop/productdetails/748532/depend-real-fit-for-men-underwear-medium",
        "imgName": "748532.jpg",
        "imgSrc": "https://cdn0.woolworths.media/content/wowproductimages/medium/748532.jpg",
        "name": "Depend Real Fit For Men Underwear Medium 8pk",
        "price": 13,
        "unitPrice": "$1.63 / 1EA"
    },
    {
        "category": "specials",
        "href": "https://www.woolworths.com.au/shop/productdetails/319943/french-fries-share-pack-original",
        "imgName": "319943.jpg",
        "imgSrc": "https://cdn0.woolworths.media/content/wowproductimages/medium/319943.jpg",
        "name": "French Fries Share Pack Original 175g",
        "price": 3.2,
        "special": 3,
        "unitPrice": "$1.71 / 100G"
    },
    {
        "category": "specials",
        "href": "https://www.woolworths.com.au/shop/productdetails/500427/huggies-baby-wipes-coconut",
        "imgName": "500427.jpg",
        "imgSrc": "https://cdn0.woolworths.media/content/wowproductimages/medium/500427.jpg",
        "name": "Huggies Baby Wipes Coconut 80pk",
        "price": 4,
        "unitPrice": "$5.00 / 100EA"
    },
    {
        "category": "specials",
        "href": "https://www.woolworths.com.au/shop/productdetails/660340/ansell-lifestyles-ultra-natural-water-based-intimate-gel",
        "imgName": "660340.jpg",
        "imgSrc": "https://cdn0.woolworths.media/content/wowproductimages/medium/660340.jpg",
        "name": "Ansell Lifestyles Ultra Natural Water Based Intimate Gel 100ml",
        "price": 10,
        "special": 7,
        "unitPrice": "$7.80 / 100ML"
    },
    {
        "category": "specials",
        "href": "https://www.woolworths.com.au/shop/productdetails/690360/macro-organic-fairtrade-ground-coffee-medium",
        "imgName": "690360.jpg",
        "imgSrc": "https://cdn0.woolworths.media/content/wowproductimages/medium/690360.jpg",
        "name": "Macro Organic Fairtrade Ground Coffee Medium 200g",
        "price": 6,
        "unitPrice": "$3.00 / 100G"
    },
    {
        "category": "specials",
        "href": "https://www.woolworths.com.au/shop/productdetails/711233/john-frieda-straightening-frizz-ease-3-day-spray",
        "imgName": "711233.jpg",
        "imgSrc": "https://cdn0.woolworths.media/content/wowproductimages/medium/711233.jpg",
        "name": "John Frieda Straightening Frizz Ease 3 Day Spray 103ml",
        "price": 17,
        "special": 10.2,
        "unitPrice": "$9.90 / 100ML"
    },
    {
        "category": "specials",
        "href": "https://www.woolworths.com.au/shop/productdetails/576372/calbee-harvest-snaps-lightly-salted",
        "imgName": "576372.jpg",
        "imgSrc": "https://cdn0.woolworths.media/content/wowproductimages/medium/576372.jpg",
        "name": "Calbee Harvest Snaps Lightly Salted 93g",
        "price": 3,
        "special": 2.5,
        "unitPrice": "$26.88 / 1KG"
    },
    {
        "category": "specials",
        "href": "https://www.woolworths.com.au/shop/productdetails/484658/nature-s-organics-fruits-body-wash-lime-mint-refill",
        "imgName": "484658.jpg",
        "imgSrc": "https://cdn0.woolworths.media/content/wowproductimages/medium/484658.jpg",
        "name": "Nature's Organics Fruits Body Wash Lime & Mint Refill 500ml",
        "price": 3.99,
        "special": 3,
        "unitPrice": "$0.60 / 100ML"
    },
    {
        "category": "specials",
        "href": "https://www.woolworths.com.au/shop/productdetails/661131/kellogg-s-nutri-grain-to-go-banana-nut",
        "imgName": "661131.jpg",
        "imgSrc": "https://cdn0.woolworths.media/content/wowproductimages/medium/661131.jpg",
        "name": "Kellogg's Nutri Grain To Go Banana& Nut 60g",
        "price": 2.5,
        "special": 2,
        "unitPrice": "$3.33 / 100G"
    },
    {
        "category": "specials",
        "href": "https://www.woolworths.com.au/shop/productdetails/750984/pedigree-adult-dog-food-large-breed-beef",
        "imgName": "750984.jpg",
        "imgSrc": "https://cdn0.woolworths.media/content/wowproductimages/medium/750984.jpg",
        "name": "Pedigree Adult Dog Food Large Breed Beef 8kg",
        "price": 17.5,
        "unitPrice": "$0.22 / 100G"
    },
    {
        "category": "specials",
        "href": "https://www.woolworths.com.au/shop/productdetails/375730/nature-s-own-odourless-fish-oil-2000mg-capsule",
        "imgName": "375730.jpg",
        "imgSrc": "https://cdn0.woolworths.media/content/wowproductimages/medium/375730.jpg",
        "name": "Nature's Own Odourless Fish Oil 2000mg Capsule 200",
        "price": 17,
        "unitPrice": "$8.50 / 100EA"
    },
    {
        "category": "specials",
        "href": "https://www.woolworths.com.au/shop/productdetails/377190/easy-off-bam-bathroom-cleaner-active-foam-soap-scum-shower",
        "imgName": "377190.jpg",
        "imgSrc": "https://cdn0.woolworths.media/content/wowproductimages/medium/377190.jpg",
        "name": "Easy Off Bam Bathroom Cleaner Active Foam Soap Scum & Shower 390g",
        "price": 5,
        "unitPrice": "$1.28 / 100G"
    },
    {
        "category": "specials",
        "href": "https://www.woolworths.com.au/shop/productdetails/362478/cottee-s-cordial-apple-rasp-no-added-sugar",
        "imgName": "362478.jpg",
        "imgSrc": "https://cdn0.woolworths.media/content/wowproductimages/medium/362478.jpg",
        "name": "Cottee's Cordial Apple & Rasp No Added Sugar 1l",
        "price": 4.2,
        "special": 3.5,
        "unitPrice": "$3.50 / 1L"
    },
    {
        "category": "specials",
        "href": "https://www.woolworths.com.au/shop/productdetails/477630/felix-sensations-cat-food-mixed-menus",
        "imgName": "477630.jpg",
        "imgSrc": "https://cdn0.woolworths.media/content/wowproductimages/medium/477630.jpg",
        "name": "Felix Sensations Cat Food Mixed Menus 1020g",
        "price": 10.69,
        "special": 8.5,
        "unitPrice": "$0.83 / 100G"
    },
    {
        "category": "specials",
        "href": "https://www.woolworths.com.au/shop/productdetails/758381/kan-tong-stir-fry-sauce-peanut-satay",
        "imgName": "758381.jpg",
        "imgSrc": "https://cdn0.woolworths.media/content/wowproductimages/medium/758381.jpg",
        "name": "Kan Tong Stir Fry Sauce Peanut Satay 505g",
        "price": 3.29,
        "unitPrice": "$0.65 / 100G"
    },
    {
        "category": "specials",
        "href": "https://www.woolworths.com.au/shop/productdetails/763441/ansell-gloves-powder-free-disposable-large",
        "imgName": "763441.jpg",
        "imgSrc": "https://cdn0.woolworths.media/content/wowproductimages/medium/763441.jpg",
        "name": "Ansell Gloves Powder Free Disposable Large 24pk",
        "price": 3.99,
        "special": 3.55,
        "unitPrice": "$0.15 / 1EA"
    },
    {
        "category": "specials",
        "href": "https://www.woolworths.com.au/shop/productdetails/790503/heinz-little-kids-1-3-years-banana-oats-with-cinnamon",
        "imgName": "790503.jpg",
        "imgSrc": "https://cdn0.woolworths.media/content/wowproductimages/medium/790503.jpg",
        "name": "Heinz Little Kids 1-3 Years Banana Oats With Cinnamon 150g",
        "price": 1.5,
        "unitPrice": "$1.00 / 100G"
    },
    {
        "category": "specials",
        "href": "https://www.woolworths.com.au/shop/productdetails/445317/raguletto-pasta-sauce-italian-herbs",
        "imgName": "445317.jpg",
        "imgSrc": "https://cdn0.woolworths.media/content/wowproductimages/medium/445317.jpg",
        "name": "Raguletto Pasta Sauce Italian Herbs 500g",
        "price": 1.7,
        "unitPrice": "$0.34 / 100G"
    },
    {
        "category": "specials",
        "href": "https://www.woolworths.com.au/shop/productdetails/733501/claratyne-hay-fever-allergy-relief-loratadine-10mg",
        "imgName": "733501.jpg",
        "imgSrc": "https://cdn0.woolworths.media/content/wowproductimages/medium/733501.jpg",
        "name": "Claratyne Hay Fever Allergy Relief Loratadine 10mg 5pk",
        "price": 7,
        "special": 5.6,
        "unitPrice": "$1.12 / 1EA"
    },
    {
        "category": "specials",
        "href": "https://www.woolworths.com.au/shop/productdetails/754029/garnier-olia-7-0-dark-blonde",
        "imgName": "754029.jpg",
        "imgSrc": "https://cdn0.woolworths.media/content/wowproductimages/medium/754029.jpg",
        "name": "Garnier Olia 7.0 Dark Blonde 1pk",
        "price": 17,
        "special": 12
    },
    {
        "category": "specials",
        "href": "https://www.woolworths.com.au/shop/productdetails/343798/sensodyne-pronamel-toothpaste-gentle-whitening",
        "imgName": "343798.jpg",
        "imgSrc": "https://cdn0.woolworths.media/content/wowproductimages/medium/343798.jpg",
        "name": "Sensodyne Pronamel Toothpaste Gentle Whitening 110g",
        "price": 9.2,
        "special": 7,
        "unitPrice": "$6.36 / 100G"
    },
    {
        "category": "specials",
        "href": "https://www.woolworths.com.au/shop/productdetails/750525/heinz-soup-of-the-day-soup-pouch-tomato-vegetable-lentil",
        "imgName": "750525.jpg",
        "imgSrc": "https://cdn0.woolworths.media/content/wowproductimages/medium/750525.jpg",
        "name": "Heinz Soup Of The Day Soup Pouch Tomato, Vegetable & Lentil 430g",
        "price": 3,
        "unitPrice": "$0.70 / 100G"
    },
    {
        "category": "specials",
        "href": "https://www.woolworths.com.au/shop/productdetails/726259/woolworths-almonds-blanched",
        "imgName": "726259.jpg",
        "imgSrc": "https://cdn0.woolworths.media/content/wowproductimages/medium/726259.jpg",
        "name": "Woolworths Almonds Blanched 120g",
        "price": 4,
        "special": 3.5,
        "unitPrice": "$29.17 / 1KG"
    },
    {
        "category": "specials",
        "href": "https://www.woolworths.com.au/shop/productdetails/756636/mars-frozen-bars",
        "imgName": "756636.jpg",
        "imgSrc": "https://cdn0.woolworths.media/content/wowproductimages/medium/756636.jpg",
        "name": "Mars Frozen Bars  6pk 306ml",
        "price": 8,
        "special": 5,
        "unitPrice": "$1.63 / 100ML"
    },
    {
        "category": "specials",
        "href": "https://www.woolworths.com.au/shop/productdetails/779452/garnier-make-up-remover-wipes-pink",
        "imgName": "779452.jpg",
        "imgSrc": "https://cdn0.woolworths.media/content/wowproductimages/medium/779452.jpg",
        "name": "Garnier Make Up Remover Wipes Pink 25pk",
        "price": 7,
        "special": 4.9,
        "unitPrice": "$0.20 / 1EA"
    },
    {
        "category": "specials",
        "href": "https://www.woolworths.com.au/shop/productdetails/840841/fancy-feast-inspirations-with-tuna-courgette-wholegrain-rice",
        "imgName": "840841.jpg",
        "imgSrc": "https://cdn0.woolworths.media/content/wowproductimages/medium/840841.jpg",
        "name": "Fancy Feast Inspirations With Tuna Courgette & Wholegrain Rice 70g",
        "price": 1.29,
        "unitPrice": "$1.84 / 100G"
    },
    {
        "category": "specials",
        "href": "https://www.woolworths.com.au/shop/productdetails/841294/dettol-liquid-hand-wash-pump-wild-rose-berry",
        "imgName": "841294.jpg",
        "imgSrc": "https://cdn0.woolworths.media/content/wowproductimages/medium/841294.jpg",
        "name": "Dettol Liquid Hand Wash Pump Wild Rose & Berry 250ml",
        "price": 2,
        "unitPrice": "$0.80 / 100ML"
    },
    {
        "category": "specials",
        "href": "https://www.woolworths.com.au/shop/productdetails/791225/jed-s-coffee-co-coffee-bean-bags-no-3",
        "imgName": "791225.jpg",
        "imgSrc": "https://cdn0.woolworths.media/content/wowproductimages/medium/791225.jpg",
        "name": "Jed's Coffee Co. Coffee Bean Bags No. 3 10pk 80g",
        "price": 6,
        "special": 4.5,
        "unitPrice": "$5.63 / 100G"
    },
    {
        "category": "specials",
        "href": "https://www.woolworths.com.au/shop/productdetails/792121/sunrice-brown-rice-and-chia-cup",
        "imgName": "792121.jpg",
        "imgSrc": "https://cdn0.woolworths.media/content/wowproductimages/medium/792121.jpg",
        "name": "Sunrice Brown Rice And Chia Cup 250g",
        "price": 2.8,
        "unitPrice": "$1.12 / 100G"
    },
    {
        "category": "specials",
        "href": "https://www.woolworths.com.au/shop/productdetails/830604/fantastic-sesame-poppy-sunflower-seed-goodies",
        "imgName": "830604.jpg",
        "imgSrc": "https://cdn0.woolworths.media/content/wowproductimages/medium/830604.jpg",
        "name": "Fantastic Sesame Poppy & Sunflower Seed Goodies 100g",
        "price": 2.5,
        "special": 2,
        "unitPrice": "$2.00 / 100G"
    },
    {
        "category": "specials",
        "href": "https://www.woolworths.com.au/shop/productdetails/781061/cc-s-corn-chips-original",
        "imgName": "781061.jpg",
        "imgSrc": "https://cdn0.woolworths.media/content/wowproductimages/medium/781061.jpg",
        "name": "Cc's Corn Chips Original 175g",
        "price": 3.2,
        "special": 2.5,
        "unitPrice": "$1.43 / 100G"
    },
    {
        "category": "specials",
        "href": "https://www.woolworths.com.au/shop/productdetails/824365/woolworths-plain-water-crackers",
        "imgName": "824365.jpg",
        "imgSrc": "https://cdn0.woolworths.media/content/wowproductimages/medium/824365.jpg",
        "name": "Woolworths Plain Water Crackers 125g",
        "price": 0.95,
        "unitPrice": "$0.76 / 100G"
    },
    {
        "category": "specials",
        "href": "https://www.woolworths.com.au/shop/productdetails/827982/nescafe-gold-instant-coffee-intense",
        "imgName": "827982.jpg",
        "imgSrc": "https://cdn0.woolworths.media/content/wowproductimages/medium/827982.jpg",
        "name": "Nescafe Gold Instant Coffee Intense 190g",
        "price": 18,
        "special": 12,
        "unitPrice": "$6.32 / 100G"
    },
    {
        "category": "specials",
        "href": "https://www.woolworths.com.au/shop/productdetails/777201/woolworths-free-from-gluten-ingredients-tortilla-corn",
        "imgName": "777201.jpg",
        "imgSrc": "https://cdn0.woolworths.media/content/wowproductimages/medium/777201.jpg",
        "name": "Woolworths Free From Gluten Ingredients Tortilla Corn 280g",
        "price": 3.5,
        "unitPrice": "$1.25 / 100G"
    },
    {
        "category": "specials",
        "href": "https://www.woolworths.com.au/shop/productdetails/758374/kan-tong-stir-fry-sauce-pineapple-sweet-sour",
        "imgName": "758374.jpg",
        "imgSrc": "https://cdn0.woolworths.media/content/wowproductimages/medium/758374.jpg",
        "name": "Kan Tong Stir Fry Sauce Pineapple Sweet & Sour 515g",
        "price": 3.29,
        "unitPrice": "$0.64 / 100G"
    },
    {
        "category": "specials",
        "href": "https://www.woolworths.com.au/shop/productdetails/781823/brite-organix-semi-permanent-hair-colour-limited-edition-red",
        "imgName": "781823.jpg",
        "imgSrc": "https://cdn0.woolworths.media/content/wowproductimages/medium/781823.jpg",
        "name": "Brite Organix Semi Permanent Hair Colour Limited Edition Red 75ml",
        "price": 10,
        "special": 8,
        "unitPrice": "$10.67 / 100ML"
    },
    {
        "category": "specials",
        "href": "https://www.woolworths.com.au/shop/productdetails/763681/ingham-breast-schnitzel-gluten-free",
        "imgName": "763681.jpg",
        "imgSrc": "https://cdn0.woolworths.media/content/wowproductimages/medium/763681.jpg",
        "name": "Ingham Breast Schnitzel Gluten Free 400g",
        "price": 9,
        "special": 8,
        "unitPrice": "$20.00 / 1KG"
    },
    {
        "category": "specials",
        "href": "https://www.woolworths.com.au/shop/productdetails/784403/whiskas-adult-cat-food-with-chicken",
        "imgName": "784403.jpg",
        "imgSrc": "https://cdn0.woolworths.media/content/wowproductimages/medium/784403.jpg",
        "name": "Whiskas Adult Cat Food With Chicken 12pk",
        "price": 7,
        "unitPrice": "$0.69 / 100G"
    },
    {
        "category": "specials",
        "href": "https://www.woolworths.com.au/shop/productdetails/758876/bonds-underwear-hi-leg-plain",
        "imgName": "758876.jpg",
        "imgSrc": "https://cdn0.woolworths.media/content/wowproductimages/medium/758876.jpg",
        "name": "Bonds Underwear Hi Leg Plain 14",
        "price": 13,
        "special": 6.5
    },
    {
        "category": "specials",
        "href": "https://www.woolworths.com.au/shop/productdetails/782541/adesso-appliance-stick-blender-with-beaker",
        "imgName": "782541.jpg",
        "imgSrc": "https://cdn0.woolworths.media/content/wowproductimages/medium/782541.jpg",
        "name": "Adesso Appliance Stick Blender With Beaker each",
        "price": 23,
        "special": 18.4
    },
    {
        "category": "specials",
        "href": "https://www.woolworths.com.au/shop/productdetails/657403/my-dog-beef-liver-dog-food",
        "imgName": "657403.jpg",
        "imgSrc": "https://cdn0.woolworths.media/content/wowproductimages/medium/657403.jpg",
        "name": "My Dog Beef & Liver Dog Food 12x100g",
        "price": 12,
        "unitPrice": "$1.00 / 100G"
    },
    {
        "category": "specials",
        "href": "https://www.woolworths.com.au/shop/productdetails/841494/rexona-men-antiperspirant-roll-on-deodorant-turbo",
        "imgName": "841494.jpg",
        "imgSrc": "https://cdn0.woolworths.media/content/wowproductimages/medium/841494.jpg",
        "name": "Rexona Men Antiperspirant Roll On Deodorant Turbo 50ml",
        "price": 4,
        "special": 3,
        "unitPrice": "$6.00 / 100ML"
    },
    {
        "category": "specials",
        "href": "https://www.woolworths.com.au/shop/productdetails/842618/palmolive-naturals-intensive-moisture-conditioner",
        "imgName": "842618.jpg",
        "imgSrc": "https://cdn0.woolworths.media/content/wowproductimages/medium/842618.jpg",
        "name": "Palmolive Naturals Intensive Moisture Conditioner 350ml",
        "price": 5,
        "special": 4,
        "unitPrice": "$1.14 / 100ML"
    },
    {
        "category": "specials",
        "href": "https://www.woolworths.com.au/shop/productdetails/705173/scharzkopf-live-salon-hair-colour-1-1-blue-black",
        "imgName": "705173.jpg",
        "imgSrc": "https://cdn0.woolworths.media/content/wowproductimages/medium/705173.jpg",
        "name": "Scharzkopf Live Salon Hair Colour 1.1 Blue Black each",
        "price": 14,
        "special": 8.4
    },
    {
        "category": "specials",
        "href": "https://www.woolworths.com.au/shop/productdetails/727164/herbal-essences-shampoo-replenishing",
        "imgName": "727164.jpg",
        "imgSrc": "https://cdn0.woolworths.media/content/wowproductimages/medium/727164.jpg",
        "name": "Herbal Essences Shampoo Replenishing 490ml",
        "price": 9,
        "special": 7,
        "unitPrice": "$1.43 / 100ML"
    },
    {
        "category": "specials",
        "href": "https://www.woolworths.com.au/shop/productdetails/923943/my-dog-adult-dog-food-home-recipe-chicken-rice-veg",
        "imgName": "923943.jpg",
        "imgSrc": "https://cdn0.woolworths.media/content/wowproductimages/medium/923943.jpg",
        "name": "My Dog Adult Dog Food Home Recipe Chicken Rice & Veg 100g",
        "price": 1.45,
        "special": 1.1,
        "unitPrice": "$1.10 / 100G"
    },
    {
        "category": "specials",
        "href": "https://www.woolworths.com.au/shop/productdetails/826417/cadbury-dairy-milk-chocolate-top-deck",
        "imgName": "826417.jpg",
        "imgSrc": "https://cdn0.woolworths.media/content/wowproductimages/medium/826417.jpg",
        "name": "Cadbury Dairy Milk Chocolate Top Deck 200g block",
        "price": 5,
        "special": 3.5,
        "unitPrice": "$1.75 / 100G"
    },
    {
        "category": "specials",
        "href": "https://www.woolworths.com.au/shop/productdetails/787165/golden-circle-orange-mango-fruit-drink",
        "imgName": "787165.jpg",
        "imgSrc": "https://cdn0.woolworths.media/content/wowproductimages/medium/787165.jpg",
        "name": "Golden Circle Orange & Mango Fruit Drink 2l",
        "price": 3,
        "unitPrice": "$1.50 / 1L"
    },
    {
        "category": "specials",
        "href": "https://www.woolworths.com.au/shop/productdetails/867487/air-wick-life-scents-mystical-garden-aerosol",
        "imgName": "867487.jpg",
        "imgSrc": "https://cdn0.woolworths.media/content/wowproductimages/medium/867487.jpg",
        "name": "Air Wick Life Scents Mystical Garden Aerosol 208g",
        "price": 5,
        "special": 4,
        "unitPrice": "$1.92 / 100G"
    },
    {
        "category": "specials",
        "href": "https://www.woolworths.com.au/shop/productdetails/828464/continental-cup-a-soup-vine-ripened-tomato-mascarpone-basil",
        "imgName": "828464.jpg",
        "imgSrc": "https://cdn0.woolworths.media/content/wowproductimages/medium/828464.jpg",
        "name": "Continental Cup A Soup Vine Ripened Tomato Mascarpone & Basil 96g",
        "price": 3.5,
        "unitPrice": "$3.65 / 100G"
    },
    {
        "category": "specials",
        "href": "https://www.woolworths.com.au/shop/productdetails/828512/sunrice-street-snack-chicken-pad-thai",
        "imgName": "828512.jpg",
        "imgSrc": "https://cdn0.woolworths.media/content/wowproductimages/medium/828512.jpg",
        "name": "Sunrice Street Snack Chicken Pad Thai 200g",
        "price": 4,
        "special": 3,
        "unitPrice": "$1.50 / 100G"
    },
    {
        "category": "specials",
        "href": "https://www.woolworths.com.au/shop/productdetails/838678/on-the-menu-chicken-fettucine",
        "imgName": "838678.jpg",
        "imgSrc": "https://cdn0.woolworths.media/content/wowproductimages/medium/838678.jpg",
        "name": "On The Menu Chicken Fettucine 260g",
        "price": 3,
        "special": 2.7,
        "unitPrice": "$1.04 / 100G"
    },
    {
        "category": "specials",
        "href": "https://www.woolworths.com.au/shop/productdetails/785763/praise-tartare-sauce",
        "imgName": "785763.jpg",
        "imgSrc": "https://cdn0.woolworths.media/content/wowproductimages/medium/785763.jpg",
        "name": "Praise Tartare Sauce  250ml",
        "price": 3,
        "special": 2.4,
        "unitPrice": "$0.96 / 100ML"
    },
    {
        "category": "specials",
        "href": "https://www.woolworths.com.au/shop/productdetails/528237/strike-kitchen-cleaner-antibacterial-lemon-crush",
        "imgName": "528237.jpg",
        "imgSrc": "https://cdn0.woolworths.media/content/wowproductimages/medium/528237.jpg",
        "name": "Strike Kitchen Cleaner Antibacterial Lemon Crush 600ml",
        "price": 2,
        "unitPrice": "$0.33 / 100ML"
    },
    {
        "category": "specials",
        "href": "https://www.woolworths.com.au/shop/productdetails/825167/woolworths-select-little-wafers",
        "imgName": "825167.jpg",
        "imgSrc": "https://cdn0.woolworths.media/content/wowproductimages/medium/825167.jpg",
        "name": "Woolworths Select Little Wafers 6pk 175g",
        "price": 2.5,
        "unitPrice": "$1.43 / 100G"
    },
    {
        "category": "specials",
        "href": "https://www.woolworths.com.au/shop/productdetails/782536/inspire-bakeware-spring-form-pan",
        "imgName": "782536.jpg",
        "imgSrc": "https://cdn0.woolworths.media/content/wowproductimages/medium/782536.jpg",
        "name": "Inspire Bakeware Spring Form Pan 22.5cm each",
        "price": 6,
        "special": 4.2
    },
    {
        "category": "specials",
        "href": "https://www.woolworths.com.au/shop/productdetails/783872/tena-pads-extra-plus",
        "imgName": "783872.jpg",
        "imgSrc": "https://cdn0.woolworths.media/content/wowproductimages/medium/783872.jpg",
        "name": "Tena Pads Extra Plus 8pk",
        "price": 5.25,
        "unitPrice": "$0.66 / 1EA"
    },
    {
        "category": "specials",
        "href": "https://www.woolworths.com.au/shop/productdetails/781527/connoisseur-minis-salted-caramel-macadamia",
        "imgName": "781527.jpg",
        "imgSrc": "https://cdn0.woolworths.media/content/wowproductimages/medium/781527.jpg",
        "name": "Connoisseur Minis Salted Caramel & Macadamia 6pk 360ml",
        "price": 8.4,
        "special": 6,
        "unitPrice": "$1.67 / 100ML"
    },
    {
        "category": "specials",
        "href": "https://www.woolworths.com.au/shop/productdetails/800382/nescafe-gold-instant-coffee-original-roast",
        "imgName": "800382.jpg",
        "imgSrc": "https://cdn0.woolworths.media/content/wowproductimages/medium/800382.jpg",
        "name": "Nescafe Gold Instant Coffee Original Roast 350g",
        "price": 20,
        "special": 15,
        "unitPrice": "$4.29 / 100G"
    },
    {
        "category": "specials",
        "href": "https://www.woolworths.com.au/shop/productdetails/759150/bonds-ladies-underwear-hipster-bikini-fashion-size-14",
        "imgName": "759150.jpg",
        "imgSrc": "https://cdn0.woolworths.media/content/wowproductimages/medium/759150.jpg",
        "name": "Bonds Ladies Underwear Hipster Bikini Fashion Size 14 2pk",
        "price": 18,
        "special": 9
    },
    {
        "category": "specials",
        "href": "https://www.woolworths.com.au/shop/productdetails/966478/san-remo-wholemeal-cous-cous",
        "imgName": "966478.jpg",
        "imgSrc": "https://cdn0.woolworths.media/content/wowproductimages/medium/966478.jpg",
        "name": "San Remo Wholemeal Cous Cous  500g",
        "price": 2.75,
        "special": 2.2,
        "unitPrice": "$0.44 / 100G"
    },
    {
        "category": "specials",
        "href": "https://www.woolworths.com.au/shop/productdetails/957075/moki-bluetooth-wireless-speaker-bassdisc",
        "imgName": "957075.jpg",
        "imgSrc": "https://cdn0.woolworths.media/content/wowproductimages/medium/957075.jpg",
        "name": "Moki Bluetooth Wireless Speaker Bassdisc each",
        "price": 39.99,
        "special": 27.99
    },
    {
        "category": "specials",
        "href": "https://www.woolworths.com.au/shop/productdetails/958720/leggos-agnolotti-with-spinach-ricotta-parmesan",
        "imgName": "958720.jpg",
        "imgSrc": "https://cdn0.woolworths.media/content/wowproductimages/medium/958720.jpg",
        "name": "Leggos Agnolotti With Spinach Ricotta & Parmesan 360g",
        "price": 4,
        "unitPrice": "$1.11 / 100G"
    },
    {
        "category": "specials",
        "href": "https://www.woolworths.com.au/shop/productdetails/757339/bed-head-conditioner-resurrection",
        "imgName": "757339.jpg",
        "imgSrc": "https://cdn0.woolworths.media/content/wowproductimages/medium/757339.jpg",
        "name": "Bed Head Conditioner Resurrection 200ml",
        "price": 19,
        "unitPrice": "$9.50 / 100ML"
    },
    {
        "category": "specials",
        "href": "https://www.woolworths.com.au/shop/productdetails/908396/waipara-hills-pinot-noir",
        "imgName": "908396.jpg",
        "imgSrc": "https://cdn0.woolworths.media/content/wowproductimages/medium/908396.jpg",
        "name": "Waipara Hills Pinot Noir  750ml bottle",
        "price": 20,
        "special": 14
    },
    {
        "category": "specials",
        "href": "https://www.woolworths.com.au/shop/productdetails/881208/decor-match-ups-storer-tall-oblong",
        "imgName": "881208.jpg",
        "imgSrc": "https://cdn0.woolworths.media/content/wowproductimages/medium/881208.jpg",
        "name": "Decor Match-ups Storer Tall Oblong 3l",
        "price": 9.99,
        "special": 4.99
    },
    {
        "category": "specials",
        "href": "https://www.woolworths.com.au/shop/productdetails/841493/rexona-men-antiperspirant-roll-on-deodorant-sport",
        "imgName": "841493.jpg",
        "imgSrc": "https://cdn0.woolworths.media/content/wowproductimages/medium/841493.jpg",
        "name": "Rexona Men Antiperspirant Roll On Deodorant Sport 50ml",
        "price": 4,
        "special": 3,
        "unitPrice": "$6.00 / 100ML"
    },
    {
        "category": "specials",
        "href": "https://www.woolworths.com.au/shop/productdetails/923880/nair-sensitive-strip-free-wax",
        "imgName": "923880.jpg",
        "imgSrc": "https://cdn0.woolworths.media/content/wowproductimages/medium/923880.jpg",
        "name": "Nair Sensitive Strip Free Wax  400g",
        "price": 22,
        "special": 17.5,
        "unitPrice": "$4.38 / 100G"
    },
    {
        "category": "specials",
        "href": "https://www.woolworths.com.au/shop/productdetails/907158/arrogant-frog-imported-syrah-rose",
        "imgName": "907158.jpg",
        "imgSrc": "https://cdn0.woolworths.media/content/wowproductimages/medium/907158.jpg",
        "name": "Arrogant Frog Imported Syrah Rose 750ml",
        "price": 13,
        "special": 10
    },
    {
        "category": "specials",
        "href": "https://www.woolworths.com.au/shop/productdetails/773801/sss-dips-hommus",
        "imgName": "773801.jpg",
        "imgSrc": "https://cdn0.woolworths.media/content/wowproductimages/medium/773801.jpg",
        "name": "Sss Dips Hommus 225g",
        "price": 3.5,
        "special": 3.1,
        "unitPrice": "$1.38 / 100G"
    },
    {
        "category": "specials",
        "href": "https://www.woolworths.com.au/shop/productdetails/935689/juicy-isle-good-sparkling-drink-organic-apple-juice",
        "imgName": "935689.jpg",
        "imgSrc": "https://cdn0.woolworths.media/content/wowproductimages/medium/935689.jpg",
        "name": "Juicy Isle Good Sparkling Drink Organic Apple Juice 750ml",
        "price": 3.65,
        "special": 3.05,
        "unitPrice": "$4.07 / 1L"
    },
    {
        "category": "specials",
        "href": "https://www.woolworths.com.au/shop/productdetails/923909/decor-thermostone-baking-dish-oblong",
        "imgName": "923909.jpg",
        "imgSrc": "https://cdn0.woolworths.media/content/wowproductimages/medium/923909.jpg",
        "name": "Decor Thermostone Baking Dish Oblong 3l",
        "price": 28.99,
        "special": 14.49
    },
    {
        "category": "specials",
        "href": "https://www.woolworths.com.au/shop/productdetails/121530/pandaroo-vermicelli-bean-thread",
        "imgName": "121530.jpg",
        "imgSrc": "https://cdn0.woolworths.media/content/wowproductimages/medium/121530.jpg",
        "name": "Pandaroo Vermicelli Bean Thread 250g",
        "price": 1.6,
        "special": 1.3,
        "unitPrice": "$0.52 / 100G"
    },
    {
        "category": "specials",
        "href": "https://www.woolworths.com.au/shop/productdetails/12311/sara-lee-ice-cream-french-vanilla",
        "imgName": "012311.jpg",
        "imgSrc": "https://cdn0.woolworths.media/content/wowproductimages/medium/012311.jpg",
        "name": "Sara Lee Ice Cream French Vanilla 1l tub",
        "price": 9,
        "special": 6,
        "unitPrice": "$0.60 / 100ML"
    },
    {
        "category": "specials",
        "href": "https://www.woolworths.com.au/shop/productdetails/145951/continental-value-pack-flavoured-rice-chicken",
        "imgName": "145951.jpg",
        "imgSrc": "https://cdn0.woolworths.media/content/wowproductimages/medium/145951.jpg",
        "name": "Continental Value Pack Flavoured Rice Chicken 190g",
        "price": 2.99,
        "unitPrice": "$1.57 / 100G"
    },
    {
        "category": "specials",
        "href": "https://www.woolworths.com.au/shop/productdetails/158895/vip-adult-dog-food-chicken-chunkers",
        "imgName": "158895.jpg",
        "imgSrc": "https://cdn0.woolworths.media/content/wowproductimages/medium/158895.jpg",
        "name": "Vip Adult Dog Food Chicken Chunkers 1kg",
        "price": 5,
        "special": 4.25,
        "unitPrice": "$0.43 / 100G"
    },
    {
        "category": "specials",
        "href": "https://www.woolworths.com.au/shop/productdetails/209450/lamb-midloin-chops-large",
        "imgName": "209450.jpg",
        "imgSrc": "https://cdn0.woolworths.media/content/wowproductimages/medium/209450.jpg",
        "name": "Lamb Midloin Chops Large min. 450g",
        "price": 10.35,
        "special": 8.1,
        "unitPrice": "$18.00 / 1KG"
    },
    {
        "category": "specials",
        "href": "https://www.woolworths.com.au/shop/productdetails/209517/lamb-leg-roast",
        "imgName": "209517.jpg",
        "imgSrc": "https://cdn0.woolworths.media/content/wowproductimages/medium/209517.jpg",
        "name": "Lamb Leg Roast  min. 1.85kg",
        "price": 18.5,
        "special": 16.65,
        "unitPrice": "$9.00 / 1KG"
    },
    {
        "category": "specials",
        "href": "https://www.woolworths.com.au/shop/productdetails/225298/saxbys-ginger-beer",
        "imgName": "225298.jpg",
        "imgSrc": "https://cdn0.woolworths.media/content/wowproductimages/medium/225298.jpg",
        "name": "Saxbys Ginger Beer  4x375ml",
        "price": 5.5,
        "special": 4.6,
        "unitPrice": "$3.07 / 1L"
    },
    {
        "category": "specials",
        "href": "https://www.woolworths.com.au/shop/productdetails/226913/red-bull-energy-drink-sugar-free",
        "imgName": "226913.jpg",
        "imgSrc": "https://cdn0.woolworths.media/content/wowproductimages/medium/226913.jpg",
        "name": "Red Bull Energy Drink Sugar Free 4x250ml",
        "price": 10.75,
        "special": 6,
        "unitPrice": "$6.00 / 1L"
    },
    {
        "category": "specials",
        "href": "https://www.woolworths.com.au/shop/productdetails/22745/ferrero-rocher-chocolates",
        "imgName": "022745.jpg",
        "imgSrc": "https://cdn0.woolworths.media/content/wowproductimages/medium/022745.jpg",
        "name": "Ferrero Rocher Chocolates  5pk 60g box",
        "price": 4.2,
        "special": 3,
        "unitPrice": "$5.00 / 100G"
    },
    {
        "category": "specials",
        "href": "https://www.woolworths.com.au/shop/productdetails/230367/devondale-semi-skim-long-life-milk",
        "imgName": "230367.jpg",
        "imgSrc": "https://cdn0.woolworths.media/content/wowproductimages/medium/230367.jpg",
        "name": "Devondale Semi Skim Long Life Milk 1l",
        "price": 1.3,
        "unitPrice": "$1.30 / 1L"
    },
    {
        "category": "specials",
        "href": "https://www.woolworths.com.au/shop/productdetails/247510/chux-magic-eraser-bathroom",
        "imgName": "247510.jpg",
        "imgSrc": "https://cdn0.woolworths.media/content/wowproductimages/medium/247510.jpg",
        "name": "Chux Magic Eraser Bathroom 2pk",
        "price": 5.29,
        "special": 4.69,
        "unitPrice": "$2.35 / 1EA"
    },
    {
        "category": "specials",
        "href": "https://www.woolworths.com.au/shop/productdetails/249629/nutino-hazelnut-spread-spread",
        "imgName": "249629.jpg",
        "imgSrc": "https://cdn0.woolworths.media/content/wowproductimages/medium/249629.jpg",
        "name": "Nutino Hazelnut Spread Spread 220g",
        "price": 2.5,
        "unitPrice": "$1.14 / 100G"
    },
    {
        "category": "specials",
        "href": "https://www.woolworths.com.au/shop/productdetails/261227/fancy-feast-adult-cat-food-grilled-ocean-fish",
        "imgName": "261227.jpg",
        "imgSrc": "https://cdn0.woolworths.media/content/wowproductimages/medium/261227.jpg",
        "name": "Fancy Feast Adult Cat Food Grilled Ocean Fish 85g",
        "price": 1.2,
        "special": 0.9,
        "unitPrice": "$1.06 / 100G"
    },
    {
        "category": "specials",
        "href": "https://www.woolworths.com.au/shop/productdetails/297146/woolworths-butter-cake-with-sultanas",
        "imgName": "297146.jpg",
        "imgSrc": "https://cdn0.woolworths.media/content/wowproductimages/medium/297146.jpg",
        "name": "Woolworths Butter Cake With Sultanas 480g",
        "price": 4.5,
        "unitPrice": "$0.94 / 100G"
    },
    {
        "category": "specials",
        "href": "https://www.woolworths.com.au/shop/productdetails/297363/u-by-kotex-tampons-regular-bulk",
        "imgName": "297363.jpg",
        "imgSrc": "https://cdn0.woolworths.media/content/wowproductimages/medium/297363.jpg",
        "name": "U By Kotex Tampons Regular Bulk 32pk",
        "price": 7.5,
        "unitPrice": "$0.23 / 1EA"
    },
    {
        "category": "specials",
        "href": "https://www.woolworths.com.au/shop/productdetails/302209/oral-b-pro-white-powered-toothbrush-heads",
        "imgName": "302209.jpg",
        "imgSrc": "https://cdn0.woolworths.media/content/wowproductimages/medium/302209.jpg",
        "name": "Oral-b Pro White Powered Toothbrush Heads  2pk",
        "price": 16.75,
        "unitPrice": "$8.38 / 1EA"
    },
    {
        "category": "specials",
        "href": "https://www.woolworths.com.au/shop/productdetails/305195/lipton-ice-green-tea-light-lemon",
        "imgName": "305195.jpg",
        "imgSrc": "https://cdn0.woolworths.media/content/wowproductimages/medium/305195.jpg",
        "name": "Lipton Ice Green Tea Light Lemon 1.5l",
        "price": 3.9,
        "special": 1.89,
        "unitPrice": "$1.26 / 1L"
    },
    {
        "category": "specials",
        "href": "https://www.woolworths.com.au/shop/productdetails/305224/lipton-ice-tea-peach",
        "imgName": "305224.jpg",
        "imgSrc": "https://cdn0.woolworths.media/content/wowproductimages/medium/305224.jpg",
        "name": "Lipton Ice Tea Peach 1.5l",
        "price": 3.9,
        "special": 1.89,
        "unitPrice": "$1.26 / 1L"
    },
    {
        "category": "specials",
        "href": "https://www.woolworths.com.au/shop/productdetails/307450/dermeze-soap-free-body-wash-facial-cleanser",
        "imgName": "307450.jpg",
        "imgSrc": "https://cdn0.woolworths.media/content/wowproductimages/medium/307450.jpg",
        "name": "Dermeze Soap Free Body Wash & Facial Cleanser 1l",
        "price": 17.99,
        "special": 14.5,
        "unitPrice": "$1.45 / 100ML"
    },
    {
        "category": "specials",
        "href": "https://www.woolworths.com.au/shop/productdetails/308688/steggles-chicken-pieces-fingers-salt-pepper",
        "imgName": "308688.jpg",
        "imgSrc": "https://cdn0.woolworths.media/content/wowproductimages/medium/308688.jpg",
        "name": "Steggles Chicken Pieces Fingers Salt & Pepper 400g",
        "price": 6.8,
        "special": 4,
        "unitPrice": "$10.00 / 1KG"
    },
    {
        "category": "specials",
        "href": "https://www.woolworths.com.au/shop/productdetails/310378/aeroplane-jelly-original-lemon",
        "imgName": "310378.jpg",
        "imgSrc": "https://cdn0.woolworths.media/content/wowproductimages/medium/310378.jpg",
        "name": "Aeroplane Jelly Original Lemon 85g",
        "price": 1.15,
        "unitPrice": "$1.35 / 100G"
    },
    {
        "category": "specials",
        "href": "https://www.woolworths.com.au/shop/productdetails/310742/ingham-s-turkey-mince",
        "imgName": "310742.jpg",
        "imgSrc": "https://cdn0.woolworths.media/content/wowproductimages/medium/310742.jpg",
        "name": "Ingham's Turkey Mince min. 500g",
        "price": 5.99,
        "unitPrice": "$11.98 / 1KG"
    },
    {
        "category": "specials",
        "href": "https://www.woolworths.com.au/shop/productdetails/311364/tic-tac-orange",
        "imgName": "311364.jpg",
        "imgSrc": "https://cdn0.woolworths.media/content/wowproductimages/medium/311364.jpg",
        "name": "Tic Tac Orange  49g box",
        "price": 3,
        "unitPrice": "$6.12 / 100G"
    },
    {
        "category": "specials",
        "href": "https://www.woolworths.com.au/shop/productdetails/323465/mars-snickers-funsize-sharepack",
        "imgName": "323465.jpg",
        "imgSrc": "https://cdn0.woolworths.media/content/wowproductimages/medium/323465.jpg",
        "name": "Mars Snickers Funsize Sharepack 12pk 216g",
        "price": 4.6,
        "special": 3.5,
        "unitPrice": "$1.62 / 100G"
    },
    {
        "category": "specials",
        "href": "https://www.woolworths.com.au/shop/productdetails/330369/mars-bounty",
        "imgName": "330369.jpg",
        "imgSrc": "https://cdn0.woolworths.media/content/wowproductimages/medium/330369.jpg",
        "name": "Mars Bounty  45g bar",
        "price": 2,
        "special": 1,
        "unitPrice": "$2.22 / 100G"
    },
    {
        "category": "specials",
        "href": "https://www.woolworths.com.au/shop/productdetails/33311/crisco-vegetable-blended-oil",
        "imgName": "033311.jpg",
        "imgSrc": "https://cdn0.woolworths.media/content/wowproductimages/medium/033311.jpg",
        "name": "Crisco Vegetable Blended Oil 2l",
        "price": 8,
        "unitPrice": "$0.40 / 100ML"
    },
    {
        "category": "specials",
        "href": "https://www.woolworths.com.au/shop/productdetails/344483/essentials-plastic-dinner-plates-oval",
        "imgName": "344483.jpg",
        "imgSrc": "https://cdn0.woolworths.media/content/wowproductimages/medium/344483.jpg",
        "name": "Essentials Plastic Dinner Plates Oval 10pk",
        "price": 3,
        "unitPrice": "$0.30 / 1EA"
    },
    {
        "category": "specials",
        "href": "https://www.woolworths.com.au/shop/productdetails/345452/woolworths-auto-air-freshner-citrus-refill",
        "imgName": "345452.jpg",
        "imgSrc": "https://cdn0.woolworths.media/content/wowproductimages/medium/345452.jpg",
        "name": "Woolworths Auto Air Freshner Citrus Refill 180g",
        "price": 3.99,
        "unitPrice": "$0.22 / 10G"
    },
    {
        "category": "specials",
        "href": "https://www.woolworths.com.au/shop/productdetails/349146/ultimates-indulge-adult-cat-food-variety-pack",
        "imgName": "349146.jpg",
        "imgSrc": "https://cdn0.woolworths.media/content/wowproductimages/medium/349146.jpg",
        "name": "Ultimates Indulge Adult Cat Food Variety Pack 7x85g",
        "price": 9.17,
        "special": 8.4,
        "unitPrice": "$1.41 / 100G"
    },
    {
        "category": "specials",
        "href": "https://www.woolworths.com.au/shop/productdetails/354118/rspca-approved-chicken-thigh-cutlets-skin-on",
        "imgName": "354118.jpg",
        "imgSrc": "https://cdn0.woolworths.media/content/wowproductimages/medium/354118.jpg",
        "name": "Rspca Approved Chicken Thigh Cutlets Skin On per kg",
        "price": 5,
        "special": 4.5,
        "unitPrice": "$4.50 / 1KG"
    },
    {
        "category": "specials",
        "href": "https://www.woolworths.com.au/shop/productdetails/360073/optimum-adult-dog-food-chicken-veg-rice",
        "imgName": "360073.jpg",
        "imgSrc": "https://cdn0.woolworths.media/content/wowproductimages/medium/360073.jpg",
        "name": "Optimum Adult Dog Food Chicken Veg & Rice 3kg",
        "price": 17.3,
        "special": 14,
        "unitPrice": "$0.47 / 100G"
    },
    {
        "category": "specials",
        "href": "https://www.woolworths.com.au/shop/productdetails/360768/de-costi-whiting-fillets-crumbed",
        "imgName": "360768.jpg",
        "imgSrc": "https://cdn0.woolworths.media/content/wowproductimages/medium/360768.jpg",
        "name": "De Costi Whiting Fillets Crumbed 275g",
        "price": 10,
        "special": 9,
        "unitPrice": "$32.73 / 1KG"
    },
    {
        "category": "specials",
        "href": "https://www.woolworths.com.au/shop/productdetails/36626/pop-tops-orange-juice",
        "imgName": "036626.jpg",
        "imgSrc": "https://cdn0.woolworths.media/content/wowproductimages/medium/036626.jpg",
        "name": "Pop Tops Orange Juice 6x250ml",
        "price": 5.25,
        "special": 4,
        "unitPrice": "$2.67 / 1L"
    },
    {
        "category": "specials",
        "href": "https://www.woolworths.com.au/shop/productdetails/36972/mortein-insect-control-diy",
        "imgName": "036972.jpg",
        "imgSrc": "https://cdn0.woolworths.media/content/wowproductimages/medium/036972.jpg",
        "name": "Mortein Insect Control Diy 375g",
        "price": 12,
        "unitPrice": "$3.20 / 100G"
    },
    {
        "category": "specials",
        "href": "https://www.woolworths.com.au/shop/productdetails/382737/woolworths-lite-milk",
        "imgName": "382737.jpg",
        "imgSrc": "https://cdn0.woolworths.media/content/wowproductimages/medium/382737.jpg",
        "name": "Woolworths Lite Milk 1l",
        "price": 1.2,
        "unitPrice": "$1.20 / 1L"
    },
    {
        "category": "specials",
        "href": "https://www.woolworths.com.au/shop/productdetails/382779/woolworths-classic-coleslaw",
        "imgName": "382779.jpg",
        "imgSrc": "https://cdn0.woolworths.media/content/wowproductimages/medium/382779.jpg",
        "name": "Woolworths Classic Coleslaw 400g",
        "price": 4.5,
        "unitPrice": "$1.13 / 100G"
    },
    {
        "category": "specials",
        "href": "https://www.woolworths.com.au/shop/productdetails/383347/lamb-shoulder-roast-butterflied-lemon-garlic",
        "imgName": "383347.jpg",
        "imgSrc": "https://cdn0.woolworths.media/content/wowproductimages/medium/383347.jpg",
        "name": "Lamb Shoulder Roast Butterflied Lemon & Garlic min. 1.2kg",
        "price": 27.59,
        "special": 21.6,
        "unitPrice": "$18.00 / 1KG"
    },
    {
        "category": "specials",
        "href": "https://www.woolworths.com.au/shop/productdetails/446455/maggi-satay-chicken-recipe-base",
        "imgName": "446455.jpg",
        "imgSrc": "https://cdn0.woolworths.media/content/wowproductimages/medium/446455.jpg",
        "name": "Maggi Satay Chicken Recipe Base 43g",
        "price": 1.75,
        "unitPrice": "$4.07 / 100G"
    },
    {
        "category": "specials",
        "href": "https://www.woolworths.com.au/shop/productdetails/44934/vaalia-low-fat-french-vanilla-yoghurt",
        "imgName": "044934.jpg",
        "imgSrc": "https://cdn0.woolworths.media/content/wowproductimages/medium/044934.jpg",
        "name": "Vaalia Low Fat French Vanilla Yoghurt 4x150g",
        "price": 4,
        "unitPrice": "$0.67 / 100G"
    },
    {
        "category": "specials",
        "href": "https://www.woolworths.com.au/shop/productdetails/465112/sealord-hoki-fillets-fish-bites-lemon-pepper",
        "imgName": "465112.jpg",
        "imgSrc": "https://cdn0.woolworths.media/content/wowproductimages/medium/465112.jpg",
        "name": "Sealord Hoki Fillets Fish Bites Lemon Pepper 350g",
        "price": 8.29,
        "special": 7,
        "unitPrice": "$20.00 / 1KG"
    },
    {
        "category": "specials",
        "href": "https://www.woolworths.com.au/shop/productdetails/471968/tyrrells-chips-lightly-salted",
        "imgName": "471968.jpg",
        "imgSrc": "https://cdn0.woolworths.media/content/wowproductimages/medium/471968.jpg",
        "name": "Tyrrells Chips Lightly Salted 165g bag",
        "price": 4.49,
        "special": 2.24,
        "unitPrice": "$1.36 / 100G"
    },
    {
        "category": "specials",
        "href": "https://www.woolworths.com.au/shop/productdetails/477601/felix-sensations-cat-food-favourites-menu",
        "imgName": "477601.jpg",
        "imgSrc": "https://cdn0.woolworths.media/content/wowproductimages/medium/477601.jpg",
        "name": "Felix Sensations Cat Food Favourites Menu 12x85g",
        "price": 10.69,
        "special": 8.5,
        "unitPrice": "$0.83 / 100G"
    },
    {
        "category": "specials",
        "href": "https://www.woolworths.com.au/shop/productdetails/477713/arctic-zone-hydration-jug-one-gallon",
        "imgName": "477713.jpg",
        "imgSrc": "https://cdn0.woolworths.media/content/wowproductimages/medium/477713.jpg",
        "name": "Arctic Zone Hydration Jug One Gallon each",
        "price": 12,
        "special": 8
    },
    {
        "category": "specials",
        "href": "https://www.woolworths.com.au/shop/productdetails/490433/bruemar-pork-loin-roast-with-spices-herbs",
        "imgName": "490433.jpg",
        "imgSrc": "https://cdn0.woolworths.media/content/wowproductimages/medium/490433.jpg",
        "name": "Bruemar Pork Loin Roast With Spices & Herbs min. 600g",
        "price": 13.79,
        "special": 11.4,
        "unitPrice": "$19.00 / 1KG"
    },
    {
        "category": "specials",
        "href": "https://www.woolworths.com.au/shop/productdetails/504670/woolworths-mixed-grain-tabbouleh",
        "imgName": "504670.jpg",
        "imgSrc": "https://cdn0.woolworths.media/content/wowproductimages/medium/504670.jpg",
        "name": "Woolworths Mixed Grain Tabbouleh 350g",
        "price": 4.5,
        "unitPrice": "$12.86 / 1KG"
    },
    {
        "category": "specials",
        "href": "https://www.woolworths.com.au/shop/productdetails/516945/supercoat-adult-dog-food-beef",
        "imgName": "516945.jpg",
        "imgSrc": "https://cdn0.woolworths.media/content/wowproductimages/medium/516945.jpg",
        "name": "Supercoat Adult Dog Food Beef 7.5kg",
        "price": 24,
        "special": 18,
        "unitPrice": "$0.24 / 100G"
    },
    {
        "category": "specials",
        "href": "https://www.woolworths.com.au/shop/productdetails/54232/mccain-mixed-vegetables-peas-corn",
        "imgName": "054232.jpg",
        "imgSrc": "https://cdn0.woolworths.media/content/wowproductimages/medium/054232.jpg",
        "name": "Mccain Mixed Vegetables Peas & Corn 500g",
        "price": 2.99,
        "special": 2.54,
        "unitPrice": "$5.08 / 1KG"
    },
    {
        "category": "specials",
        "href": "https://www.woolworths.com.au/shop/productdetails/544988/dynamo-ultra-regular-front-top-laundry-liquid",
        "imgName": "544988.jpg",
        "imgSrc": "https://cdn0.woolworths.media/content/wowproductimages/medium/544988.jpg",
        "name": "Dynamo Ultra Regular Front & Top Laundry Liquid 2l",
        "price": 17.5,
        "special": 8.75,
        "unitPrice": "$4.38 / 1L"
    },
    {
        "category": "specials",
        "href": "https://www.woolworths.com.au/shop/productdetails/590250/dove-go-fresh-body-wash-pear-aloe-vera",
        "imgName": "590250.jpg",
        "imgSrc": "https://cdn0.woolworths.media/content/wowproductimages/medium/590250.jpg",
        "name": "Dove Go Fresh Body Wash Pear & Aloe Vera 1l",
        "price": 13.7,
        "special": 10,
        "unitPrice": "$1.00 / 100ML"
    },
    {
        "category": "specials",
        "href": "https://www.woolworths.com.au/shop/productdetails/596940/leggos-classic-tomato-pasta-sauce-with-chunky-tomato-herb",
        "imgName": "596940.jpg",
        "imgSrc": "https://cdn0.woolworths.media/content/wowproductimages/medium/596940.jpg",
        "name": "Leggos Classic Tomato Pasta Sauce With Chunky Tomato & Herb 500g",
        "price": 3,
        "special": 2.7,
        "unitPrice": "$0.54 / 100G"
    },
    {
        "category": "specials",
        "href": "https://www.woolworths.com.au/shop/productdetails/606057/the-goods-living-fermented-original-sauerkraut",
        "imgName": "606057.jpg",
        "imgSrc": "https://cdn0.woolworths.media/content/wowproductimages/medium/606057.jpg",
        "name": "The Goods Living & Fermented Original Sauerkraut 500g",
        "price": 7,
        "special": 3.5,
        "unitPrice": "$7.00 / 1KG"
    },
    {
        "category": "specials",
        "href": "https://www.woolworths.com.au/shop/productdetails/62583/ansell-gloves-super-medium-size-8",
        "imgName": "062583.jpg",
        "imgSrc": "https://cdn0.woolworths.media/content/wowproductimages/medium/062583.jpg",
        "name": "Ansell Gloves Super  Medium Size 8 1 pair",
        "price": 3.29,
        "special": 2.95,
        "unitPrice": "$2.95 / 1EA"
    },
    {
        "category": "specials",
        "href": "https://www.woolworths.com.au/shop/productdetails/648076/mortein-powergard-control-bomb",
        "imgName": "648076.jpg",
        "imgSrc": "https://cdn0.woolworths.media/content/wowproductimages/medium/648076.jpg",
        "name": "Mortein Powergard Control Bomb 2ea",
        "price": 15,
        "special": 12,
        "unitPrice": "$6.00 / 1EA"
    },
    {
        "category": "specials",
        "href": "https://www.woolworths.com.au/shop/productdetails/653825/kleenex-complete-clean-toilet-tissue",
        "imgName": "653825.jpg",
        "imgSrc": "https://cdn0.woolworths.media/content/wowproductimages/medium/653825.jpg",
        "name": "Kleenex Complete Clean Toilet Tissue 6pk",
        "price": 4.5,
        "special": 3,
        "unitPrice": "$0.28 / 100SS"
    },
    {
        "category": "specials",
        "href": "https://www.woolworths.com.au/shop/productdetails/657981/fab-laundry-powder-sublime-velvet",
        "imgName": "657981.jpg",
        "imgSrc": "https://cdn0.woolworths.media/content/wowproductimages/medium/657981.jpg",
        "name": "Fab Laundry Powder Sublime Velvet 1.8kg",
        "price": 7,
        "special": 5,
        "unitPrice": "$2.78 / 1KG"
    },
    {
        "category": "specials",
        "href": "https://www.woolworths.com.au/shop/productdetails/660239/bonds-full-brief-comfytails-side-seam-free-size-12",
        "imgName": "660239.jpg",
        "imgSrc": "https://cdn0.woolworths.media/content/wowproductimages/medium/660239.jpg",
        "name": "Bonds Full Brief Comfytails Side Seam Free Size 12 2pk",
        "price": 22,
        "special": 11
    },
    {
        "category": "specials",
        "href": "https://www.woolworths.com.au/shop/productdetails/68971/oak-iced-coffee",
        "imgName": "068971.jpg",
        "imgSrc": "https://cdn0.woolworths.media/content/wowproductimages/medium/068971.jpg",
        "name": "Oak Iced Coffee  600ml",
        "price": 2.9,
        "special": 2.45,
        "unitPrice": "$4.08 / 1L"
    },
    {
        "category": "specials",
        "href": "https://www.woolworths.com.au/shop/productdetails/690359/macro-organic-fairtrade-ground-coffee-dark",
        "imgName": "690359.jpg",
        "imgSrc": "https://cdn0.woolworths.media/content/wowproductimages/medium/690359.jpg",
        "name": "Macro Organic Fairtrade Ground Coffee Dark 200g",
        "price": 6,
        "unitPrice": "$3.00 / 100G"
    },
    {
        "category": "specials",
        "href": "https://www.woolworths.com.au/shop/productdetails/695487/woolworths-frozen-meal-chicken-mushroom-risotto",
        "imgName": "695487.jpg",
        "imgSrc": "https://cdn0.woolworths.media/content/wowproductimages/medium/695487.jpg",
        "name": "Woolworths Frozen Meal Chicken & Mushroom Risotto 375g",
        "price": 3,
        "unitPrice": "$0.80 / 100G"
    },
    {
        "category": "specials",
        "href": "https://www.woolworths.com.au/shop/productdetails/696332/woolworths-instant-soup-cream-of-chicken-noodles",
        "imgName": "696332.jpg",
        "imgSrc": "https://cdn0.woolworths.media/content/wowproductimages/medium/696332.jpg",
        "name": "Woolworths Instant Soup Cream Of Chicken Noodles 60g",
        "price": 1,
        "unitPrice": "$1.67 / 100G"
    },
    {
        "category": "specials",
        "href": "https://www.woolworths.com.au/shop/productdetails/707454/byron-bay-cookies-dotty",
        "imgName": "707454.jpg",
        "imgSrc": "https://cdn0.woolworths.media/content/wowproductimages/medium/707454.jpg",
        "name": "Byron Bay Cookies Dotty 60g",
        "price": 1.5,
        "unitPrice": "$2.50 / 100G"
    },
    {
        "category": "specials",
        "href": "https://www.woolworths.com.au/shop/productdetails/707820/johnnie-walker-double-black-scotch-whisky",
        "imgName": "707820.jpg",
        "imgSrc": "https://cdn0.woolworths.media/content/wowproductimages/medium/707820.jpg",
        "name": "Johnnie Walker Double Black Scotch Whisky  700ml",
        "price": 70,
        "special": 50
    },
    {
        "category": "specials",
        "href": "https://www.woolworths.com.au/shop/productdetails/726224/toni-guy-conditioner-for-fine-hair",
        "imgName": "726224.jpg",
        "imgSrc": "https://cdn0.woolworths.media/content/wowproductimages/medium/726224.jpg",
        "name": "Toni & Guy Conditioner For Fine Hair 250ml",
        "price": 16,
        "unitPrice": "$6.40 / 100ML"
    },
    {
        "category": "specials",
        "href": "https://www.woolworths.com.au/shop/productdetails/727221/macro-free-range-chicken-pieces-lemon-garlic",
        "imgName": "727221.jpg",
        "imgSrc": "https://cdn0.woolworths.media/content/wowproductimages/medium/727221.jpg",
        "name": "Macro Free Range Chicken Pieces Lemon & Garlic min. 800g",
        "price": 7.59,
        "special": 6.4,
        "unitPrice": "$8.00 / 1KG"
    },
    {
        "category": "specials",
        "href": "https://www.woolworths.com.au/shop/productdetails/740127/babylove-nappy-pants-toddler-9-14kg",
        "imgName": "740127.jpg",
        "imgSrc": "https://cdn0.woolworths.media/content/wowproductimages/medium/740127.jpg",
        "name": "Babylove Nappy Pants Toddler 9-14kg 28pk",
        "price": 17,
        "special": 12,
        "unitPrice": "$0.43 / 1EA"
    },
    {
        "category": "specials",
        "href": "https://www.woolworths.com.au/shop/productdetails/741227/vip-adult-dog-food-roast-meat-sweet-potato",
        "imgName": "741227.jpg",
        "imgSrc": "https://cdn0.woolworths.media/content/wowproductimages/medium/741227.jpg",
        "name": "Vip Adult Dog Food Roast Meat & Sweet Potato 1.8kg",
        "price": 5.5,
        "special": 5,
        "unitPrice": "$0.28 / 100G"
    },
    {
        "category": "specials",
        "href": "https://www.woolworths.com.au/shop/productdetails/748596/woolworths-100-pure-australian-lite-milk",
        "imgName": "748596.jpg",
        "imgSrc": "https://cdn0.woolworths.media/content/wowproductimages/medium/748596.jpg",
        "name": "Woolworths 100% Pure Australian Lite Milk 1l",
        "price": 0.9,
        "unitPrice": "$0.90 / 1L"
    },
    {
        "category": "specials",
        "href": "https://www.woolworths.com.au/shop/productdetails/749838/rspca-approved-fresh-chicken-wings-buffalo",
        "imgName": "749838.jpg",
        "imgSrc": "https://cdn0.woolworths.media/content/wowproductimages/medium/749838.jpg",
        "name": "Rspca Approved Fresh Chicken Wings Buffalo per kg",
        "price": 7,
        "special": 6,
        "unitPrice": "$6.00 / 1KG"
    },
    {
        "category": "specials",
        "href": "https://www.woolworths.com.au/shop/productdetails/755203/red-rock-deli-basil-pesto-mozzarella-cashew",
        "imgName": "755203.jpg",
        "imgSrc": "https://cdn0.woolworths.media/content/wowproductimages/medium/755203.jpg",
        "name": "Red Rock Deli Basil Pesto Mozzarella & Cashew 150g",
        "price": 4.6,
        "special": 4,
        "unitPrice": "$2.67 / 100G"
    },
    {
        "category": "specials",
        "href": "https://www.woolworths.com.au/shop/productdetails/759743/cuddly-fabric-softener-ultra-sensitive",
        "imgName": "759743.jpg",
        "imgSrc": "https://cdn0.woolworths.media/content/wowproductimages/medium/759743.jpg",
        "name": "Cuddly Fabric Softener Ultra Sensitive 2l",
        "price": 15,
        "special": 10,
        "unitPrice": "$5.00 / 1L"
    },
    {
        "category": "specials",
        "href": "https://www.woolworths.com.au/shop/productdetails/771757/woolworths-free-from-gluten-share-pack-cheese-twists",
        "imgName": "771757.jpg",
        "imgSrc": "https://cdn0.woolworths.media/content/wowproductimages/medium/771757.jpg",
        "name": "Woolworths Free From Gluten Share Pack Cheese Twists 90g",
        "price": 2,
        "unitPrice": "$2.22 / 100G"
    },
    {
        "category": "specials",
        "href": "https://www.woolworths.com.au/shop/productdetails/780294/vip-natures-goodness-grainfree-adult-dog-food-chicken-duck-with-vegetables",
        "imgName": "780294.jpg",
        "imgSrc": "https://cdn0.woolworths.media/content/wowproductimages/medium/780294.jpg",
        "name": "Vip Natures Goodness Grainfree Adult Dog Food Chicken & Duck With Vegetables 400g",
        "price": 1.89,
        "special": 1.5,
        "unitPrice": "$0.38 / 100G"
    },
    {
        "category": "specials",
        "href": "https://www.woolworths.com.au/shop/productdetails/782883/woolworths-essentials-cookware-roaster-pan-with-v-rack",
        "imgName": "782883.jpg",
        "imgSrc": "https://cdn0.woolworths.media/content/wowproductimages/medium/782883.jpg",
        "name": "Woolworths Essentials Cookware Roaster Pan With V Rack each",
        "price": 20,
        "special": 14
    },
    {
        "category": "specials",
        "href": "https://www.woolworths.com.au/shop/productdetails/790187/five-am-organic-mixed-berry-yoghurt",
        "imgName": "790187.jpg",
        "imgSrc": "https://cdn0.woolworths.media/content/wowproductimages/medium/790187.jpg",
        "name": "Five:am Organic Mixed Berry Yoghurt 120g pouch",
        "price": 2,
        "special": 1.5,
        "unitPrice": "$1.25 / 100G"
    },
    {
        "category": "specials",
        "href": "https://www.woolworths.com.au/shop/productdetails/793282/blue-ribbon-reduced-fat-ice-cream-coconut-mango-ripple",
        "imgName": "793282.jpg",
        "imgSrc": "https://cdn0.woolworths.media/content/wowproductimages/medium/793282.jpg",
        "name": "Blue Ribbon Reduced Fat Ice Cream Coconut Mango Ripple 2l tub",
        "price": 4.9,
        "unitPrice": "$0.25 / 100ML"
    },
    {
        "category": "specials",
        "href": "https://www.woolworths.com.au/shop/productdetails/826430/cadbury-old-gold-dark-chocolate-original",
        "imgName": "826430.jpg",
        "imgSrc": "https://cdn0.woolworths.media/content/wowproductimages/medium/826430.jpg",
        "name": "Cadbury Old Gold Dark Chocolate Original 200g block",
        "price": 5,
        "special": 3.5,
        "unitPrice": "$1.75 / 100G"
    },
    {
        "category": "specials",
        "href": "https://www.woolworths.com.au/shop/productdetails/828970/cadbury-mallow-bites-vanilla",
        "imgName": "828970.jpg",
        "imgSrc": "https://cdn0.woolworths.media/content/wowproductimages/medium/828970.jpg",
        "name": "Cadbury Mallow Bites Vanilla 160g bag",
        "price": 4,
        "special": 3,
        "unitPrice": "$1.88 / 100G"
    },
    {
        "category": "specials",
        "href": "https://www.woolworths.com.au/shop/productdetails/840454/allen-s-chewmix",
        "imgName": "840454.jpg",
        "imgSrc": "https://cdn0.woolworths.media/content/wowproductimages/medium/840454.jpg",
        "name": "Allen's Chewmix  370g bag",
        "price": 5,
        "special": 4,
        "unitPrice": "$1.08 / 100G"
    },
    {
        "category": "specials",
        "href": "https://www.woolworths.com.au/shop/productdetails/844396/felix-as-good-as-it-looks-poultry-twin-menus",
        "imgName": "844396.jpg",
        "imgSrc": "https://cdn0.woolworths.media/content/wowproductimages/medium/844396.jpg",
        "name": "Felix As Good As It Looks Poultry Twin Menus 1020g",
        "price": 10.69,
        "special": 8.5,
        "unitPrice": "$0.83 / 100G"
    },
    {
        "category": "specials",
        "href": "https://www.woolworths.com.au/shop/productdetails/883116/woolworths-select-mini-double-choc-muffins-8pk",
        "imgName": "883116.jpg",
        "imgSrc": "https://cdn0.woolworths.media/content/wowproductimages/medium/883116.jpg",
        "name": "Woolworths Select Mini Double Choc Muffins 8pk 320g",
        "price": 3.5,
        "unitPrice": "$1.09 / 100G"
    },
    {
        "category": "specials",
        "href": "https://www.woolworths.com.au/shop/productdetails/892712/new-beginnings-bamboo-disposable-nursing-pads",
        "imgName": "892712.jpg",
        "imgSrc": "https://cdn0.woolworths.media/content/wowproductimages/medium/892712.jpg",
        "name": "New Beginnings Bamboo Disposable Nursing Pads 40pk",
        "price": 6,
        "unitPrice": "$0.15 / 1EA"
    },
    {
        "category": "specials",
        "href": "https://www.woolworths.com.au/shop/productdetails/900304/mortein-peaceful-nights-automatic-plug-in",
        "imgName": "900304.jpg",
        "imgSrc": "https://cdn0.woolworths.media/content/wowproductimages/medium/900304.jpg",
        "name": "Mortein Peaceful Nights Automatic Plug In each",
        "price": 19.99,
        "special": 9.99,
        "unitPrice": "$9.99 / 1EA"
    },
    {
        "category": "specials",
        "href": "https://www.woolworths.com.au/shop/productdetails/923930/my-dog-adult-dog-food-home-recipe-beef-pasta-carrot",
        "imgName": "923930.jpg",
        "imgSrc": "https://cdn0.woolworths.media/content/wowproductimages/medium/923930.jpg",
        "name": "My Dog Adult Dog Food Home Recipe Beef Pasta Carrot 100g",
        "price": 1.45,
        "special": 1.1,
        "unitPrice": "$1.10 / 100G"
    },
    {
        "category": "specials",
        "href": "https://www.woolworths.com.au/shop/productdetails/950976/woolworths-chocolate-bavarian",
        "imgName": "950976.jpg",
        "imgSrc": "https://cdn0.woolworths.media/content/wowproductimages/medium/950976.jpg",
        "name": "Woolworths Chocolate Bavarian  450g",
        "price": 3,
        "unitPrice": "$0.67 / 100G"
    },
    {
        "category": "specials",
        "href": "https://www.woolworths.com.au/shop/productdetails/95171/australian-tasmanian-atlantic-salmon-fillets-skin-on",
        "imgName": "095171.jpg",
        "imgSrc": "https://cdn0.woolworths.media/content/wowproductimages/medium/095171.jpg",
        "name": "Australian Tasmanian Atlantic Salmon Fillets Skin On per kg",
        "price": 29.9,
        "special": 24,
        "unitPrice": "$24.00 / 1KG"
    },
    {
        "category": "specials",
        "href": "https://www.woolworths.com.au/shop/productdetails/9537/oak-vanilla-malt-milk",
        "imgName": "009537.jpg",
        "imgSrc": "https://cdn0.woolworths.media/content/wowproductimages/medium/009537.jpg",
        "name": "Oak Vanilla Malt Milk 600ml",
        "price": 2.9,
        "special": 2.45,
        "unitPrice": "$4.08 / 1L"
    },
    {
        "category": "specials",
        "href": "https://www.woolworths.com.au/shop/productdetails/957610/select-lamington-fingers",
        "imgName": "957610.jpg",
        "imgSrc": "https://cdn0.woolworths.media/content/wowproductimages/medium/957610.jpg",
        "name": "Select Lamington Fingers 350g 18pk",
        "price": 2.5,
        "unitPrice": "$0.71 / 100G"
    },
    {
        "category": "specials",
        "href": "https://www.woolworths.com.au/shop/productdetails/97444/gourmet-seafood-salad-chilled-premium-gourmet",
        "imgName": "097444.jpg",
        "imgSrc": "https://cdn0.woolworths.media/content/wowproductimages/medium/097444.jpg",
        "name": "Gourmet Seafood Salad Chilled  Premium Gourmet per kg",
        "price": 18,
        "special": 15,
        "unitPrice": "$15.00 / 1KG"
    },
    {
        "category": "specials",
        "href": "https://www.woolworths.com.au/shop/productdetails/13834/vaalia-low-fat-french-vanilla-yoghurt",
        "imgName": "013834.jpg",
        "imgSrc": "https://cdn0.woolworths.media/content/wowproductimages/medium/013834.jpg",
        "name": "Vaalia Low Fat French Vanilla Yoghurt 900g",
        "price": 5.5,
        "unitPrice": "$0.61 / 100G"
    },
    {
        "category": "specials",
        "href": "https://www.woolworths.com.au/shop/productdetails/27668/pedigree-adult-dog-food-homestyle-with-lamb-pasta-vegies",
        "imgName": "027668.jpg",
        "imgSrc": "https://cdn0.woolworths.media/content/wowproductimages/medium/027668.jpg",
        "name": "Pedigree Adult Dog Food Homestyle With Lamb Pasta & Vegies 1.2kg",
        "price": 3.8,
        "special": 2.5,
        "unitPrice": "$0.21 / 100G"
    },
    {
        "category": "specials",
        "href": "https://www.woolworths.com.au/shop/productdetails/27509/lavazza-coffee-beans-qualita-oro",
        "imgName": "027509.jpg",
        "imgSrc": "https://cdn0.woolworths.media/content/wowproductimages/medium/027509.jpg",
        "name": "Lavazza Coffee Beans Qualita Oro 500g",
        "price": 19,
        "special": 14,
        "unitPrice": "$2.80 / 100G"
    },
    {
        "category": "specials",
        "href": "https://www.woolworths.com.au/shop/productdetails/30475/liddells-low-fat-long-life-milk-lactose-free",
        "imgName": "030475.jpg",
        "imgSrc": "https://cdn0.woolworths.media/content/wowproductimages/medium/030475.jpg",
        "name": "Liddells Low Fat Long Life Milk Lactose Free 1l",
        "price": 2,
        "unitPrice": "$2.00 / 1L"
    },
    {
        "category": "specials",
        "href": "https://www.woolworths.com.au/shop/productdetails/30568/billy-tea-campfire-brew-tea-bags",
        "imgName": "030568.jpg",
        "imgSrc": "https://cdn0.woolworths.media/content/wowproductimages/medium/030568.jpg",
        "name": "Billy Tea Campfire Brew Tea Bags 100pk 185g",
        "price": 4.35,
        "special": 3.3,
        "unitPrice": "$1.78 / 100G"
    },
    {
        "category": "specials",
        "href": "https://www.woolworths.com.au/shop/productdetails/33981/golden-circle-tropical-punch-fruit-drink",
        "imgName": "033981.jpg",
        "imgSrc": "https://cdn0.woolworths.media/content/wowproductimages/medium/033981.jpg",
        "name": "Golden Circle Tropical Punch Fruit Drink 1l",
        "price": 2.25,
        "special": 1.1,
        "unitPrice": "$1.10 / 1L"
    },
    {
        "category": "specials",
        "href": "https://www.woolworths.com.au/shop/productdetails/12122/cloudy-bay-sauvignon-blanc",
        "imgName": "012122.jpg",
        "imgSrc": "https://cdn0.woolworths.media/content/wowproductimages/medium/012122.jpg",
        "name": "Cloudy Bay Sauvignon Blanc  750ml",
        "price": 41,
        "special": 34
    },
    {
        "category": "specials",
        "href": "https://www.woolworths.com.au/shop/productdetails/15779/bic-4-colours-medium-pen",
        "imgName": "015779.jpg",
        "imgSrc": "https://cdn0.woolworths.media/content/wowproductimages/medium/015779.jpg",
        "name": "Bic 4 Colours Medium Pen each",
        "price": 2.8,
        "special": 1.95
    },
    {
        "category": "specials",
        "href": "https://www.woolworths.com.au/shop/productdetails/28732/l-oreal-excellence-cr-me-5-5-mahogany-brown",
        "imgName": "028732.jpg",
        "imgSrc": "https://cdn0.woolworths.media/content/wowproductimages/medium/028732.jpg",
        "name": "L'oreal Excellence Cr\u00e8me 5.5 Mahogany Brown 1pk",
        "price": 17.5,
        "special": 12
    },
    {
        "category": "specials",
        "href": "https://www.woolworths.com.au/shop/productdetails/21281/gordons-london-dry-gin",
        "imgName": "021281.jpg",
        "imgSrc": "https://cdn0.woolworths.media/content/wowproductimages/medium/021281.jpg",
        "name": "Gordons London Dry Gin  700ml",
        "price": 43,
        "special": 38
    },
    {
        "category": "specials",
        "href": "https://www.woolworths.com.au/shop/productdetails/23599/schweppes-cordial-lemon-juice",
        "imgName": "023599.jpg",
        "imgSrc": "https://cdn0.woolworths.media/content/wowproductimages/medium/023599.jpg",
        "name": "Schweppes Cordial Lemon Juice",
        "price": 4.49,
        "special": 3.5,
        "unitPrice": "$4.67 / 1L"
    },
    {
        "category": "specials",
        "href": "https://www.woolworths.com.au/shop/productdetails/24465/bonds-womens-underwear-cottontails-size-22",
        "imgName": "024465.jpg",
        "imgSrc": "https://cdn0.woolworths.media/content/wowproductimages/medium/024465.jpg",
        "name": "Bonds Womens Underwear Cottontails Size 22 2pk",
        "price": 13,
        "special": 6.5
    },
    {
        "category": "specials",
        "href": "https://www.woolworths.com.au/shop/productdetails/18242/homebrand-disinfectant-eucalyptus",
        "imgName": "018242.jpg",
        "imgSrc": "https://cdn0.woolworths.media/content/wowproductimages/medium/018242.jpg",
        "name": "Homebrand Disinfectant Eucalyptus 2l",
        "price": 1.39,
        "unitPrice": "$0.07 / 100ML"
    },
    {
        "category": "specials",
        "href": "https://www.woolworths.com.au/shop/productdetails/18392/mcvities-digestive-biscuit",
        "imgName": "018392.jpg",
        "imgSrc": "https://cdn0.woolworths.media/content/wowproductimages/medium/018392.jpg",
        "name": "Mcvities Digestive Biscuit  250g",
        "price": 3.3,
        "special": 2,
        "unitPrice": "$0.80 / 100G"
    },
    {
        "category": "specials",
        "href": "https://www.woolworths.com.au/shop/productdetails/5743/essentials-white-sugar",
        "imgName": "005743.jpg",
        "imgSrc": "https://cdn0.woolworths.media/content/wowproductimages/medium/005743.jpg",
        "name": "Essentials White Sugar  2kg",
        "price": 1.79,
        "unitPrice": "$0.09 / 100G"
    },
    {
        "category": "specials",
        "href": "https://www.woolworths.com.au/shop/productdetails/14138/schwarzkopf-extra-care-hair-spray-super-styling-lacquer",
        "imgName": "014138.jpg",
        "imgSrc": "https://cdn0.woolworths.media/content/wowproductimages/medium/014138.jpg",
        "name": "Schwarzkopf Extra Care Hair Spray Super Styling Lacquer 400g",
        "price": 9,
        "special": 8,
        "unitPrice": "$2.00 / 100G"
    },
    {
        "category": "specials",
        "href": "https://www.woolworths.com.au/shop/productdetails/27671/pedigree-adult-dog-food-homestyle-with-chicken-rice-vegies",
        "imgName": "027671.jpg",
        "imgSrc": "https://cdn0.woolworths.media/content/wowproductimages/medium/027671.jpg",
        "name": "Pedigree Adult Dog Food Homestyle With Chicken Rice & Vegies 700g",
        "price": 2.1,
        "unitPrice": "$0.30 / 100G"
    },
    {
        "category": "specials",
        "href": "https://www.woolworths.com.au/shop/productdetails/27691/pedigree-adult-dog-food-can-lamb-pasta-vegies",
        "imgName": "027691.jpg",
        "imgSrc": "https://cdn0.woolworths.media/content/wowproductimages/medium/027691.jpg",
        "name": "Pedigree Adult Dog Food Can Lamb Pasta & Vegies 700g",
        "price": 2.1,
        "unitPrice": "$0.30 / 100G"
    },
    {
        "category": "specials",
        "href": "https://www.woolworths.com.au/shop/productdetails/37747/norsca-deodorant-roll-on-forest-fresh",
        "imgName": "037747.jpg",
        "imgSrc": "https://cdn0.woolworths.media/content/wowproductimages/medium/037747.jpg",
        "name": "Norsca Deodorant Roll On Forest Fresh 50ml",
        "price": 4,
        "special": 3,
        "unitPrice": "$6.00 / 100ML"
    },
    {
        "category": "specials",
        "href": "https://www.woolworths.com.au/shop/productdetails/33157/csr-white-sugar",
        "imgName": "033157.jpg",
        "imgSrc": "https://cdn0.woolworths.media/content/wowproductimages/medium/033157.jpg",
        "name": "Csr White Sugar  2kg",
        "price": 3,
        "unitPrice": "$0.15 / 100G"
    },
    {
        "category": "specials",
        "href": "https://www.woolworths.com.au/shop/productdetails/32063/liddells-full-cream-long-life-milk-lactose-free",
        "imgName": "032063.jpg",
        "imgSrc": "https://cdn0.woolworths.media/content/wowproductimages/medium/032063.jpg",
        "name": "Liddells Full Cream Long Life Milk Lactose Free 1l",
        "price": 2,
        "unitPrice": "$2.00 / 1L"
    },
    {
        "category": "specials",
        "href": "https://www.woolworths.com.au/shop/productdetails/30856/campbells-real-vegetable-liquid-stock",
        "imgName": "030856.jpg",
        "imgSrc": "https://cdn0.woolworths.media/content/wowproductimages/medium/030856.jpg",
        "name": "Campbells Real Vegetable Liquid Stock 1l",
        "price": 3.99,
        "unitPrice": "$0.40 / 100ML"
    },
    {
        "category": "specials",
        "href": "https://www.woolworths.com.au/shop/productdetails/32593/plumrose-frankfurts-cocktail",
        "imgName": "032593.jpg",
        "imgSrc": "https://cdn0.woolworths.media/content/wowproductimages/medium/032593.jpg",
        "name": "Plumrose Frankfurts Cocktail 400g",
        "price": 4.2,
        "special": 3,
        "unitPrice": "$7.50 / 1KG"
    },
    {
        "category": "specials",
        "href": "https://www.woolworths.com.au/shop/productdetails/66384/woolworths-australian-tiger-prawns-medium-cooked-frozen",
        "imgName": "066384.jpg",
        "imgSrc": "https://cdn0.woolworths.media/content/wowproductimages/medium/066384.jpg",
        "name": "Woolworths Australian Tiger Prawns Medium Cooked Frozen per kg",
        "price": 28,
        "special": 25,
        "unitPrice": "$25.00 / 1KG"
    },
    {
        "category": "specials",
        "href": "https://www.woolworths.com.au/shop/productdetails/90211/daily-juice-pulp-free-orange-juice",
        "imgName": "090211.jpg",
        "imgSrc": "https://cdn0.woolworths.media/content/wowproductimages/medium/090211.jpg",
        "name": "Daily Juice Pulp Free Orange Juice 2l",
        "price": 5.3,
        "special": 5,
        "unitPrice": "$2.50 / 1L"
    },
    {
        "category": "specials",
        "href": "https://www.woolworths.com.au/shop/productdetails/82538/snowy-river-pasties-single",
        "imgName": "082538.jpg",
        "imgSrc": "https://cdn0.woolworths.media/content/wowproductimages/medium/082538.jpg",
        "name": "Snowy River Pasties Single 150g",
        "price": 1.3,
        "unitPrice": "$0.87 / 100G"
    },
    {
        "category": "specials",
        "href": "https://www.woolworths.com.au/shop/productdetails/37325/bulla-light-thickened-cream",
        "imgName": "037325.jpg",
        "imgSrc": "https://cdn0.woolworths.media/content/wowproductimages/medium/037325.jpg",
        "name": "Bulla Light Thickened Cream 300ml",
        "price": 2,
        "unitPrice": "$0.67 / 100ML"
    },
    {
        "category": "specials",
        "href": "https://www.woolworths.com.au/shop/productdetails/37250/greenseas-tuna-chunk-in-spring-water",
        "imgName": "037250.jpg",
        "imgSrc": "https://cdn0.woolworths.media/content/wowproductimages/medium/037250.jpg",
        "name": "Greenseas Tuna Chunk In Spring Water 95g",
        "price": 2,
        "special": 1,
        "unitPrice": "$10.53 / 1KG"
    },
    {
        "category": "specials",
        "href": "https://www.woolworths.com.au/shop/productdetails/41788/lagavulin-single-malt-scotch-whisky-16-years-old",
        "imgName": "041788.jpg",
        "imgSrc": "https://cdn0.woolworths.media/content/wowproductimages/medium/041788.jpg",
        "name": "Lagavulin Single Malt Scotch Whisky 16 Years Old 700ml",
        "price": 120,
        "special": 99
    },
    {
        "category": "specials",
        "href": "https://www.woolworths.com.au/shop/productdetails/47106/fountain-sweet-chili-sauce",
        "imgName": "047106.jpg",
        "imgSrc": "https://cdn0.woolworths.media/content/wowproductimages/medium/047106.jpg",
        "name": "Fountain Sweet Chili Sauce  250ml",
        "price": 2.7,
        "special": 2.2,
        "unitPrice": "$0.88 / 100ML"
    },
    {
        "category": "specials",
        "href": "https://www.woolworths.com.au/shop/productdetails/47162/lindt-lindor-chocolate-balls-sea-salt-caramel",
        "imgName": "047162.jpg",
        "imgSrc": "https://cdn0.woolworths.media/content/wowproductimages/medium/047162.jpg",
        "name": "Lindt Lindor Chocolate Balls Sea Salt Caramel 130g bag",
        "price": 7,
        "special": 6,
        "unitPrice": "$4.62 / 100G"
    },
    {
        "category": "specials",
        "href": "https://www.woolworths.com.au/shop/productdetails/67146/bonne-maman-orange-marmalade",
        "imgName": "067146.jpg",
        "imgSrc": "https://cdn0.woolworths.media/content/wowproductimages/medium/067146.jpg",
        "name": "Bonne Maman Orange Marmalade 370g",
        "price": 5.2,
        "special": 4,
        "unitPrice": "$1.08 / 100G"
    },
    {
        "category": "specials",
        "href": "https://www.woolworths.com.au/shop/productdetails/95049/odor-eaters-shoe-care-foot-powder",
        "imgName": "095049.jpg",
        "imgSrc": "https://cdn0.woolworths.media/content/wowproductimages/medium/095049.jpg",
        "name": "Odor Eaters Shoe Care Foot Powder 100g",
        "price": 7.59,
        "special": 5.9,
        "unitPrice": "$5.90 / 100G"
    },
    {
        "category": "specials",
        "href": "https://www.woolworths.com.au/shop/productdetails/93371/mccain-peas-baby",
        "imgName": "093371.jpg",
        "imgSrc": "https://cdn0.woolworths.media/content/wowproductimages/medium/093371.jpg",
        "name": "Mccain Peas Baby 1kg",
        "price": 4.79,
        "special": 3.8,
        "unitPrice": "$3.80 / 1KG"
    },
    {
        "category": "specials",
        "href": "https://www.woolworths.com.au/shop/productdetails/36351/masterfoods-all-spice-ground",
        "imgName": "036351.jpg",
        "imgSrc": "https://cdn0.woolworths.media/content/wowproductimages/medium/036351.jpg",
        "name": "Masterfoods All Spice Ground 30g",
        "price": 3.4,
        "special": 3.2,
        "unitPrice": "$1.07 / 10G"
    },
    {
        "category": "specials",
        "href": "https://www.woolworths.com.au/shop/productdetails/39128/homebrand-cornflour",
        "imgName": "039128.jpg",
        "imgSrc": "https://cdn0.woolworths.media/content/wowproductimages/medium/039128.jpg",
        "name": "Homebrand Cornflour  500g",
        "price": 1.9,
        "unitPrice": "$3.80 / 1KG"
    },
    {
        "category": "specials",
        "href": "https://www.woolworths.com.au/shop/productdetails/39175/cascade-sparkling-juice-apple",
        "imgName": "039175.jpg",
        "imgSrc": "https://cdn0.woolworths.media/content/wowproductimages/medium/039175.jpg",
        "name": "Cascade Sparkling Juice Apple 750ml",
        "price": 3.15,
        "special": 2.95,
        "unitPrice": "$3.93 / 1L"
    },
    {
        "category": "specials",
        "href": "https://www.woolworths.com.au/shop/productdetails/48728/oak-chocolate-milk",
        "imgName": "048728.jpg",
        "imgSrc": "https://cdn0.woolworths.media/content/wowproductimages/medium/048728.jpg",
        "name": "Oak Chocolate Milk 600ml",
        "price": 2.9,
        "special": 2.45,
        "unitPrice": "$4.08 / 1L"
    },
    {
        "category": "specials",
        "href": "https://www.woolworths.com.au/shop/productdetails/58537/essentials-white-sugar",
        "imgName": "058537.jpg",
        "imgSrc": "https://cdn0.woolworths.media/content/wowproductimages/medium/058537.jpg",
        "name": "Essentials White Sugar  1kg",
        "price": 1,
        "unitPrice": "$0.10 / 100G"
    },
    {
        "category": "specials",
        "href": "https://www.woolworths.com.au/shop/productdetails/48387/peters-drumstick-ice-cream-vanilla",
        "imgName": "048387.jpg",
        "imgSrc": "https://cdn0.woolworths.media/content/wowproductimages/medium/048387.jpg",
        "name": "Peters Drumstick Ice Cream Vanilla 4pk 475ml",
        "price": 8,
        "special": 5,
        "unitPrice": "$1.05 / 100ML"
    },
    {
        "category": "specials",
        "href": "https://www.woolworths.com.au/shop/productdetails/37466/fantastic-chicken-corn-noodle-cup",
        "imgName": "037466.jpg",
        "imgSrc": "https://cdn0.woolworths.media/content/wowproductimages/medium/037466.jpg",
        "name": "Fantastic Chicken & Corn Noodle Cup 70g",
        "price": 1.6,
        "special": 1.4,
        "unitPrice": "$2.00 / 100G"
    },
    {
        "category": "specials",
        "href": "https://www.woolworths.com.au/shop/productdetails/54276/country-cup-instant-soup-chicken-noodles",
        "imgName": "054276.jpg",
        "imgSrc": "https://cdn0.woolworths.media/content/wowproductimages/medium/054276.jpg",
        "name": "Country Cup Instant Soup Chicken Noodles 2pk 58g",
        "price": 1.5,
        "unitPrice": "$2.59 / 100G"
    },
    {
        "category": "specials",
        "href": "https://www.woolworths.com.au/shop/productdetails/69522/pedigree-adult-dog-food-with-mince-vegies",
        "imgName": "069522.jpg",
        "imgSrc": "https://cdn0.woolworths.media/content/wowproductimages/medium/069522.jpg",
        "name": "Pedigree Adult Dog Food With Mince & Vegies 8kg",
        "price": 17.5,
        "unitPrice": "$0.22 / 100G"
    },
    {
        "category": "specials",
        "href": "https://www.woolworths.com.au/shop/productdetails/93054/san-remo-rigatoni-pasta-no-22",
        "imgName": "093054.jpg",
        "imgSrc": "https://cdn0.woolworths.media/content/wowproductimages/medium/093054.jpg",
        "name": "San Remo Rigatoni Pasta No 22 500g",
        "price": 1.95,
        "unitPrice": "$0.39 / 100G"
    },
    {
        "category": "specials",
        "href": "https://www.woolworths.com.au/shop/productdetails/70289/l-oreal-excellence-cr-me-8-blonde",
        "imgName": "070289.jpg",
        "imgSrc": "https://cdn0.woolworths.media/content/wowproductimages/medium/070289.jpg",
        "name": "L'oreal Excellence Cr\u00e8me 8 Blonde 1pk",
        "price": 17.5,
        "special": 12
    },
    {
        "category": "specials",
        "href": "https://www.woolworths.com.au/shop/productdetails/71686/nature-s-gift-adult-dog-food-beef-barley-vegetable",
        "imgName": "071686.jpg",
        "imgSrc": "https://cdn0.woolworths.media/content/wowproductimages/medium/071686.jpg",
        "name": "Nature's Gift Adult Dog Food Beef Barley & Vegetable 700g",
        "price": 2,
        "unitPrice": "$0.29 / 100G"
    },
    {
        "category": "specials",
        "href": "https://www.woolworths.com.au/shop/productdetails/74080/fehlbergs-onions-pickled",
        "imgName": "074080.jpg",
        "imgSrc": "https://cdn0.woolworths.media/content/wowproductimages/medium/074080.jpg",
        "name": "Fehlbergs Onions Pickled 500g",
        "price": 4.8,
        "special": 3.8,
        "unitPrice": "$7.60 / 1KG"
    },
    {
        "category": "specials",
        "href": "https://www.woolworths.com.au/shop/productdetails/46334/head-shoulders-clean-balanced-anti-dandruff-shampoo",
        "imgName": "046334.jpg",
        "imgSrc": "https://cdn0.woolworths.media/content/wowproductimages/medium/046334.jpg",
        "name": "Head & Shoulders Clean & Balanced Anti-dandruff Shampoo 620ml",
        "price": 16,
        "special": 11,
        "unitPrice": "$1.77 / 100ML"
    },
    {
        "category": "specials",
        "href": "https://www.woolworths.com.au/shop/productdetails/52636/bic-softfeel-retractable-pen-black",
        "imgName": "052636.jpg",
        "imgSrc": "https://cdn0.woolworths.media/content/wowproductimages/medium/052636.jpg",
        "name": "Bic Softfeel Retractable Pen Black 2pk",
        "price": 3.5,
        "special": 2.45
    },
    {
        "category": "specials",
        "href": "https://www.woolworths.com.au/shop/productdetails/62949/rexona-women-alcohol-free-antiperspirant-deodorant-hypo-allergenic",
        "imgName": "062949.jpg",
        "imgSrc": "https://cdn0.woolworths.media/content/wowproductimages/medium/062949.jpg",
        "name": "Rexona Women Alcohol Free Antiperspirant Deodorant Hypo-allergenic 250ml",
        "price": 7,
        "special": 5,
        "unitPrice": "$2.00 / 100ML"
    },
    {
        "category": "specials",
        "href": "https://www.woolworths.com.au/shop/productdetails/91241/chivas-regal-scotch-whisky-12-years-old",
        "imgName": "091241.jpg",
        "imgSrc": "https://cdn0.woolworths.media/content/wowproductimages/medium/091241.jpg",
        "name": "Chivas Regal Scotch Whisky 12 Years Old 700ml",
        "price": 62,
        "special": 45
    },
    {
        "category": "specials",
        "href": "https://www.woolworths.com.au/shop/productdetails/87271/fancy-feast-adult-cat-food-ocean-whitefish-tuna",
        "imgName": "087271.jpg",
        "imgSrc": "https://cdn0.woolworths.media/content/wowproductimages/medium/087271.jpg",
        "name": "Fancy Feast Adult Cat Food Ocean Whitefish & Tuna 85g",
        "price": 1.2,
        "special": 0.9,
        "unitPrice": "$1.06 / 100G"
    },
    {
        "category": "specials",
        "href": "https://www.woolworths.com.au/shop/productdetails/87426/l-oreal-excellence-cr-me-1-black",
        "imgName": "087426.jpg",
        "imgSrc": "https://cdn0.woolworths.media/content/wowproductimages/medium/087426.jpg",
        "name": "L'oreal Excellence Cr\u00e8me 1 Black 1pk",
        "price": 17.5,
        "special": 12
    },
    {
        "category": "specials",
        "href": "https://www.woolworths.com.au/shop/productdetails/88215/barilli-risoni-pasta-no-26",
        "imgName": "088215.jpg",
        "imgSrc": "https://cdn0.woolworths.media/content/wowproductimages/medium/088215.jpg",
        "name": "Barilli Risoni Pasta No. 26 500g",
        "price": 1.99,
        "unitPrice": "$0.40 / 100G"
    },
    {
        "category": "specials",
        "href": "https://www.woolworths.com.au/shop/productdetails/92483/golden-circle-pineapple-coconut-fruit-drink",
        "imgName": "092483.jpg",
        "imgSrc": "https://cdn0.woolworths.media/content/wowproductimages/medium/092483.jpg",
        "name": "Golden Circle Pineapple & Coconut Fruit Drink 1l",
        "price": 2.25,
        "special": 1.1,
        "unitPrice": "$1.10 / 1L"
    },
    {
        "category": "specials",
        "href": "https://www.woolworths.com.au/shop/productdetails/142693/ingham-quick-cook-crumbed-chicken-burger",
        "imgName": "142693.jpg",
        "imgSrc": "https://cdn0.woolworths.media/content/wowproductimages/medium/142693.jpg",
        "name": "Ingham Quick Cook Crumbed Chicken Burger 490g",
        "price": 7,
        "special": 6.5,
        "unitPrice": "$13.27 / 1KG"
    },
    {
        "category": "specials",
        "href": "https://www.woolworths.com.au/shop/productdetails/113305/continental-recipe-base-creamy-tuna-mornay",
        "imgName": "113305.jpg",
        "imgSrc": "https://cdn0.woolworths.media/content/wowproductimages/medium/113305.jpg",
        "name": "Continental Recipe Base Creamy Tuna Mornay 30g",
        "price": 1.6,
        "unitPrice": "$5.33 / 100G"
    },
    {
        "category": "specials",
        "href": "https://www.woolworths.com.au/shop/productdetails/115031/my-dog-adult-dog-food-chicken-vegetables",
        "imgName": "115031.jpg",
        "imgSrc": "https://cdn0.woolworths.media/content/wowproductimages/medium/115031.jpg",
        "name": "My Dog Adult Dog Food Chicken & Vegetables 400g",
        "price": 2.1,
        "special": 1.8,
        "unitPrice": "$0.45 / 100G"
    },
    {
        "category": "specials",
        "href": "https://www.woolworths.com.au/shop/productdetails/143932/hennessy-vsop-cognac",
        "imgName": "143932.jpg",
        "imgSrc": "https://cdn0.woolworths.media/content/wowproductimages/medium/143932.jpg",
        "name": "Hennessy Vsop Cognac  700ml",
        "price": 86,
        "special": 76
    },
    {
        "category": "specials",
        "href": "https://www.woolworths.com.au/shop/productdetails/91030/veuve-clicquot-champagne-vintage-gold",
        "imgName": "091030.jpg",
        "imgSrc": "https://cdn0.woolworths.media/content/wowproductimages/medium/091030.jpg",
        "name": "Veuve Clicquot Champagne Vintage Gold 750ml",
        "price": 120,
        "special": 99
    },
    {
        "category": "specials",
        "href": "https://www.woolworths.com.au/shop/productdetails/98361/cadbury-chomp",
        "imgName": "098361.jpg",
        "imgSrc": "https://cdn0.woolworths.media/content/wowproductimages/medium/098361.jpg",
        "name": "Cadbury Chomp  30g bar",
        "price": 0.75,
        "unitPrice": "$2.50 / 100G"
    },
    {
        "category": "specials",
        "href": "https://www.woolworths.com.au/shop/productdetails/162263/brita-water-filter-jug-navelia-spacesaver",
        "imgName": "162263.jpg",
        "imgSrc": "https://cdn0.woolworths.media/content/wowproductimages/medium/162263.jpg",
        "name": "Brita Water Filter Jug Navelia Spacesaver each",
        "price": 25,
        "special": 17.5
    },
    {
        "category": "specials",
        "href": "https://www.woolworths.com.au/shop/productdetails/201167/heat-beads-easy-lite-bbq-briquettes",
        "imgName": "201167.jpg",
        "imgSrc": "https://cdn0.woolworths.media/content/wowproductimages/medium/201167.jpg",
        "name": "Heat Beads\u00ae Easy-lite\u00ae Bbq Briquettes 3kg",
        "price": 11.5,
        "special": 9,
        "unitPrice": "$0.30 / 100G"
    },
    {
        "category": "specials",
        "href": "https://www.woolworths.com.au/shop/productdetails/177006/primo-bacon-middle-rashers",
        "imgName": "177006.jpg",
        "imgSrc": "https://cdn0.woolworths.media/content/wowproductimages/medium/177006.jpg",
        "name": "Primo Bacon Middle Rashers per kg",
        "price": 12,
        "special": 10,
        "unitPrice": "$10.00 / 1KG"
    },
    {
        "category": "specials",
        "href": "https://www.woolworths.com.au/shop/productdetails/180497/golden-fields-vegetable-oil",
        "imgName": "180497.jpg",
        "imgSrc": "https://cdn0.woolworths.media/content/wowproductimages/medium/180497.jpg",
        "name": "Golden Fields Vegetable Oil  4l",
        "price": 18,
        "special": 9,
        "unitPrice": "$0.23 / 100ML"
    },
    {
        "category": "specials",
        "href": "https://www.woolworths.com.au/shop/productdetails/168374/veet-hair-removal-wax-legs",
        "imgName": "168374.jpg",
        "imgSrc": "https://cdn0.woolworths.media/content/wowproductimages/medium/168374.jpg",
        "name": "Veet Hair Removal Wax Legs 20pk",
        "price": 9,
        "unitPrice": "$0.45 / 1EA"
    },
    {
        "category": "specials",
        "href": "https://www.woolworths.com.au/shop/productdetails/204521/trill-bird-food-cockatiel",
        "imgName": "204521.jpg",
        "imgSrc": "https://cdn0.woolworths.media/content/wowproductimages/medium/204521.jpg",
        "name": "Trill Bird Food Cockatiel 2kg",
        "price": 5.5,
        "unitPrice": "$0.28 / 100G"
    },
    {
        "category": "specials",
        "href": "https://www.woolworths.com.au/shop/productdetails/172643/campbells-real-beef-liquid-stock-salt-reduced",
        "imgName": "172643.jpg",
        "imgSrc": "https://cdn0.woolworths.media/content/wowproductimages/medium/172643.jpg",
        "name": "Campbells Real Beef Liquid Stock Salt Reduced 1l",
        "price": 3.99,
        "unitPrice": "$0.40 / 100ML"
    },
    {
        "category": "specials",
        "href": "https://www.woolworths.com.au/shop/productdetails/186106/tasty-bite-madras-lentils",
        "imgName": "186106.jpg",
        "imgSrc": "https://cdn0.woolworths.media/content/wowproductimages/medium/186106.jpg",
        "name": "Tasty Bite Madras Lentils  285g",
        "price": 3,
        "unitPrice": "$1.05 / 100G"
    },
    {
        "category": "specials",
        "href": "https://www.woolworths.com.au/shop/productdetails/191394/essentials-dog-food-chicken-vegetables",
        "imgName": "191394.jpg",
        "imgSrc": "https://cdn0.woolworths.media/content/wowproductimages/medium/191394.jpg",
        "name": "Essentials Dog Food Chicken & Vegetables 4kg",
        "price": 4.95,
        "unitPrice": "$0.12 / 100G"
    },
    {
        "category": "specials",
        "href": "https://www.woolworths.com.au/shop/productdetails/192826/always-fresh-asparagus-in-springwater",
        "imgName": "192826.jpg",
        "imgSrc": "https://cdn0.woolworths.media/content/wowproductimages/medium/192826.jpg",
        "name": "Always Fresh Asparagus In Springwater 340g",
        "price": 4.3,
        "special": 3.75,
        "unitPrice": "$11.03 / 1KG"
    },
    {
        "category": "specials",
        "href": "https://www.woolworths.com.au/shop/productdetails/186854/woolworths-mud-cake-caramel",
        "imgName": "186854.jpg",
        "imgSrc": "https://cdn0.woolworths.media/content/wowproductimages/medium/186854.jpg",
        "name": "Woolworths Mud Cake Caramel 600g",
        "price": 4.4,
        "unitPrice": "$0.73 / 100G"
    },
    {
        "category": "specials",
        "href": "https://www.woolworths.com.au/shop/productdetails/223928/smith-s-chips-fun-mix",
        "imgName": "223928.jpg",
        "imgSrc": "https://cdn0.woolworths.media/content/wowproductimages/medium/223928.jpg",
        "name": "Smith's Chips Fun Mix  20pk 368g",
        "price": 5.5,
        "unitPrice": "$1.49 / 100G"
    },
    {
        "category": "specials",
        "href": "https://www.woolworths.com.au/shop/productdetails/224101/home-essentials-kitchen-gadget-funnel",
        "imgName": "224101.jpg",
        "imgSrc": "https://cdn0.woolworths.media/content/wowproductimages/medium/224101.jpg",
        "name": "Home Essentials Kitchen Gadget Funnel 3pk",
        "price": 3
    },
    {
        "category": "specials",
        "href": "https://www.woolworths.com.au/shop/productdetails/245393/woolworths-pear-in-raspberry-flavoured-jelly",
        "imgName": "245393.jpg",
        "imgSrc": "https://cdn0.woolworths.media/content/wowproductimages/medium/245393.jpg",
        "name": "Woolworths Pear In Raspberry Flavoured Jelly 4x120g",
        "price": 2.5,
        "unitPrice": "$5.21 / 1KG"
    },
    {
        "category": "specials",
        "href": "https://www.woolworths.com.au/shop/productdetails/145539/johnson-s-baby-wash-top-to-toe-bath",
        "imgName": "145539.jpg",
        "imgSrc": "https://cdn0.woolworths.media/content/wowproductimages/medium/145539.jpg",
        "name": "Johnson's Baby Wash Top To Toe Bath 500ml",
        "price": 8,
        "unitPrice": "$1.60 / 100ML"
    },
    {
        "category": "specials",
        "href": "https://www.woolworths.com.au/shop/productdetails/146307/buderim-ginger-cordial",
        "imgName": "146307.jpg",
        "imgSrc": "https://cdn0.woolworths.media/content/wowproductimages/medium/146307.jpg",
        "name": "Buderim Ginger Cordial 750ml",
        "price": 4.2,
        "special": 3.3,
        "unitPrice": "$4.40 / 1L"
    },
    {
        "category": "specials",
        "href": "https://www.woolworths.com.au/shop/productdetails/158306/saxa-pepper-grinder-black-peppercorn",
        "imgName": "158306.jpg",
        "imgSrc": "https://cdn0.woolworths.media/content/wowproductimages/medium/158306.jpg",
        "name": "Saxa Pepper Grinder Black Peppercorn 45g",
        "price": 5,
        "special": 4,
        "unitPrice": "$0.89 / 10G"
    },
    {
        "category": "specials",
        "href": "https://www.woolworths.com.au/shop/productdetails/179504/fancy-feast-adult-cat-food-grilled-turkey-prime-fillet",
        "imgName": "179504.jpg",
        "imgSrc": "https://cdn0.woolworths.media/content/wowproductimages/medium/179504.jpg",
        "name": "Fancy Feast Adult Cat Food Grilled Turkey Prime Fillet 85g",
        "price": 1.2,
        "special": 0.9,
        "unitPrice": "$1.06 / 100G"
    },
    {
        "category": "specials",
        "href": "https://www.woolworths.com.au/shop/productdetails/204522/trill-bird-food-small-parrot-fruit-nut",
        "imgName": "204522.jpg",
        "imgSrc": "https://cdn0.woolworths.media/content/wowproductimages/medium/204522.jpg",
        "name": "Trill Bird Food Small Parrot Fruit & Nut 2kg",
        "price": 5.5,
        "unitPrice": "$0.28 / 100G"
    },
    {
        "category": "specials",
        "href": "https://www.woolworths.com.au/shop/productdetails/204535/tasty-bite-jaipur-vegetables",
        "imgName": "204535.jpg",
        "imgSrc": "https://cdn0.woolworths.media/content/wowproductimages/medium/204535.jpg",
        "name": "Tasty Bite Jaipur Vegetables  285g",
        "price": 3,
        "unitPrice": "$1.05 / 100G"
    },
    {
        "category": "specials",
        "href": "https://www.woolworths.com.au/shop/productdetails/224306/essentials-candle-unscented-5hr",
        "imgName": "224306.jpg",
        "imgSrc": "https://cdn0.woolworths.media/content/wowproductimages/medium/224306.jpg",
        "name": "Essentials Candle Unscented 5hr 48pk",
        "price": 7,
        "unitPrice": "$11.67 / 100EA"
    },
    {
        "category": "specials",
        "href": "https://www.woolworths.com.au/shop/productdetails/226446/colgate-smiles-toothbrush-junior-ages-2-5",
        "imgName": "226446.jpg",
        "imgSrc": "https://cdn0.woolworths.media/content/wowproductimages/medium/226446.jpg",
        "name": "Colgate Smiles Toothbrush Junior Ages 2-5 each",
        "price": 3.5,
        "unitPrice": "$3.50 / 1EA"
    },
    {
        "category": "specials",
        "href": "https://www.woolworths.com.au/shop/productdetails/233135/nuttelex-lite-margarine-spread",
        "imgName": "233135.jpg",
        "imgSrc": "https://cdn0.woolworths.media/content/wowproductimages/medium/233135.jpg",
        "name": "Nuttelex Lite Margarine Spread 500g",
        "price": 3.3,
        "special": 2.5,
        "unitPrice": "$0.50 / 100G"
    },
    {
        "category": "specials",
        "href": "https://www.woolworths.com.au/shop/productdetails/237106/armorall-clean-wipes-multi-purpose",
        "imgName": "237106.jpg",
        "imgSrc": "https://cdn0.woolworths.media/content/wowproductimages/medium/237106.jpg",
        "name": "Armorall Clean Wipes Multi Purpose each",
        "price": 10.5,
        "special": 8.4,
        "unitPrice": "$8.40 / 1EA"
    },
    {
        "category": "specials",
        "href": "https://www.woolworths.com.au/shop/productdetails/224230/decor-microsafe-container-oblong",
        "imgName": "224230.jpg",
        "imgSrc": "https://cdn0.woolworths.media/content/wowproductimages/medium/224230.jpg",
        "name": "Decor Microsafe Container Oblong 1.6l",
        "price": 8,
        "special": 4
    },
    {
        "category": "specials",
        "href": "https://www.woolworths.com.au/shop/productdetails/231634/nivea-deodorant-roll-on-pure",
        "imgName": "231634.jpg",
        "imgSrc": "https://cdn0.woolworths.media/content/wowproductimages/medium/231634.jpg",
        "name": "Nivea Deodorant Roll On Pure 50ml",
        "price": 3.5,
        "unitPrice": "$7.00 / 100ML"
    },
    {
        "category": "specials",
        "href": "https://www.woolworths.com.au/shop/productdetails/248019/ingham-quick-cook-crumbed-chickadee-south-style-tenders",
        "imgName": "248019.jpg",
        "imgSrc": "https://cdn0.woolworths.media/content/wowproductimages/medium/248019.jpg",
        "name": "Ingham Quick Cook Crumbed Chickadee South Style Tenders 440g",
        "price": 8.5,
        "special": 5.5,
        "unitPrice": "$12.50 / 1KG"
    },
    {
        "category": "specials",
        "href": "https://www.woolworths.com.au/shop/productdetails/252246/safcol-salmon-smoked",
        "imgName": "252246.jpg",
        "imgSrc": "https://cdn0.woolworths.media/content/wowproductimages/medium/252246.jpg",
        "name": "Safcol Salmon Smoked 95g",
        "price": 1.5,
        "unitPrice": "$15.79 / 1KG"
    },
    {
        "category": "specials",
        "href": "https://www.woolworths.com.au/shop/productdetails/257411/maggi-gravy-mix-roast-meat",
        "imgName": "257411.jpg",
        "imgSrc": "https://cdn0.woolworths.media/content/wowproductimages/medium/257411.jpg",
        "name": "Maggi Gravy Mix Roast Meat 27g",
        "price": 1,
        "special": 0.8,
        "unitPrice": "$0.30 / 10G"
    },
    {
        "category": "specials",
        "href": "https://www.woolworths.com.au/shop/productdetails/257599/bonds-mens-underwear-hipster-brief-medium",
        "imgName": "257599.jpg",
        "imgSrc": "https://cdn0.woolworths.media/content/wowproductimages/medium/257599.jpg",
        "name": "Bonds Mens Underwear Hipster Brief Medium 5pk",
        "price": 27,
        "special": 13.5,
        "unitPrice": "$2.70 / 1EA"
    },
    {
        "category": "specials",
        "href": "https://www.woolworths.com.au/shop/productdetails/254031/arnott-s-jatz-clix",
        "imgName": "254031.jpg",
        "imgSrc": "https://cdn0.woolworths.media/content/wowproductimages/medium/254031.jpg",
        "name": "Arnott's Jatz Clix 250g",
        "price": 3,
        "special": 2,
        "unitPrice": "$0.80 / 100G"
    },
    {
        "category": "specials",
        "href": "https://www.woolworths.com.au/shop/productdetails/294486/gloria-jeans-ground-coffee-caramel",
        "imgName": "294486.jpg",
        "imgSrc": "https://cdn0.woolworths.media/content/wowproductimages/medium/294486.jpg",
        "name": "Gloria Jeans Ground Coffee Caramel 200g",
        "price": 8.8,
        "special": 7.5,
        "unitPrice": "$3.75 / 100G"
    },
    {
        "category": "specials",
        "href": "https://www.woolworths.com.au/shop/productdetails/297138/woolworths-butter-cake",
        "imgName": "297138.jpg",
        "imgSrc": "https://cdn0.woolworths.media/content/wowproductimages/medium/297138.jpg",
        "name": "Woolworths Butter Cake  450g",
        "price": 4.5,
        "unitPrice": "$1.00 / 100G"
    },
    {
        "category": "specials",
        "href": "https://www.woolworths.com.au/shop/productdetails/229030/daily-juice-breakfast-a-c-e-juice",
        "imgName": "229030.jpg",
        "imgSrc": "https://cdn0.woolworths.media/content/wowproductimages/medium/229030.jpg",
        "name": "Daily Juice Breakfast A C & E Juice 2l",
        "price": 5.3,
        "special": 5,
        "unitPrice": "$2.50 / 1L"
    },
    {
        "category": "specials",
        "href": "https://www.woolworths.com.au/shop/productdetails/265955/loacker-quadratini-chocolate",
        "imgName": "265955.jpg",
        "imgSrc": "https://cdn0.woolworths.media/content/wowproductimages/medium/265955.jpg",
        "name": "Loacker Quadratini Chocolate  125g",
        "price": 2.3,
        "special": 2,
        "unitPrice": "$1.60 / 100G"
    },
    {
        "category": "specials",
        "href": "https://www.woolworths.com.au/shop/productdetails/209530/roast-pork-loin-boneless-small",
        "imgName": "209530.jpg",
        "imgSrc": "https://cdn0.woolworths.media/content/wowproductimages/medium/209530.jpg",
        "name": "Roast Pork Loin Boneless Small min. 3kg"
    },
    {
        "category": "specials",
        "href": "https://www.woolworths.com.au/shop/productdetails/209451/lamb-midloin-chops-small",
        "imgName": "209451.jpg",
        "imgSrc": "https://cdn0.woolworths.media/content/wowproductimages/medium/209451.jpg",
        "name": "Lamb Midloin Chops Small min. 300g",
        "price": 6.9,
        "special": 5.4,
        "unitPrice": "$18.00 / 1KG"
    },
    {
        "category": "specials",
        "href": "https://www.woolworths.com.au/shop/productdetails/226589/hygiene-plus-second-skin-gloves-disposable",
        "imgName": "226589.jpg",
        "imgSrc": "https://cdn0.woolworths.media/content/wowproductimages/medium/226589.jpg",
        "name": "Hygiene Plus Second Skin Gloves Disposable 24pk",
        "price": 3.49,
        "special": 2.95,
        "unitPrice": "$0.12 / 1EA"
    },
    {
        "category": "specials",
        "href": "https://www.woolworths.com.au/shop/productdetails/232941/polident-denture-care-cleanser-tablets-whitening",
        "imgName": "232941.jpg",
        "imgSrc": "https://cdn0.woolworths.media/content/wowproductimages/medium/232941.jpg",
        "name": "Polident Denture Care Cleanser Tablets Whitening 36pk",
        "price": 5.5,
        "unitPrice": "$0.15 / 1EA"
    },
    {
        "category": "specials",
        "href": "https://www.woolworths.com.au/shop/productdetails/233730/john-frieda-conditioner-sheer-blonde-light-moisturising",
        "imgName": "233730.jpg",
        "imgSrc": "https://cdn0.woolworths.media/content/wowproductimages/medium/233730.jpg",
        "name": "John Frieda Conditioner Sheer Blonde Light Moisturising 250ml",
        "price": 16,
        "special": 9.6,
        "unitPrice": "$3.84 / 100ML"
    },
    {
        "category": "specials",
        "href": "https://www.woolworths.com.au/shop/productdetails/250030/essentials-plastic-forks",
        "imgName": "250030.jpg",
        "imgSrc": "https://cdn0.woolworths.media/content/wowproductimages/medium/250030.jpg",
        "name": "Essentials Plastic Forks  20pk",
        "price": 1,
        "unitPrice": "$0.05 / 1EA"
    },
    {
        "category": "specials",
        "href": "https://www.woolworths.com.au/shop/productdetails/254380/homebrand-pool-salt",
        "imgName": "254380.jpg",
        "imgSrc": "https://cdn0.woolworths.media/content/wowproductimages/medium/254380.jpg",
        "name": "Homebrand Pool Salt 10kg",
        "price": 5.49,
        "unitPrice": "$0.55 / 1KG"
    },
    {
        "category": "specials",
        "href": "https://www.woolworths.com.au/shop/productdetails/253619/bonds-socks-mens-logo-lowcut-size-6-10",
        "imgName": "253619.jpg",
        "imgSrc": "https://cdn0.woolworths.media/content/wowproductimages/medium/253619.jpg",
        "name": "Bonds Socks Mens Logo Lowcut Size 6-10 3pk",
        "price": 14,
        "special": 7,
        "unitPrice": "$2.33 / 1EA"
    },
    {
        "category": "specials",
        "href": "https://www.woolworths.com.au/shop/productdetails/254609/white-wings-cake-mix-smooth-continental-cheesecake",
        "imgName": "254609.jpg",
        "imgSrc": "https://cdn0.woolworths.media/content/wowproductimages/medium/254609.jpg",
        "name": "White Wings Cake Mix Smooth Continental Cheesecake 465g",
        "price": 4,
        "unitPrice": "$0.86 / 100G"
    },
    {
        "category": "specials",
        "href": "https://www.woolworths.com.au/shop/productdetails/260428/l-oreal-casting-cr-me-gloss-500-medium-brown",
        "imgName": "260428.jpg",
        "imgSrc": "https://cdn0.woolworths.media/content/wowproductimages/medium/260428.jpg",
        "name": "L'oreal Casting Cr\u00e8me Gloss 500 Medium Brown 1pk",
        "price": 16,
        "special": 11
    },
    {
        "category": "specials",
        "href": "https://www.woolworths.com.au/shop/productdetails/257413/maggi-gravy-mix-roast-chicken",
        "imgName": "257413.jpg",
        "imgSrc": "https://cdn0.woolworths.media/content/wowproductimages/medium/257413.jpg",
        "name": "Maggi Gravy Mix Roast Chicken 24g",
        "price": 1,
        "special": 0.8,
        "unitPrice": "$0.33 / 10G"
    },
    {
        "category": "specials",
        "href": "https://www.woolworths.com.au/shop/productdetails/279849/vaalia-yoghurt-low-fat-strawberry",
        "imgName": "279849.jpg",
        "imgSrc": "https://cdn0.woolworths.media/content/wowproductimages/medium/279849.jpg",
        "name": "Vaalia Yoghurt Low Fat Strawberry 4x150g",
        "price": 4,
        "unitPrice": "$0.67 / 100G"
    },
    {
        "category": "specials",
        "href": "https://www.woolworths.com.au/shop/productdetails/301085/fantastic-delites-snacks-sweet-chilli-sour-cream",
        "imgName": "301085.jpg",
        "imgSrc": "https://cdn0.woolworths.media/content/wowproductimages/medium/301085.jpg",
        "name": "Fantastic Delites Snacks Sweet Chilli & Sour Cream 100g",
        "price": 2,
        "special": 1.5,
        "unitPrice": "$1.50 / 100G"
    },
    {
        "category": "specials",
        "href": "https://www.woolworths.com.au/shop/productdetails/303414/australia-s-own-organic-long-life-rice-milk",
        "imgName": "303414.jpg",
        "imgSrc": "https://cdn0.woolworths.media/content/wowproductimages/medium/303414.jpg",
        "name": "Australia's Own Organic Long Life Rice Milk 1l",
        "price": 2,
        "unitPrice": "$2.00 / 1L"
    },
    {
        "category": "specials",
        "href": "https://www.woolworths.com.au/shop/productdetails/311469/sunrice-microwave-indian-aromatic-basmati-rice",
        "imgName": "311469.jpg",
        "imgSrc": "https://cdn0.woolworths.media/content/wowproductimages/medium/311469.jpg",
        "name": "Sunrice Microwave Indian Aromatic Basmati Rice 450g",
        "price": 3.5,
        "unitPrice": "$0.78 / 100G"
    },
    {
        "category": "specials",
        "href": "https://www.woolworths.com.au/shop/productdetails/260124/waterthins-crispbread-bagelettes-original",
        "imgName": "260124.jpg",
        "imgSrc": "https://cdn0.woolworths.media/content/wowproductimages/medium/260124.jpg",
        "name": "Waterthins Crispbread Bagelettes Original 125g",
        "price": 3.5,
        "special": 3,
        "unitPrice": "$2.40 / 100G"
    },
    {
        "category": "specials",
        "href": "https://www.woolworths.com.au/shop/productdetails/260435/l-oreal-casting-cr-me-gloss-415-iced-chocolate",
        "imgName": "260435.jpg",
        "imgSrc": "https://cdn0.woolworths.media/content/wowproductimages/medium/260435.jpg",
        "name": "L'oreal Casting Cr\u00e8me Gloss 415 Iced Chocolate 1pk",
        "price": 16,
        "special": 11
    },
    {
        "category": "specials",
        "href": "https://www.woolworths.com.au/shop/productdetails/260479/naturale-paper-towel-100-recycled-2ply",
        "imgName": "260479.jpg",
        "imgSrc": "https://cdn0.woolworths.media/content/wowproductimages/medium/260479.jpg",
        "name": "Naturale Paper Towel 100% Recycled 2ply 140ss 2pk",
        "price": 2.5,
        "special": 2,
        "unitPrice": "$1.43 / 100SS"
    },
    {
        "category": "specials",
        "href": "https://www.woolworths.com.au/shop/productdetails/311118/woolworths-select-salsa-medium",
        "imgName": "311118.jpg",
        "imgSrc": "https://cdn0.woolworths.media/content/wowproductimages/medium/311118.jpg",
        "name": "Woolworths Select Salsa Medium 300g",
        "price": 1.5,
        "unitPrice": "$0.50 / 100G"
    },
    {
        "category": "specials",
        "href": "https://www.woolworths.com.au/shop/productdetails/321141/lamb-leg-butterflied-roast-with-garlic-herbs",
        "imgName": "321141.jpg",
        "imgSrc": "https://cdn0.woolworths.media/content/wowproductimages/medium/321141.jpg",
        "name": "Lamb Leg Butterflied Roast With Garlic & Herbs min. 1.2kg",
        "price": 29.99,
        "special": 21.6,
        "unitPrice": "$18.00 / 1KG"
    },
    {
        "category": "specials",
        "href": "https://www.woolworths.com.au/shop/productdetails/312362/chris-dips-three-olive",
        "imgName": "312362.jpg",
        "imgSrc": "https://cdn0.woolworths.media/content/wowproductimages/medium/312362.jpg",
        "name": "Chris' Dips Three Olive  200g",
        "price": 3.5,
        "unitPrice": "$1.75 / 100G"
    },
    {
        "category": "specials",
        "href": "https://www.woolworths.com.au/shop/productdetails/323468/mars-milkyway-sharepack-funsize-sharepack",
        "imgName": "323468.jpg",
        "imgSrc": "https://cdn0.woolworths.media/content/wowproductimages/medium/323468.jpg",
        "name": "Mars Milkyway Sharepack Funsize Sharepack 18pk 216g",
        "price": 4.6,
        "special": 3.5,
        "unitPrice": "$1.62 / 100G"
    },
    {
        "category": "specials",
        "href": "https://www.woolworths.com.au/shop/productdetails/295715/white-king-inwash-soaker-5-in-1-oxy-lift-booster",
        "imgName": "295715.jpg",
        "imgSrc": "https://cdn0.woolworths.media/content/wowproductimages/medium/295715.jpg",
        "name": "White King Inwash & Soaker 5 In 1 Oxy Lift Booster 1kg",
        "price": 4.5,
        "unitPrice": "$4.50 / 1KG"
    },
    {
        "category": "specials",
        "href": "https://www.woolworths.com.au/shop/productdetails/296659/homebrand-gloves-disposable-lightly-powdered",
        "imgName": "296659.jpg",
        "imgSrc": "https://cdn0.woolworths.media/content/wowproductimages/medium/296659.jpg",
        "name": "Homebrand Gloves Disposable Lightly Powdered 100pk",
        "price": 7.99,
        "unitPrice": "$0.08 / 1EA"
    },
    {
        "category": "specials",
        "href": "https://www.woolworths.com.au/shop/productdetails/315692/v-energy",
        "imgName": "315692.jpg",
        "imgSrc": "https://cdn0.woolworths.media/content/wowproductimages/medium/315692.jpg",
        "name": "V Energy  500ml",
        "price": 3.6,
        "special": 3.15,
        "unitPrice": "$6.30 / 1L"
    },
    {
        "category": "specials",
        "href": "https://www.woolworths.com.au/shop/productdetails/348259/macs-traditional-shortbread-thistle",
        "imgName": "348259.jpg",
        "imgSrc": "https://cdn0.woolworths.media/content/wowproductimages/medium/348259.jpg",
        "name": "Macs Traditional Shortbread Thistle 180g",
        "price": 3,
        "special": 2,
        "unitPrice": "$1.11 / 100G"
    },
    {
        "category": "specials",
        "href": "https://www.woolworths.com.au/shop/productdetails/370877/nivea-body-moisturiser-body-express-hydration",
        "imgName": "370877.jpg",
        "imgSrc": "https://cdn0.woolworths.media/content/wowproductimages/medium/370877.jpg",
        "name": "Nivea Body Moisturiser Body Express Hydration 400ml",
        "price": 8,
        "special": 5,
        "unitPrice": "$1.25 / 100ML"
    },
    {
        "category": "specials",
        "href": "https://www.woolworths.com.au/shop/productdetails/263280/adidas-action-3-deodorant-aerosol-anti-perspirant-fresh",
        "imgName": "263280.jpg",
        "imgSrc": "https://cdn0.woolworths.media/content/wowproductimages/medium/263280.jpg",
        "name": "Adidas Action 3 Deodorant Aerosol Anti Perspirant Fresh 200ml",
        "price": 5,
        "unitPrice": "$2.50 / 100ML"
    },
    {
        "category": "specials",
        "href": "https://www.woolworths.com.au/shop/productdetails/333499/russian-standard-st-petersberg-vodka",
        "imgName": "333499.jpg",
        "imgSrc": "https://cdn0.woolworths.media/content/wowproductimages/medium/333499.jpg",
        "name": "Russian Standard St Petersberg Vodka  700ml",
        "price": 46,
        "special": 33
    },
    {
        "category": "specials",
        "href": "https://www.woolworths.com.au/shop/productdetails/334510/rafferty-s-garden-food-6-months-apricot-chicken-puree",
        "imgName": "334510.jpg",
        "imgSrc": "https://cdn0.woolworths.media/content/wowproductimages/medium/334510.jpg",
        "name": "Rafferty's Garden Food 6 Months Apricot Chicken Puree 120g",
        "price": 1.65,
        "unitPrice": "$1.38 / 100G"
    },
    {
        "category": "specials",
        "href": "https://www.woolworths.com.au/shop/productdetails/343469/vaseline-intensive-care-body-lotion-cocoa-glow",
        "imgName": "343469.jpg",
        "imgSrc": "https://cdn0.woolworths.media/content/wowproductimages/medium/343469.jpg",
        "name": "Vaseline Intensive Care Body Lotion Cocoa Glow 750ml",
        "price": 10,
        "unitPrice": "$1.33 / 100ML"
    },
    {
        "category": "specials",
        "href": "https://www.woolworths.com.au/shop/productdetails/315147/rspca-approved-chicken-kebab-satay",
        "imgName": "315147.jpg",
        "imgSrc": "https://cdn0.woolworths.media/content/wowproductimages/medium/315147.jpg",
        "name": "Rspca Approved Chicken Kebab Satay each"
    },
    {
        "category": "specials",
        "href": "https://www.woolworths.com.au/shop/productdetails/339939/yumi-s-quality-foods-traditional-middle-eastern-hommus-dip",
        "imgName": "339939.jpg",
        "imgSrc": "https://cdn0.woolworths.media/content/wowproductimages/medium/339939.jpg",
        "name": "Yumi's Quality Foods Traditional Middle Eastern Hommus Dip 1kg",
        "price": 7,
        "unitPrice": "$0.70 / 100G"
    },
    {
        "category": "specials",
        "href": "https://www.woolworths.com.au/shop/productdetails/336408/morning-sun-apricot-almond-muesli",
        "imgName": "336408.jpg",
        "imgSrc": "https://cdn0.woolworths.media/content/wowproductimages/medium/336408.jpg",
        "name": "Morning Sun Apricot & Almond Muesli 650g",
        "price": 4,
        "special": 3,
        "unitPrice": "$0.46 / 100G"
    },
    {
        "category": "specials",
        "href": "https://www.woolworths.com.au/shop/productdetails/349075/dine-adult-cat-food-morsels-with-salmon",
        "imgName": "349075.jpg",
        "imgSrc": "https://cdn0.woolworths.media/content/wowproductimages/medium/349075.jpg",
        "name": "Dine Adult Cat Food Morsels With Salmon 7pk",
        "price": 7.15,
        "special": 5,
        "unitPrice": "$0.84 / 100G"
    },
    {
        "category": "specials",
        "href": "https://www.woolworths.com.au/shop/productdetails/296082/woolworths-select-floor-wipes",
        "imgName": "296082.jpg",
        "imgSrc": "https://cdn0.woolworths.media/content/wowproductimages/medium/296082.jpg",
        "name": "Woolworths Select Floor Wipes 20pk",
        "price": 5,
        "unitPrice": "$0.25 / 1EA"
    },
    {
        "category": "specials",
        "href": "https://www.woolworths.com.au/shop/productdetails/302210/oral-b-powered-toothbrush-heads-precision-clean",
        "imgName": "302210.jpg",
        "imgSrc": "https://cdn0.woolworths.media/content/wowproductimages/medium/302210.jpg",
        "name": "Oral-b Powered Toothbrush Heads Precision Clean 2pk",
        "price": 13.75,
        "unitPrice": "$6.88 / 1EA"
    },
    {
        "category": "specials",
        "href": "https://www.woolworths.com.au/shop/productdetails/329027/lindt-lindor-dark-assorted",
        "imgName": "329027.jpg",
        "imgSrc": "https://cdn0.woolworths.media/content/wowproductimages/medium/329027.jpg",
        "name": "Lindt Lindor Dark Assorted 150g",
        "price": 12.5,
        "special": 6,
        "unitPrice": "$4.00 / 100G"
    },
    {
        "category": "specials",
        "href": "https://www.woolworths.com.au/shop/productdetails/325773/fancy-feast-kitten-food-tender-ocean-whitefish-feast",
        "imgName": "325773.jpg",
        "imgSrc": "https://cdn0.woolworths.media/content/wowproductimages/medium/325773.jpg",
        "name": "Fancy Feast Kitten Food Tender Ocean Whitefish Feast 85g",
        "price": 1.2,
        "special": 0.9,
        "unitPrice": "$1.06 / 100G"
    },
    {
        "category": "specials",
        "href": "https://www.woolworths.com.au/shop/productdetails/326554/rose-s-english-breakfast-marmalade",
        "imgName": "326554.jpg",
        "imgSrc": "https://cdn0.woolworths.media/content/wowproductimages/medium/326554.jpg",
        "name": "Rose's English Breakfast Marmalade 500g",
        "price": 3.85,
        "unitPrice": "$0.77 / 100G"
    },
    {
        "category": "specials",
        "href": "https://www.woolworths.com.au/shop/productdetails/259145/babylove-cosifit-bulk-nappies-crawler-6-11kg",
        "imgName": "259145.jpg",
        "imgSrc": "https://cdn0.woolworths.media/content/wowproductimages/medium/259145.jpg",
        "name": "Babylove Cosifit Bulk Nappies Crawler 6-11kg 44pk",
        "price": 14,
        "special": 12,
        "unitPrice": "$0.27 / 1EA"
    },
    {
        "category": "specials",
        "href": "https://www.woolworths.com.au/shop/productdetails/289775/talleys-chilled-mussels-marinated-garlic",
        "imgName": "289775.jpg",
        "imgSrc": "https://cdn0.woolworths.media/content/wowproductimages/medium/289775.jpg",
        "name": "Talleys Chilled Mussels Marinated Garlic 375g",
        "price": 7,
        "special": 6,
        "unitPrice": "$16.00 / 1KG"
    },
    {
        "category": "specials",
        "href": "https://www.woolworths.com.au/shop/productdetails/294264/woolworths-select-jelly-port-wine",
        "imgName": "294264.jpg",
        "imgSrc": "https://cdn0.woolworths.media/content/wowproductimages/medium/294264.jpg",
        "name": "Woolworths Select Jelly Port Wine 85g",
        "price": 0.9,
        "unitPrice": "$1.06 / 100G"
    },
    {
        "category": "specials",
        "href": "https://www.woolworths.com.au/shop/productdetails/260408/napro-palette-permanent-colour-dark-brown",
        "imgName": "260408.jpg",
        "imgSrc": "https://cdn0.woolworths.media/content/wowproductimages/medium/260408.jpg",
        "name": "Napro Palette Permanent Colour Dark Brown 140ml",
        "price": 7.95,
        "unitPrice": "$7.95 / 1EA"
    },
    {
        "category": "specials",
        "href": "https://www.woolworths.com.au/shop/productdetails/298986/masterfoods-relish-caf-tomato",
        "imgName": "298986.jpg",
        "imgSrc": "https://cdn0.woolworths.media/content/wowproductimages/medium/298986.jpg",
        "name": "Masterfoods Relish Caf\u00e9 Tomato 250g",
        "price": 3.3,
        "special": 2.5,
        "unitPrice": "$10.00 / 1KG"
    },
    {
        "category": "specials",
        "href": "https://www.woolworths.com.au/shop/productdetails/323694/heinz-little-kids-wholegrain-cereal-bars-apple-blueberry",
        "imgName": "323694.jpg",
        "imgSrc": "https://cdn0.woolworths.media/content/wowproductimages/medium/323694.jpg",
        "name": "Heinz Little Kids Wholegrain Cereal Bars Apple & Blueberry 6pk 90g",
        "price": 4,
        "special": 3,
        "unitPrice": "$3.33 / 100G"
    },
    {
        "category": "specials",
        "href": "https://www.woolworths.com.au/shop/productdetails/329037/hermesetas-sweetener-stevia-granules",
        "imgName": "329037.jpg",
        "imgSrc": "https://cdn0.woolworths.media/content/wowproductimages/medium/329037.jpg",
        "name": "Hermesetas Sweetener Stevia Granules 75g",
        "price": 8.15,
        "special": 6,
        "unitPrice": "$8.00 / 100G"
    },
    {
        "category": "specials",
        "href": "https://www.woolworths.com.au/shop/productdetails/329092/uncle-tobys-plus-omega-3",
        "imgName": "329092.jpg",
        "imgSrc": "https://cdn0.woolworths.media/content/wowproductimages/medium/329092.jpg",
        "name": "Uncle Tobys Plus Omega 3 430g",
        "price": 4.49,
        "special": 3,
        "unitPrice": "$0.70 / 100G"
    },
    {
        "category": "specials",
        "href": "https://www.woolworths.com.au/shop/productdetails/325764/john-frieda-shampoo-sheer-blonde-colour-renew",
        "imgName": "325764.jpg",
        "imgSrc": "https://cdn0.woolworths.media/content/wowproductimages/medium/325764.jpg",
        "name": "John Frieda Shampoo Sheer Blonde Colour Renew 250ml",
        "price": 18,
        "special": 10.8,
        "unitPrice": "$4.32 / 100ML"
    },
    {
        "category": "specials",
        "href": "https://www.woolworths.com.au/shop/productdetails/352601/santa-vittoria-sparkling-mineral-water",
        "imgName": "352601.jpg",
        "imgSrc": "https://cdn0.woolworths.media/content/wowproductimages/medium/352601.jpg",
        "name": "Santa Vittoria Sparkling Mineral Water  750ml",
        "price": 1.9,
        "special": 1.15,
        "unitPrice": "$1.53 / 1L"
    },
    {
        "category": "specials",
        "href": "https://www.woolworths.com.au/shop/productdetails/373321/palmolive-dishwashing-liquid-antibacterial-lemon",
        "imgName": "373321.jpg",
        "imgSrc": "https://cdn0.woolworths.media/content/wowproductimages/medium/373321.jpg",
        "name": "Palmolive Dishwashing Liquid Antibacterial Lemon 750ml",
        "price": 5.5,
        "special": 4.5,
        "unitPrice": "$0.60 / 100ML"
    },
    {
        "category": "specials",
        "href": "https://www.woolworths.com.au/shop/productdetails/381129/nivea-invisible-black-white-deodorant-aerosol-pure",
        "imgName": "381129.jpg",
        "imgSrc": "https://cdn0.woolworths.media/content/wowproductimages/medium/381129.jpg",
        "name": "Nivea Invisible Black & White Deodorant Aerosol Pure 91g",
        "price": 4,
        "unitPrice": "$2.67 / 100ML"
    },
    {
        "category": "specials",
        "href": "https://www.woolworths.com.au/shop/productdetails/381293/purina-total-care-oinker-toy-oinker",
        "imgName": "381293.jpg",
        "imgSrc": "https://cdn0.woolworths.media/content/wowproductimages/medium/381293.jpg",
        "name": "Purina Total Care Oinker Toy Oinker each",
        "price": 10.99,
        "special": 8
    },
    {
        "category": "specials",
        "href": "https://www.woolworths.com.au/shop/productdetails/376505/listerine-zero-mouthwash",
        "imgName": "376505.jpg",
        "imgSrc": "https://cdn0.woolworths.media/content/wowproductimages/medium/376505.jpg",
        "name": "Listerine Zero Mouthwash  500ml",
        "price": 8.5,
        "special": 6,
        "unitPrice": "$1.20 / 100ML"
    },
    {
        "category": "specials",
        "href": "https://www.woolworths.com.au/shop/productdetails/380317/tena-pads-day-night-super-plus",
        "imgName": "380317.jpg",
        "imgSrc": "https://cdn0.woolworths.media/content/wowproductimages/medium/380317.jpg",
        "name": "Tena Pads Day Night Super Plus 14pk",
        "price": 9,
        "unitPrice": "$0.64 / 1EA"
    },
    {
        "category": "specials",
        "href": "https://www.woolworths.com.au/shop/productdetails/453308/woolworths-traditional-bocconcini",
        "imgName": "453308.jpg",
        "imgSrc": "https://cdn0.woolworths.media/content/wowproductimages/medium/453308.jpg",
        "name": "Woolworths Traditional Bocconcini  210g",
        "price": 4,
        "unitPrice": "$19.05 / 1KG"
    },
    {
        "category": "specials",
        "href": "https://www.woolworths.com.au/shop/productdetails/460575/m-m-s-crispy",
        "imgName": "460575.jpg",
        "imgSrc": "https://cdn0.woolworths.media/content/wowproductimages/medium/460575.jpg",
        "name": "M&m's Crispy  305g bag",
        "price": 6.7,
        "special": 5,
        "unitPrice": "$1.64 / 100G"
    },
    {
        "category": "specials",
        "href": "https://www.woolworths.com.au/shop/productdetails/369163/borg-s-pastry-fillo-sheets",
        "imgName": "369163.jpg",
        "imgSrc": "https://cdn0.woolworths.media/content/wowproductimages/medium/369163.jpg",
        "name": "Borg's Pastry Fillo Sheets 375g",
        "price": 3.5,
        "unitPrice": "$0.93 / 100G"
    },
    {
        "category": "specials",
        "href": "https://www.woolworths.com.au/shop/productdetails/347454/john-frieda-shampoo-frizz-ease-repairing",
        "imgName": "347454.jpg",
        "imgSrc": "https://cdn0.woolworths.media/content/wowproductimages/medium/347454.jpg",
        "name": "John Frieda Shampoo Frizz Ease Repairing 250ml",
        "price": 16,
        "special": 9.6,
        "unitPrice": "$3.84 / 100ML"
    },
    {
        "category": "specials",
        "href": "https://www.woolworths.com.au/shop/productdetails/434121/woolworths-cheese-rings",
        "imgName": "434121.jpg",
        "imgSrc": "https://cdn0.woolworths.media/content/wowproductimages/medium/434121.jpg",
        "name": "Woolworths Cheese Rings  190g",
        "price": 1.9,
        "unitPrice": "$1.00 / 100G"
    },
    {
        "category": "specials",
        "href": "https://www.woolworths.com.au/shop/productdetails/353447/bic-4-coloured-grip-pen-medium-fine",
        "imgName": "353447.jpg",
        "imgSrc": "https://cdn0.woolworths.media/content/wowproductimages/medium/353447.jpg",
        "name": "Bic 4 Coloured Grip Pen Medium & Fine 2pk",
        "price": 6.5,
        "special": 4.4
    },
    {
        "category": "specials",
        "href": "https://www.woolworths.com.au/shop/productdetails/373344/palmolive-dishwashing-liquid-ultra-original",
        "imgName": "373344.jpg",
        "imgSrc": "https://cdn0.woolworths.media/content/wowproductimages/medium/373344.jpg",
        "name": "Palmolive Dishwashing Liquid Ultra Original 750ml",
        "price": 5.5,
        "special": 4.5,
        "unitPrice": "$0.60 / 100ML"
    },
    {
        "category": "specials",
        "href": "https://www.woolworths.com.au/shop/productdetails/382410/voss-sparkling-water",
        "imgName": "382410.jpg",
        "imgSrc": "https://cdn0.woolworths.media/content/wowproductimages/medium/382410.jpg",
        "name": "Voss Sparkling Water 800ml"
    },
    {
        "category": "specials",
        "href": "https://www.woolworths.com.au/shop/productdetails/430625/omo-sensitive-laundry-detergent-liquid-capsules-front-top-loader",
        "imgName": "430625.jpg",
        "imgSrc": "https://cdn0.woolworths.media/content/wowproductimages/medium/430625.jpg",
        "name": "Omo Sensitive Laundry Detergent Liquid Capsules Front & Top Loader 4l",
        "price": 24,
        "unitPrice": "$6.00 / 1L"
    },
    {
        "category": "specials",
        "href": "https://www.woolworths.com.au/shop/productdetails/432784/chris-heritage-goats-cheese-truffle-dip",
        "imgName": "432784.jpg",
        "imgSrc": "https://cdn0.woolworths.media/content/wowproductimages/medium/432784.jpg",
        "name": "Chris' Heritage Goats Cheese & Truffle Dip 170g",
        "price": 7.99,
        "special": 6,
        "unitPrice": "$3.53 / 100G"
    },
    {
        "category": "specials",
        "href": "https://www.woolworths.com.au/shop/productdetails/437102/yoplait-petit-miam-strawberry-beetroot",
        "imgName": "437102.jpg",
        "imgSrc": "https://cdn0.woolworths.media/content/wowproductimages/medium/437102.jpg",
        "name": "Yoplait Petit Miam Strawberry & Beetroot 70g",
        "price": 1,
        "unitPrice": "$1.43 / 100G"
    },
    {
        "category": "specials",
        "href": "https://www.woolworths.com.au/shop/productdetails/441548/chia-pod-coconut",
        "imgName": "441548.jpg",
        "imgSrc": "https://cdn0.woolworths.media/content/wowproductimages/medium/441548.jpg",
        "name": "Chia Pod Coconut  170g",
        "price": 3,
        "unitPrice": "$1.76 / 100G"
    },
    {
        "category": "specials",
        "href": "https://www.woolworths.com.au/shop/productdetails/434919/woolworths-fairtrade-nespresso-compatible-coffee-capsules-intense",
        "imgName": "434919.jpg",
        "imgSrc": "https://cdn0.woolworths.media/content/wowproductimages/medium/434919.jpg",
        "name": "Woolworths Fairtrade Nespresso\u00ae* Compatible Coffee Capsules Intense 10pk",
        "price": 3.7,
        "unitPrice": "$6.61 / 100G"
    },
    {
        "category": "specials",
        "href": "https://www.woolworths.com.au/shop/productdetails/435296/carman-s-apple-date-cinnamon-natural-muesli",
        "imgName": "435296.jpg",
        "imgSrc": "https://cdn0.woolworths.media/content/wowproductimages/medium/435296.jpg",
        "name": "Carman's Apple, Date & Cinnamon Natural Muesli 500g",
        "price": 5.7,
        "special": 4,
        "unitPrice": "$0.80 / 100G"
    },
    {
        "category": "specials",
        "href": "https://www.woolworths.com.au/shop/productdetails/330841/peters-light-creamy-classic-vanilla-ice-cream",
        "imgName": "330841.jpg",
        "imgSrc": "https://cdn0.woolworths.media/content/wowproductimages/medium/330841.jpg",
        "name": "Peters Light & Creamy Classic Vanilla Ice Cream 1.8l",
        "price": 5,
        "unitPrice": "$0.28 / 100ML"
    },
    {
        "category": "specials",
        "href": "https://www.woolworths.com.au/shop/productdetails/341040/gillette-blue-3-disposable-shaving-razor",
        "imgName": "341040.jpg",
        "imgSrc": "https://cdn0.woolworths.media/content/wowproductimages/medium/341040.jpg",
        "name": "Gillette Blue 3 Disposable Shaving Razor  8pk",
        "price": 8,
        "unitPrice": "$1.00 / 1EA"
    },
    {
        "category": "specials",
        "href": "https://www.woolworths.com.au/shop/productdetails/341058/lipton-ice-tea-raspberry",
        "imgName": "341058.jpg",
        "imgSrc": "https://cdn0.woolworths.media/content/wowproductimages/medium/341058.jpg",
        "name": "Lipton Ice Tea Raspberry 1.5l",
        "price": 3.9,
        "special": 1.89,
        "unitPrice": "$1.26 / 1L"
    },
    {
        "category": "specials",
        "href": "https://www.woolworths.com.au/shop/productdetails/381074/mills-wares-muffin-bars-double-choc-chip",
        "imgName": "381074.jpg",
        "imgSrc": "https://cdn0.woolworths.media/content/wowproductimages/medium/381074.jpg",
        "name": "Mills & Wares Muffin Bars Double Choc Chip 10pk 420g",
        "price": 5.99,
        "unitPrice": "$1.43 / 100G"
    },
    {
        "category": "specials",
        "href": "https://www.woolworths.com.au/shop/productdetails/330239/roquefort-cheese-portion-roquefort-portion",
        "imgName": "330239.jpg",
        "imgSrc": "https://cdn0.woolworths.media/content/wowproductimages/medium/330239.jpg",
        "name": "Roquefort Cheese Portion Roquefort Portion 125g",
        "price": 10,
        "special": 8,
        "unitPrice": "$64.00 / 1KG"
    },
    {
        "category": "specials",
        "href": "https://www.woolworths.com.au/shop/productdetails/322268/only-organic-4-months-banana-apple",
        "imgName": "322268.jpg",
        "imgSrc": "https://cdn0.woolworths.media/content/wowproductimages/medium/322268.jpg",
        "name": "Only Organic 4 Months+ Banana & Apple 120g",
        "price": 2,
        "special": 1.5,
        "unitPrice": "$1.25 / 100G"
    },
    {
        "category": "specials",
        "href": "https://www.woolworths.com.au/shop/productdetails/336339/lowan-apricot-almond-muesli",
        "imgName": "336339.jpg",
        "imgSrc": "https://cdn0.woolworths.media/content/wowproductimages/medium/336339.jpg",
        "name": "Lowan Apricot & Almond Muesli 750g",
        "price": 4,
        "unitPrice": "$0.53 / 100G"
    },
    {
        "category": "specials",
        "href": "https://www.woolworths.com.au/shop/productdetails/336793/heinz-chicken-shredded-springwater",
        "imgName": "336793.jpg",
        "imgSrc": "https://cdn0.woolworths.media/content/wowproductimages/medium/336793.jpg",
        "name": "Heinz Chicken Shredded Springwater 85g",
        "price": 1.5,
        "unitPrice": "$17.65 / 1KG"
    },
    {
        "category": "specials",
        "href": "https://www.woolworths.com.au/shop/productdetails/360701/multix-kitchen-tidy-bags-large-colour-scents-rose",
        "imgName": "360701.jpg",
        "imgSrc": "https://cdn0.woolworths.media/content/wowproductimages/medium/360701.jpg",
        "name": "Multix Kitchen Tidy Bags Large Colour Scents Rose 60pk",
        "price": 6.59,
        "special": 6,
        "unitPrice": "$0.10 / 1EA"
    },
    {
        "category": "specials",
        "href": "https://www.woolworths.com.au/shop/productdetails/427239/higher-living-organic-green-tea-coconut",
        "imgName": "427239.jpg",
        "imgSrc": "https://cdn0.woolworths.media/content/wowproductimages/medium/427239.jpg",
        "name": "Higher Living Organic Green Tea Coconut 40g",
        "price": 3.7,
        "special": 2.5,
        "unitPrice": "$6.25 / 100G"
    },
    {
        "category": "specials",
        "href": "https://www.woolworths.com.au/shop/productdetails/378028/smith-s-chips-multipack-crinkle-cut-original",
        "imgName": "378028.jpg",
        "imgSrc": "https://cdn0.woolworths.media/content/wowproductimages/medium/378028.jpg",
        "name": "Smith's Chips Multipack Crinkle Cut Original 20pk 380g",
        "price": 5.5,
        "unitPrice": "$1.45 / 100G"
    },
    {
        "category": "specials",
        "href": "https://www.woolworths.com.au/shop/productdetails/382513/rexona-men-antiperspirant-aerosol-deodorant-xtra-cool",
        "imgName": "382513.jpg",
        "imgSrc": "https://cdn0.woolworths.media/content/wowproductimages/medium/382513.jpg",
        "name": "Rexona Men Antiperspirant Aerosol Deodorant Xtra Cool 250ml",
        "price": 7,
        "special": 5,
        "unitPrice": "$2.00 / 100ML"
    },
    {
        "category": "specials",
        "href": "https://www.woolworths.com.au/shop/productdetails/365407/ocean-blue-smoked-salmon",
        "imgName": "365407.jpg",
        "imgSrc": "https://cdn0.woolworths.media/content/wowproductimages/medium/365407.jpg",
        "name": "Ocean Blue Smoked Salmon  300g",
        "price": 12,
        "special": 11.5,
        "unitPrice": "$38.33 / 1KG"
    },
    {
        "category": "specials",
        "href": "https://www.woolworths.com.au/shop/productdetails/430629/omo-ultimate-laundry-detergent-washing-powder-front-top-loader",
        "imgName": "430629.jpg",
        "imgSrc": "https://cdn0.woolworths.media/content/wowproductimages/medium/430629.jpg",
        "name": "Omo Ultimate Laundry Detergent Washing Powder Front & Top Loader 5kg",
        "price": 30,
        "unitPrice": "$6.00 / 1KG"
    },
    {
        "category": "specials",
        "href": "https://www.woolworths.com.au/shop/productdetails/453815/majans-infuzions-prawn-cracker",
        "imgName": "453815.jpg",
        "imgSrc": "https://cdn0.woolworths.media/content/wowproductimages/medium/453815.jpg",
        "name": "Majans Infuzions Prawn Cracker 5pk",
        "price": 3.19,
        "unitPrice": "$4.25 / 100G"
    },
    {
        "category": "specials",
        "href": "https://www.woolworths.com.au/shop/productdetails/466066/suimin-noodle-bowl-bbq-teriyaki",
        "imgName": "466066.jpg",
        "imgSrc": "https://cdn0.woolworths.media/content/wowproductimages/medium/466066.jpg",
        "name": "Suimin Noodle Bowl Bbq Teriyaki 90g",
        "price": 2,
        "special": 1,
        "unitPrice": "$1.11 / 100G"
    },
    {
        "category": "specials",
        "href": "https://www.woolworths.com.au/shop/productdetails/407509/the-complete-dairy-full-cream-milk",
        "imgName": "407509.jpg",
        "imgSrc": "https://cdn0.woolworths.media/content/wowproductimages/medium/407509.jpg",
        "name": "The Complete Dairy Full Cream Milk 1l",
        "price": 3,
        "special": 2.5,
        "unitPrice": "$2.50 / 1L"
    },
    {
        "category": "specials",
        "href": "https://www.woolworths.com.au/shop/productdetails/494112/waxworks-citronella-candle-stripped-terracotta-bowl",
        "imgName": "494112.jpg",
        "imgSrc": "https://cdn0.woolworths.media/content/wowproductimages/medium/494112.jpg",
        "name": "Waxworks Citronella Candle Stripped Terracotta Bowl each",
        "price": 9.99,
        "special": 7.99
    },
    {
        "category": "specials",
        "href": "https://www.woolworths.com.au/shop/productdetails/499624/tom-clark-butter-toffee",
        "imgName": "499624.jpg",
        "imgSrc": "https://cdn0.woolworths.media/content/wowproductimages/medium/499624.jpg",
        "name": "Tom Clark Butter Toffee  340g",
        "price": 10,
        "special": 7,
        "unitPrice": "$2.06 / 100G"
    },
    {
        "category": "specials",
        "href": "https://www.woolworths.com.au/shop/productdetails/499625/tom-clark-macadamia-clusters",
        "imgName": "499625.jpg",
        "imgSrc": "https://cdn0.woolworths.media/content/wowproductimages/medium/499625.jpg",
        "name": "Tom Clark Macadamia Clusters  340g",
        "price": 10,
        "special": 7,
        "unitPrice": "$2.06 / 100G"
    },
    {
        "category": "specials",
        "href": "https://www.woolworths.com.au/shop/productdetails/503588/quality-street-tub",
        "imgName": "503588.jpg",
        "imgSrc": "https://cdn0.woolworths.media/content/wowproductimages/medium/503588.jpg",
        "name": "Quality Street Tub  726g",
        "price": 12.5,
        "unitPrice": "$1.72 / 100G"
    },
    {
        "category": "specials",
        "href": "https://www.woolworths.com.au/shop/productdetails/519549/d-orsogna-maple-glazed-streaky-bacon",
        "imgName": "519549.jpg",
        "imgSrc": "https://cdn0.woolworths.media/content/wowproductimages/medium/519549.jpg",
        "name": "D'orsogna Maple Glazed Streaky Bacon  per kg",
        "price": 13,
        "special": 11,
        "unitPrice": "$11.00 / 1KG"
    },
    {
        "category": "specials",
        "href": "https://www.woolworths.com.au/shop/productdetails/481175/smitten-cat-food-tuna-mince",
        "imgName": "481175.jpg",
        "imgSrc": "https://cdn0.woolworths.media/content/wowproductimages/medium/481175.jpg",
        "name": "Smitten Cat Food Tuna Mince 400g",
        "price": 0.85,
        "unitPrice": "$0.21 / 100G"
    },
    {
        "category": "specials",
        "href": "https://www.woolworths.com.au/shop/productdetails/513168/wrigley-extra-bubblemint",
        "imgName": "513168.jpg",
        "imgSrc": "https://cdn0.woolworths.media/content/wowproductimages/medium/513168.jpg",
        "name": "Wrigley Extra Bubblemint  14pc 27g",
        "price": 2,
        "special": 1.6,
        "unitPrice": "$5.93 / 100G"
    },
    {
        "category": "specials",
        "href": "https://www.woolworths.com.au/shop/productdetails/551758/gloria-jeans-smooth-classic-coffee-capsules",
        "imgName": "551758.jpg",
        "imgSrc": "https://cdn0.woolworths.media/content/wowproductimages/medium/551758.jpg",
        "name": "Gloria Jeans Smooth Classic Coffee Capsules 10pk 80g",
        "price": 5,
        "special": 4,
        "unitPrice": "$5.00 / 100G"
    },
    {
        "category": "specials",
        "href": "https://www.woolworths.com.au/shop/productdetails/551818/gloria-jeans-breakfast-blend-coffee-capsules",
        "imgName": "551818.jpg",
        "imgSrc": "https://cdn0.woolworths.media/content/wowproductimages/medium/551818.jpg",
        "name": "Gloria Jeans Breakfast Blend Coffee Capsules 10pk 80g",
        "price": 5,
        "special": 4,
        "unitPrice": "$5.00 / 100G"
    },
    {
        "category": "specials",
        "href": "https://www.woolworths.com.au/shop/productdetails/498493/rafferty-s-garden-ready-to-eat-porridge-6-months-pear-apple-cinnamon",
        "imgName": "498493.jpg",
        "imgSrc": "https://cdn0.woolworths.media/content/wowproductimages/medium/498493.jpg",
        "name": "Rafferty's Garden Ready To Eat Porridge 6 Months Pear Apple & Cinnamon 120g",
        "price": 1.65,
        "unitPrice": "$1.38 / 100G"
    },
    {
        "category": "specials",
        "href": "https://www.woolworths.com.au/shop/productdetails/605573/dal-colle-choc-chip-panettone",
        "imgName": "605573.jpg",
        "imgSrc": "https://cdn0.woolworths.media/content/wowproductimages/medium/605573.jpg",
        "name": "Dal Colle Choc Chip Panettone  750g",
        "price": 12,
        "special": 10,
        "unitPrice": "$1.33 / 100G"
    },
    {
        "category": "specials",
        "href": "https://www.woolworths.com.au/shop/productdetails/608986/dove-conditioner-daily-care",
        "imgName": "608986.jpg",
        "imgSrc": "https://cdn0.woolworths.media/content/wowproductimages/medium/608986.jpg",
        "name": "Dove Conditioner Daily Care 320ml",
        "price": 7,
        "special": 3.5,
        "unitPrice": "$1.09 / 100ML"
    },
    {
        "category": "specials",
        "href": "https://www.woolworths.com.au/shop/productdetails/446459/maggi-chilli-con-carne-recipe-base",
        "imgName": "446459.jpg",
        "imgSrc": "https://cdn0.woolworths.media/content/wowproductimages/medium/446459.jpg",
        "name": "Maggi Chilli Con Carne Recipe Base 41g",
        "price": 1.75,
        "unitPrice": "$4.27 / 100G"
    },
    {
        "category": "specials",
        "href": "https://www.woolworths.com.au/shop/productdetails/380782/maybelline-ny-lip-colour-renovation-forever-chestnut",
        "imgName": "380782.jpg",
        "imgSrc": "https://cdn0.woolworths.media/content/wowproductimages/medium/380782.jpg",
        "name": "Maybelline Ny Lip Colour Renovation Forever Chestnut 1.8ml",
        "price": 22.95,
        "special": 16
    },
    {
        "category": "specials",
        "href": "https://www.woolworths.com.au/shop/productdetails/490100/paradise-chocolate-cake-mix",
        "imgName": "490100.jpg",
        "imgSrc": "https://cdn0.woolworths.media/content/wowproductimages/medium/490100.jpg",
        "name": "Paradise Chocolate Cake Mix  400g",
        "price": 2,
        "unitPrice": "$0.50 / 100G"
    },
    {
        "category": "specials",
        "href": "https://www.woolworths.com.au/shop/productdetails/505771/dove-men-clinical-roll-on-deodorant-clean-comfort",
        "imgName": "505771.jpg",
        "imgSrc": "https://cdn0.woolworths.media/content/wowproductimages/medium/505771.jpg",
        "name": "Dove Men Clinical Roll On Deodorant Clean Comfort 45ml",
        "price": 15,
        "special": 10,
        "unitPrice": "$22.22 / 100ML"
    },
    {
        "category": "specials",
        "href": "https://www.woolworths.com.au/shop/productdetails/379199/schwarzkopf-extra-care-conditioner-ultimate-repair",
        "imgName": "379199.jpg",
        "imgSrc": "https://cdn0.woolworths.media/content/wowproductimages/medium/379199.jpg",
        "name": "Schwarzkopf Extra Care Conditioner Ultimate Repair 400ml",
        "price": 6.9,
        "special": 3.44,
        "unitPrice": "$0.86 / 100ML"
    },
    {
        "category": "specials",
        "href": "https://www.woolworths.com.au/shop/productdetails/451922/leggo-s-pasta-sauce-bolognese-red-wine",
        "imgName": "451922.jpg",
        "imgSrc": "https://cdn0.woolworths.media/content/wowproductimages/medium/451922.jpg",
        "name": "Leggo's Pasta Sauce Bolognese Red Wine 500g",
        "price": 3,
        "special": 2.7,
        "unitPrice": "$0.54 / 100G"
    },
    {
        "category": "specials",
        "href": "https://www.woolworths.com.au/shop/productdetails/475364/masterfoods-chilli-sauce-medium",
        "imgName": "475364.jpg",
        "imgSrc": "https://cdn0.woolworths.media/content/wowproductimages/medium/475364.jpg",
        "name": "Masterfoods Chilli Sauce Medium 250ml",
        "price": 2.7,
        "special": 2,
        "unitPrice": "$0.80 / 100ML"
    },
    {
        "category": "specials",
        "href": "https://www.woolworths.com.au/shop/productdetails/476741/mud-nail-polish-au-naturale",
        "imgName": "476741.jpg",
        "imgSrc": "https://cdn0.woolworths.media/content/wowproductimages/medium/476741.jpg",
        "name": "Mud Nail Polish Au Naturale 13ml",
        "price": 2.5,
        "unitPrice": "$2.50 / 1EA"
    },
    {
        "category": "specials",
        "href": "https://www.woolworths.com.au/shop/productdetails/510726/woolworths-original-popcorn-seasoned-with-salt",
        "imgName": "510726.jpg",
        "imgSrc": "https://cdn0.woolworths.media/content/wowproductimages/medium/510726.jpg",
        "name": "Woolworths Original Popcorn Seasoned With Salt 10pk 200g",
        "price": 2.75,
        "unitPrice": "$1.38 / 100G"
    },
    {
        "category": "specials",
        "href": "https://www.woolworths.com.au/shop/productdetails/481167/your-majesty-cat-food-seafood-basket",
        "imgName": "481167.jpg",
        "imgSrc": "https://cdn0.woolworths.media/content/wowproductimages/medium/481167.jpg",
        "name": "Your Majesty Cat Food Seafood Basket 1kg",
        "price": 5.5,
        "unitPrice": "$0.55 / 100G"
    },
    {
        "category": "specials",
        "href": "https://www.woolworths.com.au/shop/productdetails/414925/heinz-chocolate-custard-jar",
        "imgName": "414925.jpg",
        "imgSrc": "https://cdn0.woolworths.media/content/wowproductimages/medium/414925.jpg",
        "name": "Heinz Chocolate Custard Jar 110g",
        "price": 1,
        "unitPrice": "$0.91 / 100G"
    },
    {
        "category": "specials",
        "href": "https://www.woolworths.com.au/shop/productdetails/421251/scotch-mailing-tape-super-strength",
        "imgName": "421251.jpg",
        "imgSrc": "https://cdn0.woolworths.media/content/wowproductimages/medium/421251.jpg",
        "name": "Scotch Mailing Tape Super Strength each",
        "price": 5,
        "special": 4
    },
    {
        "category": "specials",
        "href": "https://www.woolworths.com.au/shop/productdetails/375847/gastrolyte-electrolyte-rehydration-raspberry",
        "imgName": "375847.jpg",
        "imgSrc": "https://cdn0.woolworths.media/content/wowproductimages/medium/375847.jpg",
        "name": "Gastrolyte Electrolyte Rehydration Raspberry 20pk",
        "price": 11,
        "unitPrice": "$0.55 / 1EA"
    },
    {
        "category": "specials",
        "href": "https://www.woolworths.com.au/shop/productdetails/479496/dine-finest-cat-food-mixed",
        "imgName": "479496.jpg",
        "imgSrc": "https://cdn0.woolworths.media/content/wowproductimages/medium/479496.jpg",
        "name": "Dine Finest Cat Food Mixed 6x50g",
        "price": 4.8,
        "special": 3.6,
        "unitPrice": "$1.20 / 100G"
    },
    {
        "category": "specials",
        "href": "https://www.woolworths.com.au/shop/productdetails/472302/farmers-union-greek-style-yoghurt-vanilla",
        "imgName": "472302.jpg",
        "imgSrc": "https://cdn0.woolworths.media/content/wowproductimages/medium/472302.jpg",
        "name": "Farmers Union Greek Style Yoghurt Vanilla 950g",
        "price": 5,
        "unitPrice": "$0.53 / 100G"
    },
    {
        "category": "specials",
        "href": "https://www.woolworths.com.au/shop/productdetails/482405/dettol-foam-hand-wash-lime-mint-refill",
        "imgName": "482405.jpg",
        "imgSrc": "https://cdn0.woolworths.media/content/wowproductimages/medium/482405.jpg",
        "name": "Dettol Foam Hand Wash Lime & Mint Refill 900ml",
        "price": 7,
        "unitPrice": "$0.78 / 100ML"
    },
    {
        "category": "specials",
        "href": "https://www.woolworths.com.au/shop/productdetails/361965/olay-regenerist-micro-sculpting-uv-day-cream-spf30",
        "imgName": "361965.jpg",
        "imgSrc": "https://cdn0.woolworths.media/content/wowproductimages/medium/361965.jpg",
        "name": "Olay Regenerist Micro-sculpting Uv Day Cream Spf30 50ml",
        "price": 49,
        "special": 24.5,
        "unitPrice": "$49.00 / 100G"
    },
    {
        "category": "specials",
        "href": "https://www.woolworths.com.au/shop/productdetails/362461/cottee-s-cordial-fruit-cup",
        "imgName": "362461.jpg",
        "imgSrc": "https://cdn0.woolworths.media/content/wowproductimages/medium/362461.jpg",
        "name": "Cottee's Cordial Fruit Cup 1l",
        "price": 4.2,
        "special": 3.5,
        "unitPrice": "$3.50 / 1L"
    },
    {
        "category": "specials",
        "href": "https://www.woolworths.com.au/shop/productdetails/367127/sistema-drink-bottle-stainless-steel",
        "imgName": "367127.jpg",
        "imgSrc": "https://cdn0.woolworths.media/content/wowproductimages/medium/367127.jpg",
        "name": "Sistema Drink Bottle Stainless Steel 600ml each",
        "price": 12,
        "special": 6
    },
    {
        "category": "specials",
        "href": "https://www.woolworths.com.au/shop/productdetails/451245/leggo-s-pasta-sauce-garden-vegetable",
        "imgName": "451245.jpg",
        "imgSrc": "https://cdn0.woolworths.media/content/wowproductimages/medium/451245.jpg",
        "name": "Leggo's Pasta Sauce Garden Vegetable 500g",
        "price": 3,
        "special": 2.7,
        "unitPrice": "$0.54 / 100G"
    },
    {
        "category": "specials",
        "href": "https://www.woolworths.com.au/shop/productdetails/462707/omo-sensitive-laundry-liquid-detergent-front-top-loader",
        "imgName": "462707.jpg",
        "imgSrc": "https://cdn0.woolworths.media/content/wowproductimages/medium/462707.jpg",
        "name": "Omo Sensitive Laundry Liquid Detergent Front & Top Loader 1l",
        "price": 10,
        "special": 7.5,
        "unitPrice": "$7.50 / 1L"
    },
    {
        "category": "specials",
        "href": "https://www.woolworths.com.au/shop/productdetails/531737/nifty-foods-entertainers-antipasto-selection",
        "imgName": "531737.jpg",
        "imgSrc": "https://cdn0.woolworths.media/content/wowproductimages/medium/531737.jpg",
        "name": "Nifty Foods Entertainers Antipasto Selection 360g",
        "price": 7,
        "special": 5.5,
        "unitPrice": "$1.53 / 100G"
    },
    {
        "category": "specials",
        "href": "https://www.woolworths.com.au/shop/productdetails/546554/schnobs-cold-brewed-coffee-caramel-latte",
        "imgName": "546554.jpg",
        "imgSrc": "https://cdn0.woolworths.media/content/wowproductimages/medium/546554.jpg",
        "name": "Schnobs Cold Brewed Coffee Caramel Latte 325ml",
        "price": 3.65,
        "special": 2.5,
        "unitPrice": "$7.69 / 1L"
    },
    {
        "category": "specials",
        "href": "https://www.woolworths.com.au/shop/productdetails/432373/hot-topic-mug-batman-v-superman",
        "imgName": "432373.jpg",
        "imgSrc": "https://cdn0.woolworths.media/content/wowproductimages/medium/432373.jpg",
        "name": "Hot Topic Mug Batman V Superman each",
        "price": 5,
        "special": 3
    },
    {
        "category": "specials",
        "href": "https://www.woolworths.com.au/shop/productdetails/503225/nivea-micellar-wipes-3-in-1",
        "imgName": "503225.jpg",
        "imgSrc": "https://cdn0.woolworths.media/content/wowproductimages/medium/503225.jpg",
        "name": "Nivea Micellar Wipes 3 In 1 25ea",
        "price": 7.5,
        "special": 5,
        "unitPrice": "$0.20 / 1EA"
    },
    {
        "category": "specials",
        "href": "https://www.woolworths.com.au/shop/productdetails/524578/energizer-lightning-1-2m-cable-white",
        "imgName": "524578.jpg",
        "imgSrc": "https://cdn0.woolworths.media/content/wowproductimages/medium/524578.jpg",
        "name": "Energizer Lightning 1.2m Cable White each",
        "price": 20,
        "special": 18
    },
    {
        "category": "specials",
        "href": "https://www.woolworths.com.au/shop/productdetails/543766/obela-dip-kalamata-olive",
        "imgName": "543766.jpg",
        "imgSrc": "https://cdn0.woolworths.media/content/wowproductimages/medium/543766.jpg",
        "name": "Obela Dip Kalamata Olive 220g",
        "price": 4.4,
        "special": 4,
        "unitPrice": "$1.82 / 100G"
    },
    {
        "category": "specials",
        "href": "https://www.woolworths.com.au/shop/productdetails/541545/pomlife-frozen-pomegranate-arils",
        "imgName": "541545.jpg",
        "imgSrc": "https://cdn0.woolworths.media/content/wowproductimages/medium/541545.jpg",
        "name": "Pomlife Frozen Pomegranate Arils 150g",
        "price": 4,
        "special": 3.5,
        "unitPrice": "$23.33 / 1KG"
    },
    {
        "category": "specials",
        "href": "https://www.woolworths.com.au/shop/productdetails/524389/energizer-lightning-1-2m-cable-premium-nylon-braiding",
        "imgName": "524389.jpg",
        "imgSrc": "https://cdn0.woolworths.media/content/wowproductimages/medium/524389.jpg",
        "name": "Energizer Lightning 1.2m Cable - Premium Nylon Braiding each",
        "price": 30,
        "special": 27
    },
    {
        "category": "specials",
        "href": "https://www.woolworths.com.au/shop/productdetails/517468/luv-a-duck-peking-duck-breasts",
        "imgName": "517468.jpg",
        "imgSrc": "https://cdn0.woolworths.media/content/wowproductimages/medium/517468.jpg",
        "name": "Luv A Duck Peking Duck Breasts  360g",
        "price": 16,
        "special": 12,
        "unitPrice": "$33.33 / 1KG"
    },
    {
        "category": "specials",
        "href": "https://www.woolworths.com.au/shop/productdetails/636546/cadbury-christmas-edition-chocolate-block",
        "imgName": "636546.jpg",
        "imgSrc": "https://cdn0.woolworths.media/content/wowproductimages/medium/636546.jpg",
        "name": "Cadbury Christmas Edition Chocolate Block 100g",
        "price": 2,
        "special": 1.5,
        "unitPrice": "$1.50 / 100G"
    },
    {
        "category": "specials",
        "href": "https://www.woolworths.com.au/shop/productdetails/554892/lavazza-amodo-mio-appassionatamente-coffee-capsules",
        "imgName": "554892.jpg",
        "imgSrc": "https://cdn0.woolworths.media/content/wowproductimages/medium/554892.jpg",
        "name": "Lavazza Amodo Mio Appassionatamente Coffee Capsules 16pk",
        "price": 11,
        "special": 8,
        "unitPrice": "$0.50 / 1EA"
    },
    {
        "category": "specials",
        "href": "https://www.woolworths.com.au/shop/productdetails/647738/white-glo-white-accel-blue-light-kit",
        "imgName": "647738.jpg",
        "imgSrc": "https://cdn0.woolworths.media/content/wowproductimages/medium/647738.jpg",
        "name": "White Glo White Accel Blue Light Kit each",
        "price": 35,
        "special": 31.5,
        "unitPrice": "$31.50 / 1EA"
    },
    {
        "category": "specials",
        "href": "https://www.woolworths.com.au/shop/productdetails/630417/we-love-cake-fruit-mince-pies-gluten-free",
        "imgName": "630417.jpg",
        "imgSrc": "https://cdn0.woolworths.media/content/wowproductimages/medium/630417.jpg",
        "name": "We Love Cake Fruit Mince Pies Gluten Free 4pk",
        "price": 6,
        "special": 4.5,
        "unitPrice": "$1.13 / 1EA"
    },
    {
        "category": "specials",
        "href": "https://www.woolworths.com.au/shop/productdetails/632130/quilton-tuffy-paper-towels",
        "imgName": "632130.jpg",
        "imgSrc": "https://cdn0.woolworths.media/content/wowproductimages/medium/632130.jpg",
        "name": "Quilton Tuffy Paper Towels 4ply 8pk",
        "price": 6,
        "special": 5,
        "unitPrice": "$1.04 / 100SS"
    },
    {
        "category": "specials",
        "href": "https://www.woolworths.com.au/shop/productdetails/633612/peters-drumstick-peanut-butter-choc-chip-cookie",
        "imgName": "633612.jpg",
        "imgSrc": "https://cdn0.woolworths.media/content/wowproductimages/medium/633612.jpg",
        "name": "Peters Drumstick Peanut Butter & Choc Chip Cookie 4pk 475ml",
        "price": 8,
        "special": 5,
        "unitPrice": "$1.05 / 100ML"
    },
    {
        "category": "specials",
        "href": "https://www.woolworths.com.au/shop/productdetails/721285/madfish-gold-turtle-semillon-sauvignon-blanc",
        "imgName": "721285.jpg",
        "imgSrc": "https://cdn0.woolworths.media/content/wowproductimages/medium/721285.jpg",
        "name": "Madfish Gold Turtle Semillon Sauvignon Blanc  750ml",
        "price": 22,
        "special": 16
    },
    {
        "category": "specials",
        "href": "https://www.woolworths.com.au/shop/productdetails/722976/poise-hourglass-pads-super",
        "imgName": "722976.jpg",
        "imgSrc": "https://cdn0.woolworths.media/content/wowproductimages/medium/722976.jpg",
        "name": "Poise Hourglass Pads Super 28pk",
        "price": 10.16,
        "unitPrice": "$0.36 / 1EA"
    },
    {
        "category": "specials",
        "href": "https://www.woolworths.com.au/shop/productdetails/545757/lynx-you-bodyspray-deodorant",
        "imgName": "545757.jpg",
        "imgSrc": "https://cdn0.woolworths.media/content/wowproductimages/medium/545757.jpg",
        "name": "Lynx You Bodyspray Deodorant 155ml",
        "price": 6,
        "special": 4,
        "unitPrice": "$2.58 / 100ML"
    },
    {
        "category": "specials",
        "href": "https://www.woolworths.com.au/shop/productdetails/587481/cars-3-diecast-singles",
        "imgName": "587481.jpg",
        "imgSrc": "https://cdn0.woolworths.media/content/wowproductimages/medium/587481.jpg",
        "name": "Cars 3 Diecast Singles  1ea",
        "price": 11,
        "special": 6
    },
    {
        "category": "specials",
        "href": "https://www.woolworths.com.au/shop/productdetails/632910/huggies-wipes-with-coconut",
        "imgName": "632910.jpg",
        "imgSrc": "https://cdn0.woolworths.media/content/wowproductimages/medium/632910.jpg",
        "name": "Huggies Wipes With Coconut  3x80pk",
        "price": 14,
        "special": 9,
        "unitPrice": "$3.75 / 100EA"
    },
    {
        "category": "specials",
        "href": "https://www.woolworths.com.au/shop/productdetails/629969/thankyou-jumbo-nappies-junior-16kg-",
        "imgName": "629969.jpg",
        "imgSrc": "https://cdn0.woolworths.media/content/wowproductimages/medium/629969.jpg",
        "name": "Thankyou Jumbo Nappies Junior 16kg+ 60ea",
        "price": 33,
        "special": 25,
        "unitPrice": "$0.42 / 1EA"
    },
    {
        "category": "specials",
        "href": "https://www.woolworths.com.au/shop/productdetails/630344/della-rosa-salami-cacciatre-pizza",
        "imgName": "630344.jpg",
        "imgSrc": "https://cdn0.woolworths.media/content/wowproductimages/medium/630344.jpg",
        "name": "Della Rosa Salami Cacciatre Pizza 460g",
        "price": 6.5,
        "unitPrice": "$1.41 / 100G"
    },
    {
        "category": "specials",
        "href": "https://www.woolworths.com.au/shop/productdetails/630388/cadbury-eclairs",
        "imgName": "630388.jpg",
        "imgSrc": "https://cdn0.woolworths.media/content/wowproductimages/medium/630388.jpg",
        "name": "Cadbury Eclairs  420g",
        "price": 10,
        "special": 5,
        "unitPrice": "$1.19 / 100G"
    },
    {
        "category": "specials",
        "href": "https://www.woolworths.com.au/shop/productdetails/583232/lindor-summer-fruit-gift-box",
        "imgName": "583232.jpg",
        "imgSrc": "https://cdn0.woolworths.media/content/wowproductimages/medium/583232.jpg",
        "name": "Lindor Summer Fruit Gift Box 147g",
        "price": 12.5,
        "special": 6,
        "unitPrice": "$4.08 / 100G"
    },
    {
        "category": "specials",
        "href": "https://www.woolworths.com.au/shop/productdetails/626848/toscano-italian-white-sourdough",
        "imgName": "626848.jpg",
        "imgSrc": "https://cdn0.woolworths.media/content/wowproductimages/medium/626848.jpg",
        "name": "Toscano Italian White Sourdough  400g",
        "price": 4.5,
        "special": 3.5,
        "unitPrice": "$0.88 / 100G"
    },
    {
        "category": "specials",
        "href": "https://www.woolworths.com.au/shop/productdetails/660180/organix-goodies-mini-gingerbread-men-biscuits",
        "imgName": "660180.jpg",
        "imgSrc": "https://cdn0.woolworths.media/content/wowproductimages/medium/660180.jpg",
        "name": "Organix Goodies Mini Gingerbread Men Biscuits 25g",
        "price": 2,
        "special": 1.5,
        "unitPrice": "$6.00 / 100G"
    },
    {
        "category": "specials",
        "href": "https://www.woolworths.com.au/shop/productdetails/702389/pandaroo-drinks-coconut-water",
        "imgName": "702389.jpg",
        "imgSrc": "https://cdn0.woolworths.media/content/wowproductimages/medium/702389.jpg",
        "name": "Pandaroo Drinks Coconut Water 310ml",
        "price": 1.75,
        "special": 1.4,
        "unitPrice": "$4.52 / 1L"
    },
    {
        "category": "specials",
        "href": "https://www.woolworths.com.au/shop/productdetails/702598/lynx-women-anti-perspirant-deodorant-excite",
        "imgName": "702598.jpg",
        "imgSrc": "https://cdn0.woolworths.media/content/wowproductimages/medium/702598.jpg",
        "name": "Lynx Women Anti Perspirant Deodorant Excite 96g",
        "price": 6,
        "special": 4,
        "unitPrice": "$4.17 / 100G"
    },
    {
        "category": "specials",
        "href": "https://www.woolworths.com.au/shop/productdetails/696312/homebrand-utensil-non-stick-knives",
        "imgName": "696312.jpg",
        "imgSrc": "https://cdn0.woolworths.media/content/wowproductimages/medium/696312.jpg",
        "name": "Homebrand Utensil Non Stick Knives 3pk",
        "price": 8
    },
    {
        "category": "specials",
        "href": "https://www.woolworths.com.au/shop/productdetails/696327/woolworths-instant-soup-roast-chicken-with-noodles",
        "imgName": "696327.jpg",
        "imgSrc": "https://cdn0.woolworths.media/content/wowproductimages/medium/696327.jpg",
        "name": "Woolworths Instant Soup Roast Chicken With Noodles 75g",
        "price": 1,
        "unitPrice": "$2.00 / 100G"
    },
    {
        "category": "specials",
        "href": "https://www.woolworths.com.au/shop/productdetails/587116/woolworths-choc-chip-minis",
        "imgName": "587116.jpg",
        "imgSrc": "https://cdn0.woolworths.media/content/wowproductimages/medium/587116.jpg",
        "name": "Woolworths Choc Chip Minis 8pk 180g",
        "price": 2.5,
        "unitPrice": "$1.39 / 100G"
    },
    {
        "category": "specials",
        "href": "https://www.woolworths.com.au/shop/productdetails/588032/sunbites-cheddar-chives-snack-crackers-with-quinoa",
        "imgName": "588032.jpg",
        "imgSrc": "https://cdn0.woolworths.media/content/wowproductimages/medium/588032.jpg",
        "name": "Sunbites Cheddar & Chives Snack Crackers With Quinoa 120g",
        "price": 3.5,
        "special": 2.5,
        "unitPrice": "$2.08 / 100G"
    },
    {
        "category": "specials",
        "href": "https://www.woolworths.com.au/shop/productdetails/578393/fantastic-rice-crackers-honey-soy",
        "imgName": "578393.jpg",
        "imgSrc": "https://cdn0.woolworths.media/content/wowproductimages/medium/578393.jpg",
        "name": "Fantastic Rice Crackers Honey & Soy 100g",
        "price": 1.95,
        "special": 1.5,
        "unitPrice": "$1.50 / 100G"
    },
    {
        "category": "specials",
        "href": "https://www.woolworths.com.au/shop/productdetails/551887/lavazza-prontissimo-classico-freeze-dried-coffee",
        "imgName": "551887.jpg",
        "imgSrc": "https://cdn0.woolworths.media/content/wowproductimages/medium/551887.jpg",
        "name": "Lavazza Prontissimo Classico Freeze Dried Coffee 95g",
        "price": 10,
        "special": 7,
        "unitPrice": "$7.37 / 100G"
    },
    {
        "category": "specials",
        "href": "https://www.woolworths.com.au/shop/productdetails/534798/hansells-all-natural-fruit-syrup-old-fashioned-lemonade-with-key-lime-extract",
        "imgName": "534798.jpg",
        "imgSrc": "https://cdn0.woolworths.media/content/wowproductimages/medium/534798.jpg",
        "name": "Hansells All Natural Fruit Syrup Old Fashioned Lemonade With Key Lime Extract 750ml",
        "price": 5.99,
        "special": 5,
        "unitPrice": "$6.67 / 1L"
    },
    {
        "category": "specials",
        "href": "https://www.woolworths.com.au/shop/productdetails/662547/zyrtec-tablets-10mg",
        "imgName": "662547.jpg",
        "imgSrc": "https://cdn0.woolworths.media/content/wowproductimages/medium/662547.jpg",
        "name": "Zyrtec Tablets 10mg 10pk",
        "price": 13,
        "special": 12,
        "unitPrice": "$1.20 / 1EA"
    },
    {
        "category": "specials",
        "href": "https://www.woolworths.com.au/shop/productdetails/664185/vegemite-blend-17",
        "imgName": "664185.jpg",
        "imgSrc": "https://cdn0.woolworths.media/content/wowproductimages/medium/664185.jpg",
        "name": "Vegemite Blend 17  150g",
        "price": 7,
        "special": 3.5,
        "unitPrice": "$2.33 / 100G"
    },
    {
        "category": "specials",
        "href": "https://www.woolworths.com.au/shop/productdetails/659171/mission-gourmet-pizza-base-wholemeal",
        "imgName": "659171.jpg",
        "imgSrc": "https://cdn0.woolworths.media/content/wowproductimages/medium/659171.jpg",
        "name": "Mission Gourmet Pizza Base Wholemeal 400g 1pk",
        "price": 4.99,
        "special": 2.99,
        "unitPrice": "$0.75 / 100G"
    },
    {
        "category": "specials",
        "href": "https://www.woolworths.com.au/shop/productdetails/660316/bonds-womens-logo-light-weight-size-3-8",
        "imgName": "660316.jpg",
        "imgSrc": "https://cdn0.woolworths.media/content/wowproductimages/medium/660316.jpg",
        "name": "Bonds Womens Logo Light Weight Size 3-8 4pk",
        "price": 14,
        "special": 7
    },
    {
        "category": "specials",
        "href": "https://www.woolworths.com.au/shop/productdetails/661324/winn-mixed-peel",
        "imgName": "661324.jpg",
        "imgSrc": "https://cdn0.woolworths.media/content/wowproductimages/medium/661324.jpg",
        "name": "Winn Mixed Peel  250g",
        "price": 3,
        "special": 1.5,
        "unitPrice": "$6.00 / 1KG"
    },
    {
        "category": "specials",
        "href": "https://www.woolworths.com.au/shop/productdetails/666362/kiri-greek-style-spreadable-cream-cheese",
        "imgName": "666362.jpg",
        "imgSrc": "https://cdn0.woolworths.media/content/wowproductimages/medium/666362.jpg",
        "name": "Kiri Greek Style Spreadable Cream Cheese 200g",
        "price": 4.5,
        "special": 3,
        "unitPrice": "$15.00 / 1KG"
    },
    {
        "category": "specials",
        "href": "https://www.woolworths.com.au/shop/productdetails/648168/sustagen-hospital-formula-active-plus-fibre-vanilla-flavour",
        "imgName": "648168.jpg",
        "imgSrc": "https://cdn0.woolworths.media/content/wowproductimages/medium/648168.jpg",
        "name": "Sustagen Hospital Formula Active Plus Fibre Vanilla Flavour 480g",
        "price": 17.5,
        "special": 14,
        "unitPrice": "$2.92 / 100G"
    },
    {
        "category": "specials",
        "href": "https://www.woolworths.com.au/shop/productdetails/695489/woolworths-frozen-meal-chicken-satay-rice",
        "imgName": "695489.jpg",
        "imgSrc": "https://cdn0.woolworths.media/content/wowproductimages/medium/695489.jpg",
        "name": "Woolworths Frozen Meal Chicken Satay & Rice 375g",
        "price": 3,
        "unitPrice": "$0.80 / 100G"
    },
    {
        "category": "specials",
        "href": "https://www.woolworths.com.au/shop/productdetails/705169/five-am-organic-vanilla-bean-yoghurt",
        "imgName": "705169.jpg",
        "imgSrc": "https://cdn0.woolworths.media/content/wowproductimages/medium/705169.jpg",
        "name": "Five:am Organic Vanilla Bean Yoghurt 700g"
    },
    {
        "category": "specials",
        "href": "https://www.woolworths.com.au/shop/productdetails/713466/k-roo-kangaroo-burger",
        "imgName": "713466.jpg",
        "imgSrc": "https://cdn0.woolworths.media/content/wowproductimages/medium/713466.jpg",
        "name": "K Roo Kangaroo Burger 440g",
        "price": 5.49,
        "unitPrice": "$12.48 / 1KG"
    },
    {
        "category": "specials",
        "href": "https://www.woolworths.com.au/shop/productdetails/727249/carnaby-street-liquorice-allsorts-gift-box",
        "imgName": "727249.jpg",
        "imgSrc": "https://cdn0.woolworths.media/content/wowproductimages/medium/727249.jpg",
        "name": "Carnaby Street Liquorice Allsorts Gift Box 1kg",
        "price": 10,
        "special": 6,
        "unitPrice": "$0.60 / 100G"
    },
    {
        "category": "specials",
        "href": "https://www.woolworths.com.au/shop/productdetails/740054/tasti-nut-bar-value-pack-mega-nuts-double-choc",
        "imgName": "740054.jpg",
        "imgSrc": "https://cdn0.woolworths.media/content/wowproductimages/medium/740054.jpg",
        "name": "Tasti Nut Bar Value Pack Mega Nuts Double Choc 480g",
        "price": 5,
        "unitPrice": "$1.04 / 100G"
    },
    {
        "category": "specials",
        "href": "https://www.woolworths.com.au/shop/productdetails/717690/woolworths-free-from-gluten-fruit-mince-bites",
        "imgName": "717690.jpg",
        "imgSrc": "https://cdn0.woolworths.media/content/wowproductimages/medium/717690.jpg",
        "name": "Woolworths Free From Gluten Fruit Mince Bites 8pk 260g",
        "price": 6,
        "special": 4.5,
        "unitPrice": "$1.73 / 100G"
    },
    {
        "category": "specials",
        "href": "https://www.woolworths.com.au/shop/productdetails/743976/three-three-s-apple-sauce-country-style",
        "imgName": "743976.jpg",
        "imgSrc": "https://cdn0.woolworths.media/content/wowproductimages/medium/743976.jpg",
        "name": "Three Three's Apple Sauce Country Style",
        "price": 2.19,
        "special": 1.9,
        "unitPrice": "$0.76 / 100G"
    },
    {
        "category": "specials",
        "href": "https://www.woolworths.com.au/shop/productdetails/744028/homebrand-plasticware-food-storage-round",
        "imgName": "744028.jpg",
        "imgSrc": "https://cdn0.woolworths.media/content/wowproductimages/medium/744028.jpg",
        "name": "Homebrand Plasticware Food Storage Round 600ml 5pk",
        "price": 2,
        "unitPrice": "$0.40 / 1EA"
    },
    {
        "category": "specials",
        "href": "https://www.woolworths.com.au/shop/productdetails/751353/macro-organic-virgin-coconut-oil",
        "imgName": "751353.jpg",
        "imgSrc": "https://cdn0.woolworths.media/content/wowproductimages/medium/751353.jpg",
        "name": "Macro Organic Virgin Coconut Oil  300g",
        "price": 5,
        "unitPrice": "$1.67 / 100G"
    },
    {
        "category": "specials",
        "href": "https://www.woolworths.com.au/shop/productdetails/756098/wicked-sister-vanilla-bean-rice-pudding",
        "imgName": "756098.jpg",
        "imgSrc": "https://cdn0.woolworths.media/content/wowproductimages/medium/756098.jpg",
        "name": "Wicked Sister Vanilla Bean Rice Pudding 500g",
        "price": 5,
        "special": 4,
        "unitPrice": "$0.80 / 100G"
    },
    {
        "category": "specials",
        "href": "https://www.woolworths.com.au/shop/productdetails/753922/gippsland-apple-rhubarb-yoghurt",
        "imgName": "753922.jpg",
        "imgSrc": "https://cdn0.woolworths.media/content/wowproductimages/medium/753922.jpg",
        "name": "Gippsland Apple & Rhubarb Yoghurt 720g",
        "price": 7,
        "special": 5,
        "unitPrice": "$0.69 / 100G"
    },
    {
        "category": "specials",
        "href": "https://www.woolworths.com.au/shop/productdetails/663730/toshiba-sm02-16gb-usb",
        "imgName": "663730.jpg",
        "imgSrc": "https://cdn0.woolworths.media/content/wowproductimages/medium/663730.jpg",
        "name": "Toshiba Sm02 16gb Usb  each",
        "price": 16,
        "special": 11
    },
    {
        "category": "specials",
        "href": "https://www.woolworths.com.au/shop/productdetails/705154/scharzkopf-live-salon-hair-colour-1-0-black",
        "imgName": "705154.jpg",
        "imgSrc": "https://cdn0.woolworths.media/content/wowproductimages/medium/705154.jpg",
        "name": "Scharzkopf Live Salon Hair Colour 1.0 Black each",
        "price": 14,
        "special": 8.4
    },
    {
        "category": "specials",
        "href": "https://www.woolworths.com.au/shop/productdetails/700632/macro-apple-cider-vinegar",
        "imgName": "700632.jpg",
        "imgSrc": "https://cdn0.woolworths.media/content/wowproductimages/medium/700632.jpg",
        "name": "Macro Apple Cider Vinegar 500ml",
        "price": 4,
        "unitPrice": "$0.80 / 100ML"
    },
    {
        "category": "specials",
        "href": "https://www.woolworths.com.au/shop/productdetails/728639/nivea-deodorant-roll-on-sensitive-protect-48h",
        "imgName": "728639.jpg",
        "imgSrc": "https://cdn0.woolworths.media/content/wowproductimages/medium/728639.jpg",
        "name": "Nivea Deodorant Roll On Sensitive Protect 48h 50ml",
        "price": 3.5,
        "unitPrice": "$7.00 / 100ML"
    },
    {
        "category": "specials",
        "href": "https://www.woolworths.com.au/shop/productdetails/729994/zoosh-smoked-salmon-dill-dip",
        "imgName": "729994.jpg",
        "imgSrc": "https://cdn0.woolworths.media/content/wowproductimages/medium/729994.jpg",
        "name": "Zoosh Smoked Salmon & Dill Dip 185g",
        "price": 2.5,
        "special": 2,
        "unitPrice": "$1.08 / 100G"
    },
    {
        "category": "specials",
        "href": "https://www.woolworths.com.au/shop/productdetails/700818/scotch-brite-funky-non-scratch",
        "imgName": "700818.jpg",
        "imgSrc": "https://cdn0.woolworths.media/content/wowproductimages/medium/700818.jpg",
        "name": "Scotch-brite Funky Non Scratch 4pk",
        "price": 4.29,
        "special": 3.43,
        "unitPrice": "$0.86 / 1EA"
    },
    {
        "category": "specials",
        "href": "https://www.woolworths.com.au/shop/productdetails/701109/pea-beu-aerosol-lemon-fik",
        "imgName": "701109.jpg",
        "imgSrc": "https://cdn0.woolworths.media/content/wowproductimages/medium/701109.jpg",
        "name": "Pea Beu Aerosol Lemon Fik 350g",
        "price": 4.5,
        "unitPrice": "$1.29 / 100G"
    },
    {
        "category": "specials",
        "href": "https://www.woolworths.com.au/shop/productdetails/601928/latina-fresh-lunch-pots-pork-veggie-noodles",
        "imgName": "601928.jpg",
        "imgSrc": "https://cdn0.woolworths.media/content/wowproductimages/medium/601928.jpg",
        "name": "Latina Fresh Lunch Pots Pork & Veggie Noodles 300g",
        "price": 6.5,
        "special": 5,
        "unitPrice": "$1.67 / 100G"
    },
    {
        "category": "specials",
        "href": "https://www.woolworths.com.au/shop/productdetails/715661/olay-complete-touch-of-foundation-day-cream-medium",
        "imgName": "715661.jpg",
        "imgSrc": "https://cdn0.woolworths.media/content/wowproductimages/medium/715661.jpg",
        "name": "Olay Complete Touch Of Foundation Day Cream Medium 50ml",
        "price": 14.99,
        "special": 7.49,
        "unitPrice": "$14.98 / 100ML"
    },
    {
        "category": "specials",
        "href": "https://www.woolworths.com.au/shop/productdetails/725808/woolworths-chips-crinkle-cut-original",
        "imgName": "725808.jpg",
        "imgSrc": "https://cdn0.woolworths.media/content/wowproductimages/medium/725808.jpg",
        "name": "Woolworths Chips Crinkle Cut Original 175g",
        "price": 1.8,
        "unitPrice": "$1.03 / 100G"
    },
    {
        "category": "specials",
        "href": "https://www.woolworths.com.au/shop/productdetails/708688/white-wings-cupcake-mix-red-velvet",
        "imgName": "708688.jpg",
        "imgSrc": "https://cdn0.woolworths.media/content/wowproductimages/medium/708688.jpg",
        "name": "White Wings Cupcake Mix Red Velvet 365g",
        "price": 4,
        "unitPrice": "$1.10 / 100G"
    },
    {
        "category": "specials",
        "href": "https://www.woolworths.com.au/shop/productdetails/708842/heinz-food-8-months-alphabet-pasta-tomato-beef",
        "imgName": "708842.jpg",
        "imgSrc": "https://cdn0.woolworths.media/content/wowproductimages/medium/708842.jpg",
        "name": "Heinz Food 8 Months Alphabet Pasta Tomato & Beef 170g",
        "price": 1.5,
        "unitPrice": "$0.88 / 100G"
    },
    {
        "category": "specials",
        "href": "https://www.woolworths.com.au/shop/productdetails/709097/tasti-value-pack-chocolate-peanut",
        "imgName": "709097.jpg",
        "imgSrc": "https://cdn0.woolworths.media/content/wowproductimages/medium/709097.jpg",
        "name": "Tasti Value Pack Chocolate Peanut 420g",
        "price": 5,
        "unitPrice": "$1.19 / 100G"
    },
    {
        "category": "specials",
        "href": "https://www.woolworths.com.au/shop/productdetails/707709/macleans-toothpaste-big-teeth",
        "imgName": "707709.jpg",
        "imgSrc": "https://cdn0.woolworths.media/content/wowproductimages/medium/707709.jpg",
        "name": "Macleans Toothpaste Big Teeth 63g",
        "price": 1.7,
        "unitPrice": "$2.70 / 100G"
    },
    {
        "category": "specials",
        "href": "https://www.woolworths.com.au/shop/productdetails/657415/nature-s-table-chicken-with-vegetables-dry-dog-food",
        "imgName": "657415.jpg",
        "imgSrc": "https://cdn0.woolworths.media/content/wowproductimages/medium/657415.jpg",
        "name": "Nature's Table Chicken With Vegetables Dry Dog Food 6.5kg",
        "price": 35,
        "special": 24,
        "unitPrice": "$0.37 / 100G"
    },
    {
        "category": "specials",
        "href": "https://www.woolworths.com.au/shop/productdetails/650597/gold-tasmanian-smoked-salmon",
        "imgName": "650597.jpg",
        "imgSrc": "https://cdn0.woolworths.media/content/wowproductimages/medium/650597.jpg",
        "name": "Gold Tasmanian Smoked Salmon 300g",
        "price": 18,
        "special": 16,
        "unitPrice": "$53.33 / 1KG"
    },
    {
        "category": "specials",
        "href": "https://www.woolworths.com.au/shop/productdetails/653217/paw-patrol-spinbrush-kids-toothbrush",
        "imgName": "653217.jpg",
        "imgSrc": "https://cdn0.woolworths.media/content/wowproductimages/medium/653217.jpg",
        "name": "Paw Patrol Spinbrush Kids Toothbrush each",
        "price": 11,
        "special": 8.8,
        "unitPrice": "$8.80 / 1EA"
    },
    {
        "category": "specials",
        "href": "https://www.woolworths.com.au/shop/productdetails/723722/napro-palette-1-1-blue-black",
        "imgName": "723722.jpg",
        "imgSrc": "https://cdn0.woolworths.media/content/wowproductimages/medium/723722.jpg",
        "name": "Napro Palette 1-1 Blue Black  each",
        "price": 7.95,
        "unitPrice": "$7.95 / 1EA"
    },
    {
        "category": "specials",
        "href": "https://www.woolworths.com.au/shop/productdetails/724660/huggies-ultra-dry-nappies-infant-4-8kg-boy",
        "imgName": "724660.jpg",
        "imgSrc": "https://cdn0.woolworths.media/content/wowproductimages/medium/724660.jpg",
        "name": "Huggies Ultra Dry Nappies Infant 4-8kg Boy 96pk jumbo",
        "price": 33,
        "special": 28,
        "unitPrice": "$0.29 / 1EA"
    },
    {
        "category": "specials",
        "href": "https://www.woolworths.com.au/shop/productdetails/744664/woolworths-select-disinfectant-eucalyptus",
        "imgName": "744664.jpg",
        "imgSrc": "https://cdn0.woolworths.media/content/wowproductimages/medium/744664.jpg",
        "name": "Woolworths Select Disinfectant Eucalyptus 500ml",
        "price": 1.67,
        "unitPrice": "$0.33 / 100ML"
    },
    {
        "category": "specials",
        "href": "https://www.woolworths.com.au/shop/productdetails/740484/maggie-beer-pate-duck-orange",
        "imgName": "740484.jpg",
        "imgSrc": "https://cdn0.woolworths.media/content/wowproductimages/medium/740484.jpg",
        "name": "Maggie Beer Pate Duck & Orange 120g",
        "price": 7,
        "special": 5,
        "unitPrice": "$41.67 / 1KG"
    },
    {
        "category": "specials",
        "href": "https://www.woolworths.com.au/shop/productdetails/740511/philips-cfl-tornado-cool-daylight-15w-es-base",
        "imgName": "740511.jpg",
        "imgSrc": "https://cdn0.woolworths.media/content/wowproductimages/medium/740511.jpg",
        "name": "Philips Cfl Tornado Cool Daylight 15w Es Base each",
        "price": 6.5,
        "special": 5.2,
        "unitPrice": "$5.20 / 1EA"
    },
    {
        "category": "specials",
        "href": "https://www.woolworths.com.au/shop/productdetails/742305/woolworths-sunscreen-spf-50-",
        "imgName": "742305.jpg",
        "imgSrc": "https://cdn0.woolworths.media/content/wowproductimages/medium/742305.jpg",
        "name": "Woolworths Sunscreen Spf 50+ 1l",
        "price": 9,
        "unitPrice": "$0.90 / 100ML"
    },
    {
        "category": "specials",
        "href": "https://www.woolworths.com.au/shop/productdetails/752049/chobani-low-fat-lemon-yoghurt",
        "imgName": "752049.jpg",
        "imgSrc": "https://cdn0.woolworths.media/content/wowproductimages/medium/752049.jpg",
        "name": "Chobani Low Fat Lemon Yoghurt 170g",
        "price": 2.25,
        "special": 2,
        "unitPrice": "$1.18 / 100G"
    },
    {
        "category": "specials",
        "href": "https://www.woolworths.com.au/shop/productdetails/750964/optimum-adult-dog-food-large-breed-chicken-veg-rice",
        "imgName": "750964.jpg",
        "imgSrc": "https://cdn0.woolworths.media/content/wowproductimages/medium/750964.jpg",
        "name": "Optimum Adult Dog Food Large Breed Chicken Veg & Rice 7kg",
        "price": 26,
        "unitPrice": "$0.37 / 100G"
    },
    {
        "category": "specials",
        "href": "https://www.woolworths.com.au/shop/productdetails/751890/vaalia-kids-lactose-free-yoghurt-pouch-strawberry",
        "imgName": "751890.jpg",
        "imgSrc": "https://cdn0.woolworths.media/content/wowproductimages/medium/751890.jpg",
        "name": "Vaalia Kids Lactose Free Yoghurt Pouch Strawberry 140g",
        "price": 1.9,
        "unitPrice": "$1.36 / 100G"
    },
    {
        "category": "specials",
        "href": "https://www.woolworths.com.au/shop/productdetails/756715/once-upon-a-time-6-months-banana-chocolate-custard",
        "imgName": "756715.jpg",
        "imgSrc": "https://cdn0.woolworths.media/content/wowproductimages/medium/756715.jpg",
        "name": "Once Upon A Time 6 Months Banana Chocolate Custard 120g",
        "price": 1.1,
        "unitPrice": "$0.92 / 100G"
    },
    {
        "category": "specials",
        "href": "https://www.woolworths.com.au/shop/productdetails/754759/poise-hourglass-pads-extra-plus",
        "imgName": "754759.jpg",
        "imgSrc": "https://cdn0.woolworths.media/content/wowproductimages/medium/754759.jpg",
        "name": "Poise Hourglass Pads Extra Plus 20pk",
        "price": 9.99,
        "unitPrice": "$0.50 / 1EA"
    },
    {
        "category": "specials",
        "href": "https://www.woolworths.com.au/shop/productdetails/765711/cottee-s-squeezy-topping-chocolate",
        "imgName": "765711.jpg",
        "imgSrc": "https://cdn0.woolworths.media/content/wowproductimages/medium/765711.jpg",
        "name": "Cottee's Squeezy Topping Chocolate 615g",
        "price": 3.2,
        "unitPrice": "$0.52 / 100G"
    },
    {
        "category": "specials",
        "href": "https://www.woolworths.com.au/shop/productdetails/770298/cenovis-prostate-health-saw-palmetto-3200mg",
        "imgName": "770298.jpg",
        "imgSrc": "https://cdn0.woolworths.media/content/wowproductimages/medium/770298.jpg",
        "name": "Cenovis Prostate Health Saw Palmetto 3200mg 30pk",
        "price": 14.5,
        "unitPrice": "$48.33 / 100EA"
    },
    {
        "category": "specials",
        "href": "https://www.woolworths.com.au/shop/productdetails/768124/chobani-no-fat-honey-yoghurt-pouch",
        "imgName": "768124.jpg",
        "imgSrc": "https://cdn0.woolworths.media/content/wowproductimages/medium/768124.jpg",
        "name": "Chobani No Fat Honey Yoghurt Pouch 140g",
        "price": 2.25,
        "special": 2,
        "unitPrice": "$1.43 / 100G"
    },
    {
        "category": "specials",
        "href": "https://www.woolworths.com.au/shop/productdetails/768532/redheads-bbq-accessory-dual-flame-gasmatch",
        "imgName": "768532.jpg",
        "imgSrc": "https://cdn0.woolworths.media/content/wowproductimages/medium/768532.jpg",
        "name": "Redheads Bbq Accessory Dual Flame Gasmatch each",
        "price": 12.99,
        "special": 8,
        "unitPrice": "$8.00 / 1EA"
    },
    {
        "category": "specials",
        "href": "https://www.woolworths.com.au/shop/productdetails/799523/wolf-blass-original-shiraz-cabernet-blend",
        "imgName": "799523.jpg",
        "imgSrc": "https://cdn0.woolworths.media/content/wowproductimages/medium/799523.jpg",
        "name": "Wolf Blass Original Shiraz Cabernet Blend  750ml",
        "price": 29,
        "special": 22
    },
    {
        "category": "specials",
        "href": "https://www.woolworths.com.au/shop/productdetails/730006/zoosh-gherkin-dip",
        "imgName": "730006.jpg",
        "imgSrc": "https://cdn0.woolworths.media/content/wowproductimages/medium/730006.jpg",
        "name": "Zoosh Gherkin Dip 185g",
        "price": 2.5,
        "special": 2,
        "unitPrice": "$1.08 / 100G"
    },
    {
        "category": "specials",
        "href": "https://www.woolworths.com.au/shop/productdetails/742307/woolworths-active-sport-sunscreen-spf-50-",
        "imgName": "742307.jpg",
        "imgSrc": "https://cdn0.woolworths.media/content/wowproductimages/medium/742307.jpg",
        "name": "Woolworths Active Sport Sunscreen Spf 50+ 250ml",
        "price": 7,
        "unitPrice": "$2.80 / 100ML"
    },
    {
        "category": "specials",
        "href": "https://www.woolworths.com.au/shop/productdetails/748561/u-by-kotex-ultrathins-overnight",
        "imgName": "748561.jpg",
        "imgSrc": "https://cdn0.woolworths.media/content/wowproductimages/medium/748561.jpg",
        "name": "U By Kotex Ultrathins Overnight 10ea",
        "price": 4.5,
        "special": 4,
        "unitPrice": "$0.40 / 1EA"
    },
    {
        "category": "specials",
        "href": "https://www.woolworths.com.au/shop/productdetails/761642/continental-value-pack-pasta-sauce-four-cheeses",
        "imgName": "761642.jpg",
        "imgSrc": "https://cdn0.woolworths.media/content/wowproductimages/medium/761642.jpg",
        "name": "Continental Value Pack Pasta & Sauce Four Cheeses 170g",
        "price": 2.99,
        "unitPrice": "$1.76 / 100G"
    },
    {
        "category": "specials",
        "href": "https://www.woolworths.com.au/shop/productdetails/768567/woolworths-australian-winter-veg-mix",
        "imgName": "768567.jpg",
        "imgSrc": "https://cdn0.woolworths.media/content/wowproductimages/medium/768567.jpg",
        "name": "Woolworths Australian Winter Veg Mix 1kg",
        "price": 3,
        "unitPrice": "$3.00 / 1KG"
    },
    {
        "category": "specials",
        "href": "https://www.woolworths.com.au/shop/productdetails/769446/lucozade-original-energy-drink",
        "imgName": "769446.jpg",
        "imgSrc": "https://cdn0.woolworths.media/content/wowproductimages/medium/769446.jpg",
        "name": "Lucozade Original Energy Drink 380ml",
        "price": 3,
        "special": 2.6,
        "unitPrice": "$6.84 / 1L"
    },
    {
        "category": "specials",
        "href": "https://www.woolworths.com.au/shop/productdetails/770052/woolworths-free-from-gluten-cereal-cornflakes",
        "imgName": "770052.jpg",
        "imgSrc": "https://cdn0.woolworths.media/content/wowproductimages/medium/770052.jpg",
        "name": "Woolworths Free From Gluten Cereal Cornflakes 375g",
        "price": 3,
        "unitPrice": "$0.80 / 100G"
    },
    {
        "category": "specials",
        "href": "https://www.woolworths.com.au/shop/productdetails/780232/adesso-appliance-table-blender",
        "imgName": "780232.jpg",
        "imgSrc": "https://cdn0.woolworths.media/content/wowproductimages/medium/780232.jpg",
        "name": "Adesso Appliance Table Blender 1.5l",
        "price": 39,
        "special": 31.2
    },
    {
        "category": "specials",
        "href": "https://www.woolworths.com.au/shop/productdetails/780703/ferrero-collection-chocolates-t15-rocher-rondnoir-raffaello",
        "imgName": "780703.jpg",
        "imgSrc": "https://cdn0.woolworths.media/content/wowproductimages/medium/780703.jpg",
        "name": "Ferrero Collection Chocolates T15 Rocher Rondnoir Raffaello 15pk 172g",
        "price": 12.6,
        "special": 8,
        "unitPrice": "$4.65 / 100G"
    },
    {
        "category": "specials",
        "href": "https://www.woolworths.com.au/shop/productdetails/710366/wolf-blass-shiraz-cabernet-grey-label",
        "imgName": "710366.jpg",
        "imgSrc": "https://cdn0.woolworths.media/content/wowproductimages/medium/710366.jpg",
        "name": "Wolf Blass Shiraz Cabernet Grey Label 750ml",
        "price": 43,
        "special": 36
    },
    {
        "category": "specials",
        "href": "https://www.woolworths.com.au/shop/productdetails/710451/only-organic-food-rice-cakes-snack-strawberry-yoghurt",
        "imgName": "710451.jpg",
        "imgSrc": "https://cdn0.woolworths.media/content/wowproductimages/medium/710451.jpg",
        "name": "Only Organic Food Rice Cakes Snack Strawberry Yoghurt 60g",
        "price": 4.55,
        "special": 3.5,
        "unitPrice": "$5.83 / 100G"
    },
    {
        "category": "specials",
        "href": "https://www.woolworths.com.au/shop/productdetails/729025/woolworths-tasty-cheese-shredded",
        "imgName": "729025.jpg",
        "imgSrc": "https://cdn0.woolworths.media/content/wowproductimages/medium/729025.jpg",
        "name": "Woolworths Tasty Cheese Shredded 250g",
        "price": 3.5,
        "unitPrice": "$14.00 / 1KG"
    },
    {
        "category": "specials",
        "href": "https://www.woolworths.com.au/shop/productdetails/757230/essentials-serviettes-1ply-white",
        "imgName": "757230.jpg",
        "imgSrc": "https://cdn0.woolworths.media/content/wowproductimages/medium/757230.jpg",
        "name": "Essentials Serviettes 1ply White 500pk",
        "price": 4.5,
        "unitPrice": "$0.01 / 1EA"
    },
    {
        "category": "specials",
        "href": "https://www.woolworths.com.au/shop/productdetails/741969/golden-circle-tropical-fruit-drink",
        "imgName": "741969.jpg",
        "imgSrc": "https://cdn0.woolworths.media/content/wowproductimages/medium/741969.jpg",
        "name": "Golden Circle Tropical Fruit Drink 8x250ml",
        "price": 5,
        "special": 4.5,
        "unitPrice": "$2.25 / 1L"
    },
    {
        "category": "specials",
        "href": "https://www.woolworths.com.au/shop/productdetails/751483/nature-s-gift-treat-chicken-mini",
        "imgName": "751483.jpg",
        "imgSrc": "https://cdn0.woolworths.media/content/wowproductimages/medium/751483.jpg",
        "name": "Nature's Gift Treat Chicken Mini 290g",
        "price": 3.2,
        "special": 2.5,
        "unitPrice": "$0.86 / 100G"
    },
    {
        "category": "specials",
        "href": "https://www.woolworths.com.au/shop/productdetails/766776/optimum-adult-dog-food-chicken-veg-rice-7-years",
        "imgName": "766776.jpg",
        "imgSrc": "https://cdn0.woolworths.media/content/wowproductimages/medium/766776.jpg",
        "name": "Optimum Adult Dog Food Chicken Veg & Rice 7+ Years 2.7kg",
        "price": 17.3,
        "special": 14,
        "unitPrice": "$0.52 / 100G"
    },
    {
        "category": "specials",
        "href": "https://www.woolworths.com.au/shop/productdetails/767950/woolworths-select-lasagne-beef",
        "imgName": "767950.jpg",
        "imgSrc": "https://cdn0.woolworths.media/content/wowproductimages/medium/767950.jpg",
        "name": "Woolworths Select Lasagne Beef 800g",
        "price": 12,
        "special": 9.6,
        "unitPrice": "$1.20 / 100G"
    },
    {
        "category": "specials",
        "href": "https://www.woolworths.com.au/shop/productdetails/696299/inspire-stainless-steel-mixing-bowl-medium",
        "imgName": "696299.jpg",
        "imgSrc": "https://cdn0.woolworths.media/content/wowproductimages/medium/696299.jpg",
        "name": "Inspire Stainless Steel Mixing Bowl Medium each",
        "price": 10
    },
    {
        "category": "specials",
        "href": "https://www.woolworths.com.au/shop/productdetails/700563/fluffy-fragrance-temptations-fabric-softener-spice-allure",
        "imgName": "700563.jpg",
        "imgSrc": "https://cdn0.woolworths.media/content/wowproductimages/medium/700563.jpg",
        "name": "Fluffy Fragrance Temptations Fabric Softener Spice Allure 1l",
        "price": 6.99,
        "special": 5,
        "unitPrice": "$5.00 / 1L"
    },
    {
        "category": "specials",
        "href": "https://www.woolworths.com.au/shop/productdetails/749520/linda-mccartney-sausage-roll-vegetarian",
        "imgName": "749520.jpg",
        "imgSrc": "https://cdn0.woolworths.media/content/wowproductimages/medium/749520.jpg",
        "name": "Linda Mccartney Sausage Roll Vegetarian 6pk 342g",
        "price": 5,
        "unitPrice": "$1.46 / 100G"
    },
    {
        "category": "specials",
        "href": "https://www.woolworths.com.au/shop/productdetails/726089/aunt-betty-s-golden-syrup-steamy-puds",
        "imgName": "726089.jpg",
        "imgSrc": "https://cdn0.woolworths.media/content/wowproductimages/medium/726089.jpg",
        "name": "Aunt Betty's Golden Syrup Steamy Puds 2x95g",
        "price": 4,
        "special": 3,
        "unitPrice": "$1.58 / 100G"
    },
    {
        "category": "specials",
        "href": "https://www.woolworths.com.au/shop/productdetails/770320/woolworths-diced-italian-tomatoes-no-added-salt",
        "imgName": "770320.jpg",
        "imgSrc": "https://cdn0.woolworths.media/content/wowproductimages/medium/770320.jpg",
        "name": "Woolworths Diced Italian Tomatoes No Added Salt 400g",
        "price": 0.8,
        "unitPrice": "$2.00 / 1KG"
    },
    {
        "category": "specials",
        "href": "https://www.woolworths.com.au/shop/productdetails/760472/lindt-lindor-chocolate-bar-milk",
        "imgName": "760472.jpg",
        "imgSrc": "https://cdn0.woolworths.media/content/wowproductimages/medium/760472.jpg",
        "name": "Lindt Lindor Chocolate Bar Milk 38g bar",
        "price": 1.5,
        "unitPrice": "$3.95 / 100G"
    },
    {
        "category": "specials",
        "href": "https://www.woolworths.com.au/shop/productdetails/781425/lake-prespa-red-peppers-fire-roasted",
        "imgName": "781425.jpg",
        "imgSrc": "https://cdn0.woolworths.media/content/wowproductimages/medium/781425.jpg",
        "name": "Lake Prespa Red Peppers Fire Roasted 1kg",
        "price": 7.8,
        "special": 6.8,
        "unitPrice": "$6.80 / 1KG"
    },
    {
        "category": "specials",
        "href": "https://www.woolworths.com.au/shop/productdetails/789144/essentials-paper-bowls-uncoated",
        "imgName": "789144.jpg",
        "imgSrc": "https://cdn0.woolworths.media/content/wowproductimages/medium/789144.jpg",
        "name": "Essentials Paper Bowls Uncoated 20pk",
        "price": 2,
        "unitPrice": "$0.10 / 1EA"
    },
    {
        "category": "specials",
        "href": "https://www.woolworths.com.au/shop/productdetails/765997/urbane-mess-defining-paste",
        "imgName": "765997.jpg",
        "imgSrc": "https://cdn0.woolworths.media/content/wowproductimages/medium/765997.jpg",
        "name": "Urbane Mess Defining Paste  85g",
        "price": 8,
        "special": 6.8,
        "unitPrice": "$8.00 / 100G"
    },
    {
        "category": "specials",
        "href": "https://www.woolworths.com.au/shop/productdetails/773627/simply-fruit-peach-slices-in-syrup",
        "imgName": "773627.jpg",
        "imgSrc": "https://cdn0.woolworths.media/content/wowproductimages/medium/773627.jpg",
        "name": "Simply Fruit Peach Slices In Syrup 825g",
        "price": 2,
        "unitPrice": "$2.42 / 1KG"
    },
    {
        "category": "specials",
        "href": "https://www.woolworths.com.au/shop/productdetails/755542/four-seasons-condoms-naked-closer",
        "imgName": "755542.jpg",
        "imgSrc": "https://cdn0.woolworths.media/content/wowproductimages/medium/755542.jpg",
        "name": "Four Seasons Condoms Naked Closer 12pk",
        "price": 7,
        "special": 6,
        "unitPrice": "$0.50 / 1EA"
    },
    {
        "category": "specials",
        "href": "https://www.woolworths.com.au/shop/productdetails/793193/woolworths-creamy-pasta-salad",
        "imgName": "793193.jpg",
        "imgSrc": "https://cdn0.woolworths.media/content/wowproductimages/medium/793193.jpg",
        "name": "Woolworths Creamy Pasta Salad 400g",
        "price": 4.5,
        "unitPrice": "$1.13 / 100G"
    },
    {
        "category": "specials",
        "href": "https://www.woolworths.com.au/shop/productdetails/801112/macleans-multi-action-toothpaste-whitening",
        "imgName": "801112.jpg",
        "imgSrc": "https://cdn0.woolworths.media/content/wowproductimages/medium/801112.jpg",
        "name": "Macleans Multi Action Toothpaste Whitening 170g",
        "price": 3,
        "unitPrice": "$1.76 / 100G"
    },
    {
        "category": "specials",
        "href": "https://www.woolworths.com.au/shop/productdetails/823887/gelativo-gelato-coffee",
        "imgName": "823887.jpg",
        "imgSrc": "https://cdn0.woolworths.media/content/wowproductimages/medium/823887.jpg",
        "name": "Gelativo Gelato Coffee 1l tub",
        "price": 6,
        "special": 5,
        "unitPrice": "$0.50 / 100ML"
    },
    {
        "category": "specials",
        "href": "https://www.woolworths.com.au/shop/productdetails/787662/obela-hommus-garnished-with-roasted-pinenut",
        "imgName": "787662.jpg",
        "imgSrc": "https://cdn0.woolworths.media/content/wowproductimages/medium/787662.jpg",
        "name": "Obela Hommus Garnished With Roasted Pinenut 220g",
        "price": 4.4,
        "special": 4,
        "unitPrice": "$1.82 / 100G"
    },
    {
        "category": "specials",
        "href": "https://www.woolworths.com.au/shop/productdetails/841055/woolworths-select-froot-rings",
        "imgName": "841055.jpg",
        "imgSrc": "https://cdn0.woolworths.media/content/wowproductimages/medium/841055.jpg",
        "name": "Woolworths Select Froot Rings  300g",
        "price": 2.5,
        "unitPrice": "$0.83 / 100G"
    },
    {
        "category": "specials",
        "href": "https://www.woolworths.com.au/shop/productdetails/841107/woolworths-cocoa-puffs",
        "imgName": "841107.jpg",
        "imgSrc": "https://cdn0.woolworths.media/content/wowproductimages/medium/841107.jpg",
        "name": "Woolworths Cocoa Puffs  400g",
        "price": 2.5,
        "unitPrice": "$0.63 / 100G"
    },
    {
        "category": "specials",
        "href": "https://www.woolworths.com.au/shop/productdetails/799716/espressotoria-capino-black-coffee-capsule-machine",
        "imgName": "799716.jpg",
        "imgSrc": "https://cdn0.woolworths.media/content/wowproductimages/medium/799716.jpg",
        "name": "Espressotoria Capino Black Coffee Capsule Machine each",
        "price": 99,
        "special": 49,
        "unitPrice": "$49.00 / 1EA"
    },
    {
        "category": "specials",
        "href": "https://www.woolworths.com.au/shop/productdetails/854648/toscano-macarons",
        "imgName": "854648.jpg",
        "imgSrc": "https://cdn0.woolworths.media/content/wowproductimages/medium/854648.jpg",
        "name": "Toscano Macarons  144g",
        "price": 9.98,
        "special": 7,
        "unitPrice": "$4.86 / 100G"
    },
    {
        "category": "specials",
        "href": "https://www.woolworths.com.au/shop/productdetails/787500/purina-total-care-tugger-rope-tugger-rope",
        "imgName": "787500.jpg",
        "imgSrc": "https://cdn0.woolworths.media/content/wowproductimages/medium/787500.jpg",
        "name": "Purina Total Care Tugger Rope Tugger Rope each",
        "price": 9.99,
        "special": 7.99,
        "unitPrice": "$7.99 / 1EA"
    },
    {
        "category": "specials",
        "href": "https://www.woolworths.com.au/shop/productdetails/789222/decor-microsafe-container-oblong",
        "imgName": "789222.jpg",
        "imgSrc": "https://cdn0.woolworths.media/content/wowproductimages/medium/789222.jpg",
        "name": "Decor Microsafe Container Oblong 375ml 3pk",
        "price": 8.99,
        "special": 4.49,
        "unitPrice": "$4.49 / 1EA"
    },
    {
        "category": "specials",
        "href": "https://www.woolworths.com.au/shop/productdetails/789845/black-grape-society-pinot-noir-central-otago",
        "imgName": "789845.jpg",
        "imgSrc": "https://cdn0.woolworths.media/content/wowproductimages/medium/789845.jpg",
        "name": "Black Grape Society Pinot Noir Central Otago 750ml bottle",
        "price": 64,
        "special": 50
    },
    {
        "category": "specials",
        "href": "https://www.woolworths.com.au/shop/productdetails/789962/don-footy-frankfurts-skinless",
        "imgName": "789962.jpg",
        "imgSrc": "https://cdn0.woolworths.media/content/wowproductimages/medium/789962.jpg",
        "name": "Don Footy Frankfurts Skinless 600g",
        "price": 6.85,
        "special": 5.5,
        "unitPrice": "$9.17 / 1KG"
    },
    {
        "category": "specials",
        "href": "https://www.woolworths.com.au/shop/productdetails/826506/woolworths-select-shine-and-rinse-aid",
        "imgName": "826506.jpg",
        "imgSrc": "https://cdn0.woolworths.media/content/wowproductimages/medium/826506.jpg",
        "name": "Woolworths Select Shine And Rinse Aid  250ml",
        "price": 1.5,
        "unitPrice": "$0.60 / 100ML"
    },
    {
        "category": "specials",
        "href": "https://www.woolworths.com.au/shop/productdetails/936138/grinders-coffee-beans-espresso",
        "imgName": "936138.jpg",
        "imgSrc": "https://cdn0.woolworths.media/content/wowproductimages/medium/936138.jpg",
        "name": "Grinders Coffee Beans Espresso 1kg",
        "price": 27,
        "special": 20,
        "unitPrice": "$2.00 / 100G"
    },
    {
        "category": "specials",
        "href": "https://www.woolworths.com.au/shop/productdetails/768583/woolworths-australian-brussels-sprouts",
        "imgName": "768583.jpg",
        "imgSrc": "https://cdn0.woolworths.media/content/wowproductimages/medium/768583.jpg",
        "name": "Woolworths Australian Brussels Sprouts 500g"
    },
    {
        "category": "specials",
        "href": "https://www.woolworths.com.au/shop/productdetails/775724/san-marino-spanish-serrano",
        "imgName": "775724.jpg",
        "imgSrc": "https://cdn0.woolworths.media/content/wowproductimages/medium/775724.jpg",
        "name": "San Marino Spanish Serrano  100g",
        "price": 5.99,
        "special": 5,
        "unitPrice": "$50.00 / 1KG"
    },
    {
        "category": "specials",
        "href": "https://www.woolworths.com.au/shop/productdetails/758384/kan-tong-stir-fry-sauce-sweet-sour",
        "imgName": "758384.jpg",
        "imgSrc": "https://cdn0.woolworths.media/content/wowproductimages/medium/758384.jpg",
        "name": "Kan Tong Stir Fry Sauce Sweet & Sour 515g",
        "price": 3.29,
        "unitPrice": "$0.64 / 100G"
    },
    {
        "category": "specials",
        "href": "https://www.woolworths.com.au/shop/productdetails/761556/continental-sour-cream-chives-pasta-sauce-value-pack",
        "imgName": "761556.jpg",
        "imgSrc": "https://cdn0.woolworths.media/content/wowproductimages/medium/761556.jpg",
        "name": "Continental Sour Cream & Chives Pasta & Sauce Value Pack 145g",
        "price": 2.99,
        "unitPrice": "$2.06 / 100G"
    },
    {
        "category": "specials",
        "href": "https://www.woolworths.com.au/shop/productdetails/774412/woolworths-chicken-breast-tempura-nuggets",
        "imgName": "774412.jpg",
        "imgSrc": "https://cdn0.woolworths.media/content/wowproductimages/medium/774412.jpg",
        "name": "Woolworths Chicken Breast Tempura Nuggets 400g",
        "price": 3.59,
        "unitPrice": "$8.98 / 1KG"
    },
    {
        "category": "specials",
        "href": "https://www.woolworths.com.au/shop/productdetails/782550/woolworths-essentials-cookware-frypan",
        "imgName": "782550.jpg",
        "imgSrc": "https://cdn0.woolworths.media/content/wowproductimages/medium/782550.jpg",
        "name": "Woolworths Essentials Cookware Frypan 26cm each",
        "price": 13,
        "special": 9.1
    },
    {
        "category": "specials",
        "href": "https://www.woolworths.com.au/shop/productdetails/782849/woolworths-essentials-cookware-wok",
        "imgName": "782849.jpg",
        "imgSrc": "https://cdn0.woolworths.media/content/wowproductimages/medium/782849.jpg",
        "name": "Woolworths Essentials Cookware Wok 30cm each",
        "price": 24,
        "special": 16.8
    },
    {
        "category": "specials",
        "href": "https://www.woolworths.com.au/shop/productdetails/785129/sorbent-toilet-tissue-hypo-allergenic",
        "imgName": "785129.jpg",
        "imgSrc": "https://cdn0.woolworths.media/content/wowproductimages/medium/785129.jpg",
        "name": "Sorbent Toilet Tissue Hypo Allergenic 20pk",
        "price": 10,
        "unitPrice": "$0.28 / 100SS"
    },
    {
        "category": "specials",
        "href": "https://www.woolworths.com.au/shop/productdetails/789730/naty-by-nature-babycare-nappies-size-4",
        "imgName": "789730.jpg",
        "imgSrc": "https://cdn0.woolworths.media/content/wowproductimages/medium/789730.jpg",
        "name": "Naty By Nature Babycare Nappies Size 4 27pk convnience",
        "price": 13.5,
        "unitPrice": "$0.50 / 1EA"
    },
    {
        "category": "specials",
        "href": "https://www.woolworths.com.au/shop/productdetails/800804/peckish-brown-rice-cracker-lightly-salted",
        "imgName": "800804.jpg",
        "imgSrc": "https://cdn0.woolworths.media/content/wowproductimages/medium/800804.jpg",
        "name": "Peckish Brown Rice Cracker Lightly Salted 100g",
        "price": 2.5,
        "special": 2,
        "unitPrice": "$2.00 / 100G"
    },
    {
        "category": "specials",
        "href": "https://www.woolworths.com.au/shop/productdetails/780339/dolmio-australian-grown-tomato-pasta-sauce-bolognese",
        "imgName": "780339.jpg",
        "imgSrc": "https://cdn0.woolworths.media/content/wowproductimages/medium/780339.jpg",
        "name": "Dolmio Australian Grown Tomato Pasta Sauce Bolognese 500g",
        "price": 3,
        "unitPrice": "$0.60 / 100G"
    },
    {
        "category": "specials",
        "href": "https://www.woolworths.com.au/shop/productdetails/780550/homebrand-ingredients-taco-shells",
        "imgName": "780550.jpg",
        "imgSrc": "https://cdn0.woolworths.media/content/wowproductimages/medium/780550.jpg",
        "name": "Homebrand Ingredients Taco Shells 210g",
        "price": 2.8,
        "unitPrice": "$1.33 / 100G"
    },
    {
        "category": "specials",
        "href": "https://www.woolworths.com.au/shop/productdetails/826422/doritos-corn-chips-cheese-supreme",
        "imgName": "826422.jpg",
        "imgSrc": "https://cdn0.woolworths.media/content/wowproductimages/medium/826422.jpg",
        "name": "Doritos Corn Chips Cheese Supreme 330g",
        "price": 5,
        "special": 3,
        "unitPrice": "$0.91 / 100G"
    },
    {
        "category": "specials",
        "href": "https://www.woolworths.com.au/shop/productdetails/900346/mortein-auto-insect-control-system-odourless",
        "imgName": "900346.jpg",
        "imgSrc": "https://cdn0.woolworths.media/content/wowproductimages/medium/900346.jpg",
        "name": "Mortein Auto Insect Control System Odourless 154g",
        "price": 30,
        "special": 15,
        "unitPrice": "$9.74 / 100G"
    },
    {
        "category": "specials",
        "href": "https://www.woolworths.com.au/shop/productdetails/828143/blackmores-pregnancy-breastfeeding-gold-vitamin-capsules",
        "imgName": "828143.jpg",
        "imgSrc": "https://cdn0.woolworths.media/content/wowproductimages/medium/828143.jpg",
        "name": "Blackmores Pregnancy & Breastfeeding Gold Vitamin Capsules 180pk"
    },
    {
        "category": "specials",
        "href": "https://www.woolworths.com.au/shop/productdetails/828515/sunrice-street-snack-chicken-with-a-kick",
        "imgName": "828515.jpg",
        "imgSrc": "https://cdn0.woolworths.media/content/wowproductimages/medium/828515.jpg",
        "name": "Sunrice Street Snack Chicken With A Kick 200g",
        "price": 4,
        "special": 3,
        "unitPrice": "$1.50 / 100G"
    },
    {
        "category": "specials",
        "href": "https://www.woolworths.com.au/shop/productdetails/828744/woolworths-classic-potato-mash",
        "imgName": "828744.jpg",
        "imgSrc": "https://cdn0.woolworths.media/content/wowproductimages/medium/828744.jpg",
        "name": "Woolworths Classic Potato Mash 475g",
        "price": 5.99,
        "special": 5,
        "unitPrice": "$1.05 / 100G"
    },
    {
        "category": "specials",
        "href": "https://www.woolworths.com.au/shop/productdetails/789424/impluse-body-spray-aerosol-deodorant-illusions",
        "imgName": "789424.jpg",
        "imgSrc": "https://cdn0.woolworths.media/content/wowproductimages/medium/789424.jpg",
        "name": "Impluse Body Spray Aerosol Deodorant Illusions 75ml",
        "price": 4,
        "unitPrice": "$5.33 / 100ML"
    },
    {
        "category": "specials",
        "href": "https://www.woolworths.com.au/shop/productdetails/864941/white-king-4-in-1-in-bowl-power-hanger-mystic-orchid",
        "imgName": "864941.jpg",
        "imgSrc": "https://cdn0.woolworths.media/content/wowproductimages/medium/864941.jpg",
        "name": "White King 4 In 1 In-bowl Power Hanger Mystic Orchid 50g",
        "price": 3.99,
        "special": 3.3,
        "unitPrice": "$6.60 / 100G"
    },
    {
        "category": "specials",
        "href": "https://www.woolworths.com.au/shop/productdetails/826769/kettle-multipack-variety",
        "imgName": "826769.jpg",
        "imgSrc": "https://cdn0.woolworths.media/content/wowproductimages/medium/826769.jpg",
        "name": "Kettle Multipack Variety 15pk",
        "price": 5.5,
        "unitPrice": "$1.98 / 100G"
    },
    {
        "category": "specials",
        "href": "https://www.woolworths.com.au/shop/productdetails/829570/morning-fresh-dishwashing-liquid-passionfruit-pear",
        "imgName": "829570.jpg",
        "imgSrc": "https://cdn0.woolworths.media/content/wowproductimages/medium/829570.jpg",
        "name": "Morning Fresh Dishwashing Liquid Passionfruit & Pear 400ml",
        "price": 3.95,
        "special": 3,
        "unitPrice": "$0.75 / 100ML"
    },
    {
        "category": "specials",
        "href": "https://www.woolworths.com.au/shop/productdetails/930942/four-n-twenty-super-chunky-steak-vegetable",
        "imgName": "930942.jpg",
        "imgSrc": "https://cdn0.woolworths.media/content/wowproductimages/medium/930942.jpg",
        "name": "Four N Twenty Super Chunky Steak & Vegetable 4pk 760g",
        "price": 9,
        "special": 4.5,
        "unitPrice": "$0.59 / 100G"
    },
    {
        "category": "specials",
        "href": "https://www.woolworths.com.au/shop/productdetails/829348/schick-hydro-silk-trimstyle-kit",
        "imgName": "829348.jpg",
        "imgSrc": "https://cdn0.woolworths.media/content/wowproductimages/medium/829348.jpg",
        "name": "Schick Hydro Silk Trimstyle Kit  each",
        "price": 22,
        "special": 11
    },
    {
        "category": "specials",
        "href": "https://www.woolworths.com.au/shop/productdetails/830054/essentials-peg-baskets",
        "imgName": "830054.jpg",
        "imgSrc": "https://cdn0.woolworths.media/content/wowproductimages/medium/830054.jpg",
        "name": "Essentials Peg Baskets  each",
        "price": 2
    },
    {
        "category": "specials",
        "href": "https://www.woolworths.com.au/shop/productdetails/842613/palmolive-naturals-active-nourishment-conditioner",
        "imgName": "842613.jpg",
        "imgSrc": "https://cdn0.woolworths.media/content/wowproductimages/medium/842613.jpg",
        "name": "Palmolive Naturals Active Nourishment Conditioner 350ml",
        "price": 5,
        "special": 4,
        "unitPrice": "$1.14 / 100ML"
    },
    {
        "category": "specials",
        "href": "https://www.woolworths.com.au/shop/productdetails/883005/woolworths-select-double-choc-chip-muffin-4pk",
        "imgName": "883005.jpg",
        "imgSrc": "https://cdn0.woolworths.media/content/wowproductimages/medium/883005.jpg",
        "name": "Woolworths Select Double Choc Chip Muffin 4pk 420g",
        "price": 3.5,
        "unitPrice": "$0.83 / 100G"
    },
    {
        "category": "specials",
        "href": "https://www.woolworths.com.au/shop/productdetails/961133/little-one-s-baby-wipes-scented",
        "imgName": "961133.jpg",
        "imgSrc": "https://cdn0.woolworths.media/content/wowproductimages/medium/961133.jpg",
        "name": "Little One's Baby Wipes Scented 80pk",
        "price": 2,
        "unitPrice": "$2.50 / 100EA"
    },
    {
        "category": "specials",
        "href": "https://www.woolworths.com.au/shop/productdetails/867304/air-wick-life-scents-turquoise-oasis-aerosol",
        "imgName": "867304.jpg",
        "imgSrc": "https://cdn0.woolworths.media/content/wowproductimages/medium/867304.jpg",
        "name": "Air Wick Life Scents Turquoise Oasis Aerosol 208g",
        "price": 5,
        "special": 4,
        "unitPrice": "$1.92 / 100G"
    },
    {
        "category": "specials",
        "href": "https://www.woolworths.com.au/shop/productdetails/873596/handee-ultra-paper-towel-360ss",
        "imgName": "873596.jpg",
        "imgSrc": "https://cdn0.woolworths.media/content/wowproductimages/medium/873596.jpg",
        "name": "Handee Ultra Paper Towel 360ss 6pk",
        "price": 7.5,
        "special": 6,
        "unitPrice": "$1.67 / 100SS"
    },
    {
        "category": "specials",
        "href": "https://www.woolworths.com.au/shop/productdetails/906185/baily-baily-shiraz-folio-barossa-shiraz",
        "imgName": "906185.jpg",
        "imgSrc": "https://cdn0.woolworths.media/content/wowproductimages/medium/906185.jpg",
        "name": "Baily & Baily Shiraz Folio Barossa Shiraz 750ml",
        "price": 16,
        "special": 11
    },
    {
        "category": "specials",
        "href": "https://www.woolworths.com.au/shop/productdetails/940166/nature-s-own-sleep-ezy",
        "imgName": "940166.jpg",
        "imgSrc": "https://cdn0.woolworths.media/content/wowproductimages/medium/940166.jpg",
        "name": "Nature's Own Sleep Ezy  100ea",
        "price": 15,
        "unitPrice": "$15.00 / 100EA"
    },
    {
        "category": "specials",
        "href": "https://www.woolworths.com.au/shop/productdetails/921048/purina-lucky-dog-adult-dog-food-chicken-vegetables-pasta",
        "imgName": "921048.jpg",
        "imgSrc": "https://cdn0.woolworths.media/content/wowproductimages/medium/921048.jpg",
        "name": "Purina Lucky Dog Adult Dog Food Chicken, Vegetables & Pasta 3kg",
        "price": 6.99,
        "special": 4.5,
        "unitPrice": "$0.15 / 100G"
    },
    {
        "category": "specials",
        "href": "https://www.woolworths.com.au/shop/productdetails/939228/smooze-pink-guava-coconut",
        "imgName": "939228.jpg",
        "imgSrc": "https://cdn0.woolworths.media/content/wowproductimages/medium/939228.jpg",
        "name": "Smooze Pink Guava & Coconut  8x65ml",
        "price": 6,
        "unitPrice": "$9.23 / 100G"
    },
    {
        "category": "specials",
        "href": "https://www.woolworths.com.au/shop/productdetails/783398/captain-morgan-spiced-cola",
        "imgName": "783398.jpg",
        "imgSrc": "https://cdn0.woolworths.media/content/wowproductimages/medium/783398.jpg",
        "name": "Captain Morgan Spiced Cola  10x375ml",
        "price": 52,
        "special": 50
    },
    {
        "category": "specials",
        "href": "https://www.woolworths.com.au/shop/productdetails/824734/woolworths-select-snack-bags",
        "imgName": "824734.jpg",
        "imgSrc": "https://cdn0.woolworths.media/content/wowproductimages/medium/824734.jpg",
        "name": "Woolworths Select Snack Bags  50pk",
        "price": 1.6,
        "unitPrice": "$0.03 / 1EA"
    },
    {
        "category": "specials",
        "href": "https://www.woolworths.com.au/shop/productdetails/841896/ocean-spray-craisins-value-bag",
        "imgName": "841896.jpg",
        "imgSrc": "https://cdn0.woolworths.media/content/wowproductimages/medium/841896.jpg",
        "name": "Ocean Spray Craisins Value Bag 280g",
        "price": 6,
        "special": 5,
        "unitPrice": "$17.67 / 1KG"
    },
    {
        "category": "specials",
        "href": "https://www.woolworths.com.au/shop/productdetails/921536/infuzions-bbq-rib-prawn-crackers",
        "imgName": "921536.jpg",
        "imgSrc": "https://cdn0.woolworths.media/content/wowproductimages/medium/921536.jpg",
        "name": "Infuzions Bbq Rib Prawn Crackers 110g",
        "price": 3.49,
        "special": 2,
        "unitPrice": "$1.82 / 100G"
    },
    {
        "category": "specials",
        "href": "https://www.woolworths.com.au/shop/productdetails/884287/artline-fineline-pen-black-0-6mm",
        "imgName": "884287.jpg",
        "imgSrc": "https://cdn0.woolworths.media/content/wowproductimages/medium/884287.jpg",
        "name": "Artline Fineline Pen Black 0.6mm 1pk",
        "price": 3,
        "special": 2.1
    },
    {
        "category": "specials",
        "href": "https://www.woolworths.com.au/shop/productdetails/840782/woolworths-sunscreen-everyday-tube-spf-50-",
        "imgName": "840782.jpg",
        "imgSrc": "https://cdn0.woolworths.media/content/wowproductimages/medium/840782.jpg",
        "name": "Woolworths Sunscreen Everyday Tube Spf 50+ 100ml",
        "price": 3,
        "unitPrice": "$3.00 / 100ML"
    },
    {
        "category": "specials",
        "href": "https://www.woolworths.com.au/shop/productdetails/862233/street-kitchen-yellow-thai-curry-kit",
        "imgName": "862233.jpg",
        "imgSrc": "https://cdn0.woolworths.media/content/wowproductimages/medium/862233.jpg",
        "name": "Street Kitchen Yellow Thai Curry Kit 285g",
        "price": 4.5,
        "unitPrice": "$1.58 / 100G"
    },
    {
        "category": "specials",
        "href": "https://www.woolworths.com.au/shop/productdetails/826363/smith-s-share-pack-crinkle-cut-original",
        "imgName": "826363.jpg",
        "imgSrc": "https://cdn0.woolworths.media/content/wowproductimages/medium/826363.jpg",
        "name": "Smith's Share Pack Crinkle Cut Original 330g",
        "price": 5,
        "special": 3,
        "unitPrice": "$0.91 / 100G"
    },
    {
        "category": "specials",
        "href": "https://www.woolworths.com.au/shop/productdetails/853995/essentials-nylon-potato-masher",
        "imgName": "853995.jpg",
        "imgSrc": "https://cdn0.woolworths.media/content/wowproductimages/medium/853995.jpg",
        "name": "Essentials Nylon Potato Masher  each",
        "price": 2
    },
    {
        "category": "specials",
        "href": "https://www.woolworths.com.au/shop/productdetails/940004/vitaustralia-odourless-fish-oil-1000mg",
        "imgName": "940004.jpg",
        "imgSrc": "https://cdn0.woolworths.media/content/wowproductimages/medium/940004.jpg",
        "name": "Vitaustralia Odourless Fish Oil 1000mg 400pk",
        "price": 17.65,
        "special": 15,
        "unitPrice": "$3.75 / 100EA"
    },
    {
        "category": "specials",
        "href": "https://www.woolworths.com.au/shop/productdetails/948311/fruits-orange-pomegranate-body-wash",
        "imgName": "948311.jpg",
        "imgSrc": "https://cdn0.woolworths.media/content/wowproductimages/medium/948311.jpg",
        "name": "Fruits Orange & Pomegranate Body Wash 500ml",
        "price": 3.99,
        "special": 3,
        "unitPrice": "$0.60 / 100ML"
    }
]